2660 4610
300 297 332 342 m
357 296 517 342 caurrcuu
541 297 742 342 crnrrconnu
765 301 825 343 ms.
852 300 887 342 11.
1039 281 1102 366 457

92 426 306 492 Ornamentum
318 445 393 512 ergo
408 436 440 488 et
458 421 575 489 monile
591 424 719 490 cervicis
741 423 907 502 Ecclesiae‚
924 423 1103 494 obedientia

92 533 196 600 Christi
209 543 262 598 est.
280 531 345 598 Sed
360 543 392 595 et
406 531 511 596 cervix
530 530 696 608 Ecclesiae,
713 533 745 598 id
761 545 808 598 est
822 533 1001 602 obedientia
1015 536 1102 624 ejus,

92 641 186 710 similis
200 640 307 707 allecta
318 650 366 706 est
382 640 569 705 obedientiae
584 639 719 718 Christi,
733 643 819 730 quod
833 655 881 708 est
897 642 1016 709 monile
1031 667 1103 710 cer-

92 752 168 817 vicis.
182 749 287 838 lingna
302 772 379 837 ergo
390 748 422 813 in
438 748 500 814 boc
515 747 585 814 laus
600 772 721 838 sponsae
735 761 802 826 est,
819 774 941 840 magns.
954 751 1103 819 Ecclesiae

89 859 190 948 gloria,
206 856 258 922 ubi
274 857 408 923 imitatio
423 856 609 923 obedientiae
623 859 693 948 ejus
707 871 891 947 exsequntur
915 859 1103 926 obedientiae
1189 933 1197 954 Ι

88 966 206 1042 Gbristi,
224 989 320 1052 quam
335 965 475 1032 imitatur
489 961 640 1032 Ecclesia.
660 967 733 1032 llaec
751 959 828 1055 ipsa
841 967 961 1057 species
973 967 1102 1035 monilis

83 1075 170 1140 ctiam
183 1074 214 1139 in
230 1075 344 1142 Genesi
359 1063 553 1140 memoratur
565 1097 583 1139 a
594 1074 678 1140 luda
691 1074 870 1164 patriarcba
884 1075 1024 1142 Thamar
1039 1099 1103 1142 nu-

82 1184 127 1249 rui
144 1207 221 1259 suas,
242 1183 369 1270 quando
385 1205 460 1250 cum
476 1205 514 1249 ea
531 1183 619 1270 quasi
639 1206 713 1249 cum
730 1184 898 1250 meretrice
910 1184 1101 1260 concubuit,

81 1291 172 1358 data¹.
201 1290 298 1372 Quod
319 1314 383 1356 non
401 1291 553 1357 omnibus
566 1302 662 1379 ¹patet
686 1291 884 1379 mysterium.
913 1281 1106 1382 Intelligitur

84 1423 135 1490 per
148 1400 222 1476 boc,
238 1399 325 1488 quod
336 1398 480 1464 Christus
494 1397 644 1468 Ecclesiae
656 1449 665 1476 ,
678 1422 774 1488 quam
789 1421 829 1465 ex
843 1398 1018 1468 multorum
1030 1401 1105 1490 dog-

86 1517 192 1572 matum
200 1504 419 1595 prostitutione
431 1502 617 1592 collegerat,
633 1504 745 1569 luturae
759 1503 963 1595 perfectionis
975 1504 1043 1572 baec
1052 1506 1106 1571 de-

86 1615 250 1704 ditpignora
260 1628 310 1691 ,et
322 1612 406 1678 istud
418 1612 605 1679 obedientiae
612 1611 729 1679 monile
742 1613 858 1680 cervici
865 1614 894 1702 ej
900 1614 1100 1703 usimposuit.

133 1720 370 1790 «Similitudines
385 1721 452 1788 auri
464 1720 616 1788 faciemus
628 1721 685 1787 tibi
698 1743 772 1787 cum
788 1721 1043 1789 distinctionibus
1058 1747 1107 1790 an

82 1826 197 1916 rgenti,
213 1825 417 1914 quoadusque
431 1847 487 1890 rex
504 1824 544 1889 sit
559 1824 592 1890 in
606 1825 753 1892 recubitu
765 1824 878 1890 suo².»
897 1826 1001 1915 Supra
1025 1827 1106 1892 dixis

76 1957 145 2000 mus
160 1933 243 2022 quod
258 1933 362 2022 specie
379 1931 529 1998 dramatis
549 1929 674 1999 libellus
697 1930 750 2002 bic
768 1933 932 2017 ordinatus
951 1957 1104 2024 persona·

75 2065 144 2109 rum
159 2041 378 2107 immutatione
397 2041 597 2107 contexitur:
618 2053 651 2106 et
673 2062 761 2106 nunc
777 2065 853 2130 ergo
868 2041 1016 2108 ridentur
1034 2042 1105 2109 baec

76 2152 166 2220 amici
176 2150 226 2218 rel
241 2148 361 2217 sodales
375 2149 482 2239 sponsi
500 2149 539 2215 ad
554 2173 701 2238 sponsam
716 2148 837 2227 locuti,
853 2152 908 2239 qui
928 2153 1105 2220 secundum

73 2260 309 2350 intelligentiam
323 2260 492 2348 mysticam
506 2269 558 2334 et,
573 2270 608 2322 ut
622 2281 716 2346 snpra
726 2259 793 2346 jam
809 2258 963 2336 diximus,
977 2272 1032 2327 aut
1043 2261 1109 2327 An«

74 2369 152 2459 geli,
168 2367 218 2435 rel
229 2369 324 2434 etiam
342 2366 526 2455 Prophetae,
539 2377 593 2431 sut
608 2364 795 2454 patriarchae
810 2380 941 2454 possunt
959 2367 1099 2458 intelligi.

71 2478 142 2545 Non
156 2477 243 2542 enim
259 2487 335 2541 tunc
348 2473 451 2541 solum
466 2495 540 2539 cum
559 2485 630 2562 post
644 2474 840 2562 baptismum
853 2475 985 2542 loannis
1000 2477 1032 2542 in
1047 2477 1106 2542 de-

67 2595 155 2648 serto
166 2590 305 2647 tentatus
320 2591 367 2645 est
387 2605 405 2646 a
428 2577 553 2644 diabolo
573 2579 746 2654 Dominus,
769 2592 967 2646 recesserunt
992 2581 1106 2672 Angeli

65 2689 430 2765 otministrareruntei⁸,
440 2688 573 2754 sedante
581 2681 1106 2780 adventumpraesentiaecorporalis

67 2803 327 2868 ministraverunt
346 2821 479 2887 semper.
498 2796 577 2864 Nam
592 2808 624 2860 et
643 2797 708 2862 Lex
723 2797 870 2886 disposita
885 2798 918 2862 in
934 2822 1029 2864 manu
1048 2823 1111 2889 per

68 2907 210 3000 Angelos
225 2908 341 2974 dicitur
351 2906 533 2972 mediatoris
542 2904 564 2970 ⁴.
580 2905 621 2969 Et
640 2903 679 2969 ad
694 2904 843 2970 Hebraeos
861 2905 1002 2974 scribens
1016 2907 1105 2996 Apo-

66 3017 169 3084 stolus
186 3017 283 3084 dicit:
303 3017 357 3083 «Si
372 3016 458 3081 enim
477 3014 531 3101 qui
549 3036 606 3103 per
622 3011 757 3101 Angelos
774 3012 900 3080 babitus
914 3027 963 3080 est
980 3039 1107 3094 sermo,

63 3128 195 3194 »factus
210 3136 259 3191 est
273 3123 383 3189 firmus
392 3123 439 3186 ⁵.»
464 3122 527 3210 lpsi
537 3143 618 3212 ‘ergo
644 3133 734 3185 erant
753 3119 837 3186 velut
849 3133 969 3189 actores
981 3137 1014 3190 et
1028 3149 1105 3215 pro-

61 3247 235 3302 curatores
257 3232 390 3322 rppositi
415 3227 554 3319 parvulae
575 3251 697 3317 sponsae
717 3252 790 3294 cum
815 3229 984 3321 paedagogo
1001 3235 1106 3323 Lege,

63 3344 177 3409 donec
197 3341 362 3430 plenitudo
383 3351 563 3428 temporum
585 3338 723 3412 reniret,
739 3348 771 3401 et
793 3338 935 3404 mitteret
958 3342 1043 3407 Deus
1065 3343 1106 3407 sr-

58 3451 149 3518 lium
162 3473 255 3517 snum
271 3461 381 3515 natum
398 3471 437 3512 ex
447 3445 580 3512 muliere
590 3445 600 3480 ⁶
611 3495 620 3522 ‚
633 3444 752 3511 factum
768 3447 827 3510 sub
838 3446 939 3536 Lege,
956 3461 988 3514 et
1002 3449 1105 3515 addus

53 3572 154 3628 cenet
171 3583 245 3626 eam
269 3560 337 3624 sub.
350 3556 532 3624 auctoribus
551 3566 583 3619 nt
602 3553 860 3643 procuratoribus
881 3566 914 3620 et
935 3559 1106 3647 paedagogo

48 3672 169 3760 Lege,
189 3681 228 3734 ut
242 3668 339 3757 ipsius
355 3665 442 3732 verbi
457 3664 515 3730 Dei
530 3661 656 3739 oscula,
674 3662 850 3731 doctrinam
862 3663 980 3732 scilicet
991 3668 1107 3737 verba„

88 3843 100 3876 ¹
115 3837 191 3890 Gen.
213 3853 324 3887 xxxvru·
341 3861 372 3869 -
386 3833 477 3881 ²Cant.
489 3851 513 3892 r,
533 3849 573 3894 rr,
594 3849 633 3882 ra.
690 3826 797 3882 alllsttb.
816 3847 851 3880 rr.
865 3860 893 3867 -
906 3826 916 3863 ⁴
927 3831 1007 3882 (taras
1023 3849 1066 3890 ru,
1083 3863 1105 3875 -

45 3931 55 3964 ⁵
69 3931 162 3981 Hebr.
176 3947 217 3987 rr,
237 3945 261 3977 n.
273 3956 305 3966 —
317 3922 461 3986 ⁸Gulnt.1r,
476 3926 499 3988 4.
