2744 4624
443 243 475 286 111
501 243 635 287 annulat
657 243 787 288 ttotttut
810 243 885 286 XVll.
1137 243 1172 306 71

81 385 92 402 ’
116 361 260 450 AEgypti
278 381 340 426 una
358 382 433 426 curu
450 371 540 449 petre
558 385 616 427 suo
632 360 728 426 lsrael
743 375 776 426 et
795 359 907 426 sobole
920 357 1135 452 posteritatis
1126 381 1177 422 ro-

128 471 300 536 seruntur
290 482 431 542 1111111111
450 468 531 534 alius
548 492 634 534 nunc
649 492 724 535 cum
740 467 978 534 benedictiones
994 465 1113 532 obituri
1124 487 1178 552 pe·

130 581 233 644 rentis
249 579 425 666 excipiunt,
442 578 522 643 elius
539 601 615 644 eum
631 601 762 666 egressae
780 580 821 643 de
837 577 975 667 AEgypto
991 576 1105 648 tribus,
1126 571 1176 640 vel

131 711 213 756 eum
229 689 261 754 iu
281 690 404 754 deserto
423 699 718 754 commemorantur
733 687 850 776 aliquid
867 710 973 776 agere,
989 684 1038 751 vel
1054 697 1173 750 terram

136 797 382 886 repromissionis
397 796 548 884 ingresse
567 797 600 861 111
614 809 724 862 monte
742 795 842 862 Gebel
861 819 920 886 pro
942 792 1175 862 benedictioni-

136 907 195 970 bus
217 917 250 969 et
271 903 550 970 maledictionibus
574 914 773 978 statuemur,-
794 903 871 970 alius
890 905 986 971 etiem
1003 927 1080 972 cum
1097 903 1174 968 divi-

130 1015 253 1080 sionem
275 1026 369 1078 terrae
396 1011 590 1078 baereditatis
614 1015 697 1077 scite
720 1012 906 1099 suscipiunt.
932 1014 972 1079 Et
992 1013 1025 1077 in
1049 1021 1172 1076 tantum

124 1123 206 1188 ordo
222 1123 281 1187 iste
295 1123 450 1198 variatum
463 1133 499 1187 ut
515 1121 674 1186 interdum
691 1121 820 1210 quidam
837 1145 876 1186 ex
890 1121 964 1210 ipsis
979 1145 1040 1188 nec
1054 1120 1171 1186 adscri-

123 1234 172 1321 pti
195 1232 401 1298 inveniantur
424 1232 457 1296 in
477 1253 622 1298 numere.
646 1230 742 1310 Quod
762 1231 871 1319 utique
898 1244 1022 1298 certum
1041 1241 1170 1297 estnon

127 1344 254 1428 absquo
272 1339 376 1426 eliqua
394 1339 516 1404 ratione
535 1339 661 1413 variari,
686 1350 718 1405 et
735 1349 843 1406 extare
859 1361 970 1408 censes
989 1335 1170 1426 probabiles

133 1449 256 1534 quibus
271 1449 311 1515 in'
327 1446 388 1511 elio
403 1447 472 1512 loeo
486 1445 551 1522 ille,
576 1447 610 1510 iu
629 1446 690 1513 elio
710 1470 783 1511 vero
798 1445 878 1512 alius
893 1448 1086 1536 praeferatur.
1106 1445 1171 1510 Sed

138 1558 179 1622 de
191 1557 243 1622 bis
257 1558 347 1622 nobis
362 1579 445 1622 nuuc
457 1553 654 1650 propositum
670 1581 735 1622 uon
751 1570 798 1622 est
809 1558 871 1622 nisi
884 1581 919 1626 ea
934 1555 1168 1632 tantummodo,

127 1679 230 1755 prout
243 1668 330 1734 Deus
345 1667 477 1741 dederit,
494 1666 653 1755 explicare
669 1691 739 1755 quae
754 1668 786 1732 iu
800 1668 1076 1734 benedictionibus
1091 1691 1169 1756 quas

124 1777 240 1842 mertis
258 1789 401 1864 tempore
420 1799 437 1840 e
460 1789 551 1864 patre
565 1775 741 1863 suscipiunt
756 1777 972 1842 continentur.
994 1776 1074 1856 Quae
1095 1776 1166 1864 qui-

124 1887 203 1952 dem
220 1887 459 1953 benedictiones
473 1910 513 1954 ex
526 1909 566 1951 eo
582 1885 714 1951 fortasse
729 1885 930 1954 solummodo
942 1885 1091 1975 appellari
1107 1910 1167 1974 po-

123 2009 271 2072 tuerunt,
295 1996 382 2085 quod
405 1997 439 2060 111
460 1995 637 2060 novissimis
658 1995 796 2062 dicitur:
815 1997 880 2060 «Et
894 1995 963 2062 haeo
977 1994 1102 2063 locutus
1116 2010 1165 2062 est

124 2133 137 2168 1
151 2106 198 2170 111
212 2115 303 2192 pater
319 2127 433 2169 eorum
448 2117 481 2168 et
496 2105 658 2170 benedixit
673 2102 756 2179 illos,
773 2128 1032 2193 unumquemque
1054 2131 1165 2176 secun·

130 2243 145 2274 1
159 2215 238 2278 dum
250 2213 503 2281 benedictionem
525 2236 615 2278 suam
634 2215 796 2280 benedixit
811 2211 880 2279 illos
892 2213 913 2279 ¹.
929 2244 942 2276 1
959 2216 1116 2282 Caeterum
1131 2218 1163 2284 in
1267 2282 1270 2290 ‚

128 2323 228 2388 initiis
246 2324 297 2388 ubi
311 2335 462 2390 convocat
477 2347 531 2388 eos
546 2335 650 2411 puter,
665 2347 730 2390 non
746 2324 834 2411 quasi
850 2324 891 2388 ad
905 2326 1162 2392 benedictionem

122 2444 297 2506 1011100111
311 2435 364 2499 sed
376 2434 420 2499 ita
433 2433 586 2522 scriptum
598 2445 646 2498 est
658 2456 667 2497 t
680 2459 693 2492 1
705 2430 837 2498 Vocevit
849 2443 955 2496 autem
967 2432 1069 2500 Jacob
1080 2431 1161 2500 lilios

12 2583 15 2588 -
120 2573 135 2604 1
150 2566 242 2636 suos,
259 2556 291 2608 et
310 2543 415 2609 dixit:
439 2542 694 2631 Congregamini,
717 2553 751 2606 ut
774 2540 958 2606 annuntiem
983 2541 1071 2606 vobis
1093 2566 1163 2629 quae

117 2685 130 2714 1
145 2677 322 2720 occursura
335 2666 410 2719 sunt
422 2654 510 2718 vobis
522 2653 554 2719 in
567 2653 743 2718 novissimis
755 2647 868 2717 diebus
880 2649 904 2722 ²..
918 2680 931 2714 1
942 2651 1038 2731 Quod
1051 2653 1159 2739 utique

117 2766 221 2854 magis
245 2763 446 2852 prophetiam
467 2761 635 2850 significat,
655 2785 711 2849 per
735 2785 830 2849 quam
853 2784 922 2849 quae
942 2761 986 2828 cis
1008 2773 1159 2828 eventura
1196 2819 1199 2826 .

114 2885 191 2940 sunt
207 2873 447 2960 praesignantur.
467 2872 503 2936 ln
519 2872 588 2960 ipso
603 2883 711 2936 autem
731 2893 878 2958 corpore,
898 2884 930 2936 et
947 2872 1027 2936 serie
1043 2874 1159 2944 verbo-

114 3005 202 3057 rum,
220 3003 326 3068 neque
348 2979 585 3046 benedictiones
608 2993 746 3056 matum,
769 3003 873 3066 neque
894 2980 1076 3048 futurorum
1093 2981 1160 3050 sole

112 3089 354 3180 praenuntiatio,
379 3100 534 3176 quantum
550 3111 669 3164 mores,
691 3087 741 3154 vel
756 3090 953 3179 propositum
967 3114 1092 3167 eorum,
1110 3093 1158 3158 vel

111 3203 211 3277 etiam
227 3198 375 3288 quaedam
390 3199 473 3263 ab
445 3221 489 3264 ers
504 3211 591 3287 gesta
607 3198 790 3266 notabiliter
805 3211 992 3289 arguuntur.
1013 3201 1093 3281 Quae
1107 3224 1158 3268 111

117 3311 207 3376 uobis
231 3308 440 3396 tripartitam,
457 3319 491 3370 ut
508 3307 542 3371 in
565 3305 633 3371 aliis
650 3306 795 3382 fecimus,
811 3307 1041 3398 explanationis
1056 3321 1157 3376 mate-

121 3418 194 3482 riam
206 3415 354 3504 subjicit,
371 3414 413 3478 ite
431 3427 467 3478 ut
481 3414 723 3480 benedictiones
741 3414 880 3480 historiae
894 3414 1001 3482 locum
1018 3431 1156 3495 servent,

117 3527 279 3616 prophetia
296 3547 373 3590 vero
390 3523 560 3610 mysticum
576 3535 672 3610 atque
688 3523 920 3610 dogmaticum,
938 3546 1066 3590 morum
1083 3549 1152 3599 cor-

112 3637 214 3724 reptio
229 3649 264 3701 et
281 3631 464 3720 objurgatio
480 3629 633 3698 moralem
649 3630 763 3720 dirigat
778 3631 906 3720 stylum.

152 3747 193 3812 ll.
206 3745 363 3816 1111111111,
375 3742 497 3827 inquit,
509 3741 736 3831 primogenitus
748 3765 850 3818 meus,
861 3741 958 3809 virtus
971 3767 1041 3810 mea
1054 3755 1086 3807 et
1098 3743 1155 3816 iui-

142 3877 257 3926 ι1111101.
272 3890 341 3934 xcix,
355 3869 541 3923 111-1111111.
556 3887 578 3920 1.
