2702 4610
376 393 410 438 {tt
436 395 563 479 nonu!
586 393 716 440 ΙΙῸΙΙΗΔ
741 399 782 442 vt.
1039 397 1098 466 129

59 537 153 607 pram
171 516 254 606 lapis
274 515 369 580 durus
384 525 417 580 et
433 513 627 581 incredulus.
645 514 767 583 Verum
791 541 856 584 non
869 529 1002 586 eatenus
1013 532 1050 586 nt
1067 522 1101 586 in

59 623 173 714 lapidis
189 636 303 691 natura
318 635 516 712 permanent,
532 623 589 689 sod
603 624 707 691 donec
722 636 861 692 transeat
879 627 1016 716 populus
1032 630 1099 704 hic,

62 733 202 824 populns
222 733 275 799 hic
294 757 390 822 quem
410 732 567 798 Dominus
590 735 770 820 acquisivit;
788 763 802 798 s
818 738 941 804 caecitas
956 740 1047 803 enim
1061 757 1102 804 ex

67 855 185 932 »parte
200 843 328 932 contigit
343 843 376 907 in
391 841 489 908 lsrael
504 844 685 908 secundum
698 868 846 920 comm,
869 847 972 914 donee
992 847 1095 937 pleni÷

68 979 81 1013 ι
95 949 562 1040 tudogentiumsubinlroiret¹.
574 979 587 1012 s
597 951 681 1016 Cum
689 952 774 1018 enim
781 952 947 1041 plenitudo
956 957 1099 1044 gentium

67 1063 298 1138 subintraverit,
310 1074 392 1127 tunc
406 1061 503 1126 etiam
520 1062 623 1126 omnis
635 1059 744 1138 lsrael,
759 1063 813 1150 qui
829 1085 886 1151 per
896 1063 1099 1132 incredulita

64 1171 99 1237 tis
112 1172 262 1238 duritiam
277 1171 383 1238 iactus
404 1170 507 1236 fuerat
525 1171 607 1237 siout
627 1169 719 1260 lapis,
736 1171 918 1239 salvabitur.
938 1175 979 1240 Et
998 1176 1042 1242 vis
1058 1177 1101 1242 vi·

60 1279 131 1346 dere
147 1280 314 1368 quomodo
330 1278 674 1346 salvabituriapotans
689 1293 750 1357 est,
767 1285 892 1368 inquit,
910 1283 994 1350 Deus
1007 1287 1046 1350 de
1057 1281 1101 1350 la·
1165 1342 1170 1354 .

60 1419 73 1450 ι
85 1391 217 1480 pidibus
228 1390 297 1455 istis
308 1384 459 1456 suscitare
468 1388 551 1455 lilios
559 1389 724 1456 Abrahae².
737 1389 970 1481 »Manentergo
981 1391 1101 1482 lapides

63 1521 168 1573 nunc,
185 1497 292 1564 donec
305 1509 439 1564 transeat
455 1495 593 1586 populns
610 1509 697 1572 tuus,
714 1497 862 1574 Domine,
874 1496 1010 1588 populus
1028 1511 1101 1566 tuus
1224 1509 1226 1514 ’

66 1603 121 1672 hic
144 1627 243 1694 quem
262 1606 427 1693 acquisisti.
445 1605 515 1672 Sed
526 1605 552 1671 si
568 1607 636 1694 ipso
651 1607 804 1672 Dominus
825 1619 950 1674 creator
965 1621 1013 1673 est
1029 1627 1100 1676 om-

66 1713 169 1790 nium,
187 1713 357 1802 videndum
372 1727 421 1780 est
434 1714 597 1804 quomodo
618 1708 673 1782 hic
695 1715 867 1804 acquisisse
889 1717 1014 1783 dicatur
1030 1741 1101 1806 quas

1 1874 2 1878 ,
63 1847 118 1889 sua
130 1847 201 1890 asso
215 1846 280 1889 nan
295 1824 431 1891 dubium
444 1835 503 1890 est.
522 1823 647 1891 Dicitur
661 1835 694 1890 et
708 1825 741 1890 in
758 1824 819 1890 alio
838 1826 964 1892 cantico
980 1827 1101 1894 Dente*

62 1934 199 2001 ronomii
215 1957 249 1999 :a
265 1933 380 2000 Nonne
392 1934 445 2000 hic
455 1934 522 2022 ipse
532 1934 618 2000 Deus
630 1946 715 2009 tuus,
729 1935 783 2021 qui
795 1933 925 2011 fecitte,
938 1947 971 2000 et
982 1933 1101 2002 creavit

61 2057 132 2120 ste,
143 2057 177 2110 et
187 2043 356 2132 acquisivit
371 2043 422 2108 to⁸
436 2043 609 2109 iuvidetnr
620 2042 705 2109 enim
718 2043 934 2132 unusquisque
950 2042 1027 2111 illud
1044 2068 1100 2112 ac·

60 2155 191 2241 quivere
208 2151 294 2240 quod
308 2175 372 2218 non
389 2152 448 2218 fuit
462 2175 566 2220 suum.
585 2152 663 2219 lude
684 2153 821 2240 denique
842 2162 876 2217 et
892 2152 1032 2219 haeretici
1049 2155 1098 2220 di*

65 2273 148 2327 eunt
165 2261 206 2325 do
220 2259 390 2337 salvatore,
403 2261 553 2348 quianon
565 2261 715 2328 erantsui
732 2284 811 2350 quos
824 2263 999 2349 acquisivit.
1015 2262 1097 2328 Dato

63 2368 192 2434 etenim
205 2368 305 2454 pretio
319 2381 474 2436 marcatus
488 2382 537 2435 est
552 2369 698 2436 homines
713 2395 793 2460 quos
812 2370 944 2436 Creator
965 2371 1095 2437 iecerat.

58 2479 104 2544 Et
115 2488 247 2544 certum
257 2489 316 2551 est,
327 2478 703 2566 aiunt,·unumquemque
718 2500 784 2542 non
800 2475 880 2540 illud
890 2497 997 2541 emere
1012 2478 1099 2563 quod

53 2598 224 2654 suamest.
234 2585 406 2674 Apostolus
416 2587 570 2652 enimait:
583 2587 706 2653 «Pretio
715 2586 813 2675 empti
821 2584 920 2651 estis⁴.
931 2613 944 2646 v
954 2583 1099 2650 Sedaudi

50 2697 134 2786 qnid
159 2695 241 2762 dicit
261 2693 440 2783 Propheta:
460 2694 629 2762 ‹Peccatis
646 2677 755 2760 vestris
772 2693 942 2762 venundati
964 2693 1050 2766 estis,
1067 2704 1100 2758 et

51 2837 66 2868 ι
80 2830 145 2896 pro
162 2804 387 2892 iniquitatibus
402 2804 513 2869 vostris
527 2803 632 2869 dimisi
648 2815 784 2870 matrem
800 2799 966 2870 vestram‘.
981 2799 1099 2868 »Vides

50 2939 145 3004 ergo,
160 2915 238 3002 quia
250 2912 311 2978 Dei
323 2912 451 2999 quidem
464 2922 609 2977 creatura
622 2935 732 2977 omncs
744 2929 867 2982 sumus,
884 2909 1099 2997 unusquisque

51 3047 129 3091 vero
145 3021 292 3112 pcccatis
307 3021 371 3086 suis
390 3020 602 3094 venundatur,
623 3031 657 3084 et
678 3043 737 3109 pro
760 3018 979 3106 iniquitatibus
1001 3019 1098 3082 suisa

53 3135 187 3225 proprio
200 3131 357 3198 Crantore
369 3128 512 3195 discedit.
527 3127 588 3193 Dei
598 3129 693 3216 igitur
705 3151 813 3194 sumus
825 3129 1001 3194 secundum
1013 3129 1099 3215 qnod

53 3247 97 3310 ab
112 3267 152 3308 eo
167 3240 270 3309 creati
282 3262 402 3311 sumus.
417 3237 531 3304 Effecti
544 3260 619 3303 vero
630 3261 740 3303 sumus
753 3237 832 3303 servi
845 3234 975 3311 diaboli,
988 3259 1100 3303 seeun-

56 3351 232 3439 dumquod
244 3347 512 3438 peccatisnostris
524 3347 696 3412 venundati
708 3369 827 3412 snmus.
844 3344 981 3411 Veniens
992 3357 1099 3410 autem

62 3457 210 3524 Christus
219 3457 357 3524 redemit
371 3478 442 3532 nos,
460 3479 536 3523 eum
548 3457 736 3522 serviremus
752 3455 795 3522 illi
812 3456 942 3521 domino
956 3449 1007 3520 cui
1024 3477 1099 3548 nos·
1124 3541 1130 3550 .

59 3566 215 3654 metipsos
233 3565 399 3655 peccando
425 3564 634 3631 vendidimus.
663 3567 703 3631 Et
727 3566 769 3631 ita·
795 3567 919 3632 videtur
944 3561 1097 3652 tanquam
1171 3626 1174 3633 .

53 3697 135 3740 snos
149 3673 278 3763 quidem
294 3673 452 3762 recepisse
468 3696 547 3761 quos
562 3686 736 3750 creaverat,
748 3685 900 3764 tanquam
913 3673 1033 3740 alienos
1044 3665 1100 3738 iu-

53 3797 127 3849 tem
147 3783 332 3873 acquisisse,
350 3783 423 3870 quia
443 3781 581 3848 alienum
599 3783 658 3850 sibi
679 3783 847 3851 dominum
864 3785 928 3850 siva
948 3773 1116 3876 variando}¹
1143 3757 1163 3804 '⁹

1095 3907 1100 3938 l

90 3942 190 4067 'slim'
206 3958 242 3998 ιι.
256 3945 294 3992 2⁵.
304 3971 336 3982 -
345 3942 358 3977 ¹
368 3943 461 3992 Marah.
473 3961 544 4008 ru,9.
553 3970 585 3981 ·-
596 3943 606 3978 ⁸
619 3945 699 3996 Deut.
717 3962 796 4007 xurr,
806 3945 830 3996 6.
840 3945 890 3985 ..t
904 3963 914 3994 ι
926 3943 986 3994 Cor.
998 3960 1044 3998 sss,
1055 3942 1092 3992 23.

53 4045 89 4056 -
141 4035 185 4068 aas.
201 4037 224 4079 ι,
239 4036 261 4066 ι.
1028 4035 1029 4042 ’
1064 4029 1067 4036 “

199 4121 253 4169 lx.
948 4130 968 4193 9
