2734 4594
226 237 290 316 144
673 245 815 298 oniensis

173 395 186 460 Ι·
222 377 353 442 »sistant
377 371 542 440 adversum
565 395 616 438 me
635 385 757 448 eastre,
778 395 842 438 non
864 367 988 437 timebit
1009 393 1064 438 eor
1080 365 1241 437 meum.Si

221 495 372 570 »exurgat
382 482 415 544 iu
431 501 482 546 me
493 478 655 568 praelium,
674 480 707 544 iu
722 479 785 545 hoe
803 501 862 567 ego
877 479 1042 566 sperabo&
1058 477 1243 544 »Confiden-

221 601 270 654 ter
281 589 365 653 dicut
376 611 384 650 ε
396 587 569 652 «Dominus
578 581 766 650 illuminatio
773 607 843 650 mes
855 597 889 649 et
899 582 983 649 salus
1004 605 1094 660 mssa
1104 603 1195 670 quom
1207 585 1243 647 ti-

221 691 523 759 smeltolllomiuus
539 701 701 780 protector
712 693 781 757 vitat
792 713 890 766 mem,
904 715 921 755 a
936 711 1002 778 quo
1015 689 1237 778 trepidabo¹is

220 799 284 866 Sed
300 823 341 866 no
357 823 413 863 nos
429 799 586 864 deterreat
604 797 673 863 talis
690 798 748 862 ista
765 795 896 872 militia,
914 794 991 861 nihil
1007 797 1040 860 in
1055 817 1090 860 se
1108 795 1243 869 diffidit,

222 905 300 972 nihil
316 906 468 982 arduum,
487 918 540 970 aut
555 903 747 993 impossihile
763 904 915 969 eontinet.
930 903 985 968 Vis
1001 904 1082 970 seire
1098 925 1192 990 quam
1204 904 1246 969 ls-

224 1013 284 1080 oile
300 1014 339 1078 sit
352 1013 484 1101 implere
496 1015 564 1080 haee
574 1012 681 1078 in-lide
698 1011 927 1077 militantibus?
937 1009 1049 1077 Solent
1059 1012 1092 1076 iu
1104 1011 1172 1076 letis
1185 1033 1246 1076 cas-

222 1121 278 1186 tris
291 1142 372 1208 saepe
383 1121 478 1186 etiam
489 1119 636 1186 mulieres
649 1120 792 1194 vincere,
805 1121 878 1206 quia
890 1141 954 1182 uon
966 1119 1109 1208 corporis
1120 1119 1247 1190 miore,

221 1227 278 1292 sed
298 1225 372 1291 fidei
392 1228 508 1292 virtute
526 1239 693 1316 pugnatur.
717 1226 753 1290 ln
773 1225 986 1313 superioribus
1005 1224 1037 1289 in
1054 1225 1118 1291 hoe
1135 1226 1200 1314 ipso
1212 1225 1249 1290 li-

222 1327 306 1394 bello
317 1329 469 1396 ludioum
481 1329 612 1418 legimus
624 1330 664 1394 de
675 1329 833 1395 Debborae
844 1327 984 1394 mulieris
996 1329 1168 1417 triumphis
1177 1380 1185 1405 ,
1195 1353 1251 1395 neo

221 1436 402 1502 loeminoam
423 1449 565 1502 mentem
586 1434 750 1500 muliebris
767 1434 902 1500 formido
919 1435 1068 1500 turbavit.
1091 1435 1179 1516 Quid
1196 1459 1252 1524 ego

222 1542 308 1608 illam
319 1542 521 1631 magnificam
531 1553 564 1607 et
580 1543 723 1608 omniurn
735 1542 936 1608 faeminarum
952 1540 1183 1610 nobilissimam
1194 1565 1254 1606 me

221 1671 344 1716 morem
359 1649 495 1714 ludithl
509 1673 579 1736 quae
599 1651 665 1737 jam
680 1649 809 1737 perditis
830 1671 911 1736 pene
933 1650 1027 1714 rebus
1046 1672 1113 1714 non
1133 1650 1254 1716 dubitu-

221 1757 265 1820 vit
282 1755 347 1822 sola
359 1749 563 1833 succurrere,
577 1778 673 1843 seque
688 1778 844 1842 suumque
859 1767 955 1842 eaput
965 1756 1186 1822 immanissimi
1198 1757 1254 1822 llo

222 1861 383 1950 lophernis
397 1863 467 1928 uoci
484 1861 549 1928 sola
565 1863 741 1950 subjicere,
752 1873 784 1926 et
796 1862 947 1950 prooessit
961 1861 1002 1927 ad
1016 1861 1140 1930 bellum
1151 1863 1252 1928 nonin

223 1969 335 2043 armis,
353 1991 455 2055 neque
475 1970 507 2033 iu
525 1970 614 2057 equis
630 1966 768 2044 bellicis,
786 1971 889 2034 autin
908 1969 1056 2034 subsidiis
1072 1969 1252 2035 militaribus

220 2074 318 2150 freta,
335 2076 390 2140 sed
411 2077 525 2141 virtute
545 2077 660 2152 animi,
677 2088 711 2140 et
731 2076 922 2142 confidentia
941 2075 1038 2151 fidoi,
1061 2077 1186 2142 oonsilio
1204 2077 1248 2139 si-

221 2181 288 2248 mul
304 2194 336 2246 ot
348 2183 478 2249 audacia
493 2184 617 2249 hostem
632 2183 776 2271 perimit'
791 2207 799 2248 a
812 2195 845 2248 et
858 2205 954 2271 quam
966 2183 1024 2248 viri
1036 2183 1247 2271 perditionem,

220 2288 345 2354 foemina
360 2289 496 2355 reddidit
514 2289 694 2355 libertatem
705 2290 824 2377 patriae.
842 2291 882 2354 Et
894 2289 970 2376 quid
982 2289 1151 2378 tamlongo
1168 2290 1257 2356 uobis

222 2397 425 2483 antiquorum
440 2395 582 2484 exempla
599 2396 812 2462 revolvimus?
823 2397 861 2462 ln
872 2395 972 2461 oeulis
987 2397 1103 2462 nostris
1118 2419 1201 2486 saepe
1211 2400 1259 2462 vi-

222 2504 325 2569 dimus
338 2503 486 2569 mulieres
497 2515 529 2570 et
538 2505 672 2592 virgines
686 2505 795 2592 primae
806 2504 911 2570 adluuo
922 2505 1022 2570 astatis
1034 2528 1095 2594 pro
1107 2508 1263 2593 martyrio

134 2661 138 2667 .
222 2612 385 2698 tyrannica
397 2610 561 2700 pertulisse
572 2622 731 2676 tormenta
741 2662 749 2687 ,
759 2611 874 2698 quibus
887 2611 926 2675 ud
938 2611 1159 2678 infirmitatem
1171 2635 1266 2678 sexus
1363 2599 1365 2670 l

221 2716 352 2784 novellae
364 2717 468 2783 adhue
484 2719 554 2782 vitae
569 2716 718 2805 fragilitas
730 2717 916 2783 addebatur.
931 2718 985 2784 sio
1000 2741 1076 2807 orgo
1091 2721 1124 2784 in
1140 2719 1192 2784 his
1208 2721 1266 2808 qui

221 2825 359 2892 militant
379 2825 527 2899 veritate,
546 2824 602 2889 sed
619 2836 651 2888 et
673 2825 725 2911 qui
746 2823 883 2890 militant
901 2824 987 2899 Deo,
1010 2847 1074 2890 uon
1096 2828 1268 2914 corporis,

221 2932 276 2998 sed
292 2931 388 2996 animi
400 2931 551 2996 fortitudo
563 2931 733 3017 requiritur
747 2953 755 2994 ε
769 2931 919 3018 quianon
936 2929 1047 3018 jaculis
1062 2931 1195 3008 laureis,
1210 2934 1270 2998 sed
1363 2939 1364 2962 ¹

222 3023 401 3104 orationum
418 3035 487 3102 telis
506 3037 636 3103 victoria
651 3037 819 3123 quaeritur‚
835 3050 868 3102 et
885 3038 963 3104 lidos
978 3051 1027 3103 est
1047 3061 1117 3124 quan
1135 3041 1172 3105 iu
1191 3061 1272 3106 oer-
1362 3107 1363 3120 2

220 3145 338 3210 tamine
358 3143 556 3210 tolerantiam
576 3145 708 3233 praebet.
729 3141 818 3209 Unde
838 3157 871 3209 et
886 3157 1012 3214 sanetus
1028 3145 1206 3232 Apostolus
1229 3147 1273 3213 sd

220 3250 441 3338 hujuscemodi
454 3249 536 3316 bella
550 3252 645 3317 armis
660 3250 920 3318 convenientibus
931 3251 1190 3318 iustruitmilitos
1207 3253 1272 3320 Dei
1362 3239 1363 3242 Ἴ

221 3359 331 3424 dioens
353 3381 361 3422 ε
380 3358 497 3424 «State
517 3380 592 3446 ergo
611 3358 713 3422 induti
733 3355 864 3424 lorieem
886 3358 1031 3447 justitiae,
1050 3371 1084 3424 ot
1102 3362 1277 3428 sueoiuoti

220 3465 370 3530 olumbos
391 3474 510 3530 vestros
526 3465 722 3541 inveritate,
739 3466 793 3531 sed
808 3478 840 3530 et
855 3464 976 3554 galeam
996 3463 1104 3534 solutis
1124 3469 1278 3556 aecipite

222 3585 275 3637 »et
289 3571 428 3660 gladium
448 3596 455 3637 :
473 3573 600 3661 spiritus
619 3595 714 3662 super
729 3574 836 3640 omnis
851 3589 958 3640 autem
973 3585 1101 3640 scutum
1116 3575 1197 3640 lidoi
1219 3599 1280 3640 us·

1 3660 13 3751 l
220 3679 373 3754 numito,
398 3678 430 3742 iu
445 3701 508 3764 quo
523 3680 646 3766 possitis
667 3679 770 3768 jacula
787 3678 914 3770 maligni
942 3681 1038 3769 ignita
1061 3693 1279 3771 extnguene,

101 3847 102 3850 =
212 3783 221 3792 ἱ
258 3813 836 3879 ¹Psatm.xx=1,3.-²1bid.1.-⁸Jndtttu
849 3835 907 3868 xm.
