2744 4600
268 351 272 360 Ι
369 287 401 332 ru
425 287 563 330 nouenos
586 289 714 332 nomem
738 290 834 333 xxvii.
1039 270 1105 354 549

89 407 278 474 inmanibus
298 405 398 493 Moysi
419 417 450 472 et
471 407 593 478 Aaronr
612 429 711 472 unum
732 407 818 472 enim
841 430 919 496 opus
940 409 1106 496 utriusque

88 537 191 580 munus
206 525 267 588 est,
283 525 380 599 utque
396 535 456 580 uus
471 512 669 602 perfeetionis
682 511 827 600 expletio.

139 651 151 684 r
168 626 206 688 Et
225 622 362 712 scripsit,
380 622 503 708 inquit,
522 621 643 710 Moyses
658 621 867 710 profectiones
881 635 913 688 et
927 624 1107 696 mensiones

91 763 103 796 ι
118 756 238 808 eorum,
254 755 309 822 per
324 734 456 800 verbum
470 733 596 799 Domini
606 733 627 797 ¹.
643 732 797 821 »Scripsit
808 755 882 822 ergo
893 731 962 800 haeo
972 755 1029 821 per
1039 755 1108 798 ver-

92 845 167 908 bum
185 843 321 919 Domini,
338 855 372 907 ut
387 842 525 931 legentes
536 865 594 908 nos
610 843 791 910 stridentes
802 854 926 932 quentae
944 844 1034 909 nohis
1046 843 1108 908 im*

93 954 225 1020 minernt
239 952 447 1041 profectiones
461 954 502 1019 nd
516 953 575 1018 iter
593 954 678 1040 quod
698 954 786 1020 dueit
804 954 844 1018 nd
861 975 1005 1043 regnum,
1024 973 1107 1042 prm-

92 1085 229 1152 psremus
254 1085 311 1128 uos
335 1062 374 1128 ud
394 1063 489 1128 vitum
511 1063 606 1138 hune,
629 1075 661 1129 et
683 1064 918 1130 considerantes
941 1065 1001 1129 iter
1020 1065 1107 1151 quod

89 1173 176 1238 nobis
189 1172 364 1246 imminent,
375 1195 440 1237 non
450 1172 586 1260 segniter
601 1195 661 1238 neo
675 1173 804 1238 remisse
814 1174 886 1238 ritae
897 1183 1010 1240 nostrae
1025 1184 1108 1238 tem-

88 1306 143 1370 pus
154 1281 373 1370 permittamus
389 1281 524 1356 absumi,
540 1303 580 1346 ne
595 1281 676 1347 sorte
691 1282 767 1347 dum
783 1282 816 1347 in
831 1281 879 1348 his
895 1282 1004 1347 mundi
1020 1283 1111 1347 runi-

90 1391 200 1456 tetihus
221 1390 440 1465 immoramur,
457 1402 489 1455 et
508 1388 635 1478 singulis
655 1391 834 1479 quibusque
855 1413 925 1480 quse
947 1393 1113 1457 adnisum

94 1497 139 1564 rei
160 1499 314 1575 nuditum,
340 1498 386 1564 vei
413 1501 508 1566 etium
530 1502 660 1588 qumod
681 1513 802 1567 tectum
827 1515 921 1592 utque
941 1503 1110 1569 odoratum

94 1618 274 1695 gustumque
288 1608 428 1682 veniunt,
441 1606 803 1685 delectamentorum
812 1611 892 1687 dies,
901 1623 1024 1701 tempus
1034 1633 1111 1700 prae·

94 1729 198 1793 teneat,
210 1731 241 1784 et
253 1741 318 1784 uon
332 1741 537 1786 oeourrnmus
553 1743 647 1786 omne
661 1700 798 1810 spatium
808 1721 1004 1789 'imminentis
1022 1723 1110 1787 itine-

93 1829 132 1894 ris
149 1827 314 1918 expliosre,
334 1842 367 1896 et
382 1828 565 1906 deficiamus
580 1832 613 1896 iu
633 1833 749 1907 medio,
766 1844 859 1920 etque
880 1833 1002 1898 aecidat
1021 1833 1112 1898 nobis

91 1936 165 2004 iilud
180 1939 264 2027 quod
278 1939 319 2006 de
332 1940 522 2026 quibusdam
544 1941 691 2017 refertur,
711 1942 764 2029 qui
782 1943 946 2031 pervenire
967 1963 1030 2008 nou
1053 1964 1111 2029 po·
1175 2027 1178 2034 .

93 2060 232 2125 tuerent,
249 2050 306 2116 sed
319 2063 405 2116 artus
419 2071 530 2115 eorum
546 2050 730 2117 oeciderunt
751 2053 783 2118 in
805 2052 939 2118 deserto.
958 2053 1022 2118 iter
1036 2075 1116 2142 ergo

92 2159 225 2246 egimus,
244 2171 276 2224 et
293 2158 409 2226 ideireo
428 2160 613 2226 devenimus
625 2161 658 2228 in
673 2161 759 2227 hunc
775 2162 943 2236 mundum.
960 2174 995 2228 ut
1009 2176 1113 2229 truns-

95 2286 202 2345 eemus
221 2265 260 2330 de
283 2266 391 2330 virtute
412 2266 453 2332 od
475 2267 636 2343 virtutem,
654 2290 718 2333 non
742 2280 776 2332 ut
798 2291 1036 2357 permaneamus
1054 2293 1117 2358 pro

95 2374 226 2440 terrenis
239 2374 270 2440 in
288 2386 379 2449 terre,
403 2376 485 2442 sieut
502 2389 535 2440 et
551 2375 602 2442 iile
617 2376 742 2442 dieebst
760 2399 769 2440 r
785 2403 798 2437 r
813 2377 980 2443 Destruom
999 2378 1113 2443 horres

22 2537 27 2550 .
88 2507 201 2560 nmen,
223 2497 254 2550 et
276 2483 334 2551 elia
355 2486 472 2573 majore
495 2485 675 2562 edflubo,
694 2499 727 2551 et
752 2489 855 2554 diosm
876 2488 988 2554 enimse
1010 2511 1110 2554 meae:

84 2625 99 2656 s
115 2595 243 2670 Anime,
254 2594 352 2664 hebes
364 2593 462 2662 multe
475 2599 558 2663 bone
573 2597 708 2686 reposita
725 2597 757 2660 in
773 2618 871 2662 annos
885 2595 1015 2672 multos,
1028 2619 1116 2663 msu-

86 2705 211 2779 soum.
224 2717 256 2770 et
271 2706 358 2781 bibe,
374 2717 407 2772 et
420 2704 539 2783 laetrre,
551 2731 591 2772 ne
606 2707 686 2772 sorte
701 2707 785 2772 diout
799 2719 831 2772 et
847 2707 936 2773 nobis
946 2708 1113 2785 Dominus,

86 2845 100 2877 ι
115 2815 200 2880 siout
214 2812 259 2880 illi
278 2839 287 2878 r
305 2814 420 2891 Stulte,
438 2817 499 2883 heo
514 2830 606 2883 noete
621 2816 780 2882 suferetur
795 2837 812 2881 s
827 2830 860 2882 te
874 2817 977 2908 enims
992 2829 1046 2883 tun
1055 2817 1078 2884 ².
1094 2849 1107 2881 ι

90 2925 161 2990 Non
176 2923 256 2990 dixit
270 2924 302 2992 in
317 2926 377 2992 huo
394 2926 458 3001 die,
475 2925 577 2990 sedin
593 2925 653 2990 hee
668 2938 773 2990 noete.
792 2925 828 2990 ln
845 2938 939 2992 noete
957 2927 1042 2992 enim
1058 2943 1122 3016 pe-'

92 3034 217 3099 rimitur
241 3034 358 3110 ethio,
379 3035 461 3100 siout
482 3033 687 3121 primogenite
710 3032 943 3122 AEgyptiorum,
967 3049 1139 3124 tanquam-

89 3145 146 3232 qui
160 3144 305 3211 dilexerit
321 3146 477 3212 mundum
492 3156 524 3209 et
542 3132 687 3210 tenebrss
702 3146 785 3232 ejus,
801 3158 833 3210 et
847 3146 1003 3234 particeps
1022 3145 1123 3212 suerit*

87 3264 254 3319 rectorum
273 3254 384 3320 mundi
403 3253 499 3342 hujus
520 3255 722 3320 tenebrarum
741 3254 864 3320 harum.
885 3253 1037 3323 Tenebrae
1056 3279 1115 3320 uo-

89 3375 161 3428 tem
175 3375 207 3426 et
221 3365 438 3443 rotmundus
453 3365 511 3430 iste
532 3360 706 3451 eppeilntur
721 3387 778 3451 pro
793 3365 829 3430 iis
844 3365 897 3452 qui
915 3365 946 3430 in
967 3365 1117 3453 ignorun-

90 3473 137 3536 tin
164 3470 282 3546 vivunt,
307 3495 367 3538 nee
388 3471 495 3538 iumen
519 3471 676 3559 recipiunt
697 3473 848 3540 veritatis,
861 3473 1050 3552 Quiuutem
1075 3488 1117 3538 tn·

87 3581 138 3648 ies
153 3593 239 3658 sunt,
256 3583 294 3648 de
309 3582 458 3650 Ramesse
472 3605 536 3648 non
552 3580 807 3671 proficiscuntur,
827 3606 887 3649 neo
901 3596 1064 3652 transeunt
1078 3586 1117 3649 nd

83 3692 247 3760 Sochotir.

130 3799 307 3867 Videamus
327 3814 431 3868 temen
446 3805 533 3892 prius
548 3805 675 3893 quando
690 3801 936 3890 proficiscuntur
950 3802 1004 3870 iiiii
1022 3802 1117 3868 lsrodi

117 3931 125 3964 ¹
141 3930 223 3978 Num.
236 3947 401 4001 xsxrrrqsa-
412 3933 423 3966 ²
434 3936 493 3983 Luc.
508 3951 553 3990 ιιι,
568 3936 604 3995 18,
620 3953 658 3998 19,
672 3951 708 3982 no.
775 3969 777 3974 ·
