2660 4610
209 269 273 348 584
652 290 793 334 ananau

208 411 424 480 (leuticorum.
444 414 518 478 llaeo
534 412 622 501 quasi
634 412 665 478 in
679 411 861 500 praelatione
875 412 960 480 dicta
975 427 1049 479 suut
1062 440 1080 479 a
1094 417 1187 480 nohis
1202 417 1240 482 de

208 521 471 609 superscriptione
485 522 552 609 ipsa
563 569 572 595 ‚
585 519 634 587 vel
648 519 860 587 attitulatione
874 519 984 588 libelli.
999 523 1075 590 Jam
1088 525 1242 590 nunollo·

208 630 298 696 mino'
307 641 415 696 nostro
427 653 483 694 noa
495 629 663 716 adjurante
674 629 771 713 ipsius
781 629 885 717 operia
901 629 1085 696 adoriamur
1096 633 1241 706 exordia,

209 753 242 805 et
251 752 355 808 tamen
366 762 407 805 nc
421 737 499 805 illud
510 739 639 826 quidem
654 751 816 804 remaneat
828 740 860 804 iu
870 741 961 805 uobis
974 743 1135 806 omissum
1146 743 1243 830 ,quod

209 847 398 936 quibusdam
413 843 638 935 requiiaudum
652 847 751 912 vuum
771 859 820 912 eat
832 848 938 914 adhuc
956 849 997 915 de
1013 850 1084 937 ipsa
1107 849 1244 914 attinuit·

210 957 296 1022 tione
315 979 351 1022 ac
367 955 632 1044 superscriptione
647 951 738 1029 libri,
754 978 824 1044 quae
843 956 886 1022 ita
902 956 1063 1022 habetur:
1088 959 1244 1024 cautim

216 1065 411 1131 Conticarrim
426 1069 504 1153 quod
522 1077 565 1130 est
587 1063 645 1150 ipati
662 1063 821 1130 Satomaat
839 1064 860 1131 ¹.
883 1065 936 1131 Sic
954 1068 1042 1132 enim
1065 1069 1243 1157 accipiunt,

211 1175 301 1262 quasi
312 1173 480 1240 Canticum
496 1173 556 1238 hoc
568 1195 636 1238 esse
650 1172 763 1237 dixerit
778 1173 983 1240 (leuticorum
999 1174 1203 1252 Salomonis,
1216 1191 1245 1241 ut

212 1306 250 1348 ex
260 1281 403 1371 plurimis
415 1282 478 1346 suis
494 1278 625 1347 canticis
637 1281 702 1346 hoo
714 1304 813 1345 unum
829 1305 896 1346 esso
913 1283 1097 1372 signaverit.
1120 1286 1185 1351 Sed
1195 1309 1243 1351 not

213 1388 372 1474 quomodo
387 1385 767 1474 reeipiemuahujuernodi
782 1384 1041 1474 intelligentiam,
1055 1411 1139 1454 oum
1152 1411 1241 1477 neque

213 1495 353 1562 Ecclesia
369 1495 426 1560 Dei
443 1492 705 1562 ullaextrinaeeus
717 1491 893 1560 Salomonis
902 1495 1026 1561 cantica
1038 1495 1178 1585 legenda
1187 1521 1241 1564 ena

214 1604 332 1692 ceperit
346 1625 469 1690 :neqm
486 1601 571 1690 apud
585 1601 751 1676 Holmoe,
769 1603 911 1688 aquibus
923 1601 1053 1690 eloquia
1072 1605 1133 1670 Dei
1146 1606 1181 1670 ad
1191 1630 1238 1670 aaa

214 1713 360 1778 videntur
374 1733 441 1776 esee
456 1708 626 1785 translata,
642 1708 758 1796 aliquid
773 1722 887 1797 praeter
902 1708 960 1774 hos
975 1723 1044 1776 taos
1058 1710 1235 1778 libelloaSa-

248 1820 366 1893 monis‚
379 1819 433 1907 qui
447 1830 479 1882 et
489 1818 572 1906 apud
581 1840 638 1882 noa
649 1815 883 1906 eunt,ampliua
894 1817 1057 1884 habeatur
1069 1821 1229 1886 lucarano?

250 1925 334 1992 olunt
355 1938 461 1991 tamen
484 1925 537 2012 qui
555 1924 797 1999 hoc-asserunt,
819 1924 894 1991 inde
908 1925 1097 1992 confirmare
1109 1941 1215 1992 meu-

242 2057 310 2109 am,
328 2033 414 2120 quod
432 2033 465 2097 in
479 2033 658 2120 Regnorum
673 2032 767 2097 tertio
785 2030 865 2098 libro
887 2034 1049 2122 scriptum
1067 2033 1211 2110 eat‚rnulta

213 2142 308 2206 ruisse
323 2139 499 2208 Salomonis
520 2140 667 2215 Cantica,
685 2151 720 2232 ut
737 2162 835 2206 unum
857 2163 896 2206 ex
915 2140 1029 2206 multis
1046 2167 1116 2208 erse
1128 2143 1222 2208 coulir

213 2260 313 2316 ment.
337 2251 406 2315 Hoc
422 2248 466 2313 ibi
484 2271 558 2336 ergo
578 2247 734 2314 refertur:
754 2249 818 2314 «Et
834 2249 918 2315 Deua
938 2249 1028 2316 dedit
1047 2251 1227 2340 prudentiam

213 2356 415 2432 »Salomoni,
439 2368 472 2422 et
493 2357 682 2444 sapientiam
700 2355 834 2422 mrdtam
853 2355 963 2434 valde,
990 2371 1026 2422 et
1049 2339 1236 2426 latitudinum

215 2466 338 2532 »cordia
353 2466 436 2530 sicut
451 2487 578 2531 arenam
593 2487 663 2550 quae
677 2476 726 2528 est
740 2464 778 2528 ad
793 2485 883 2528 oram
897 2465 1017 2542 marie,
1032 2479 1067 2532 et
1083 2469 1184 2533 laetias
1199 2481 1242 2533 rat

211 2576 355 2662 »sapiens
370 2571 519 2639 Salomon
533 2570 622 2636 valde
633 2593 729 2659 super
744 2571 927 2660 sapientiam
939 2576 1091 2642 omnium
1106 2579 1245 2665 antiquo

212 2707 324 2758 arum,
345 2693 378 2746 et
391 2703 486 2770 anper
499 2699 609 2744 omnes
625 2680 779 2767 sapientes
796 2678 943 2768 AEgypti‚
966 2693 999 2747 et
1017 2707 1121 2771 super
1145 2687 1247 2752 Ethan

213 2790 409 2858 »llarahiten
418 2801 451 2853 et
469 2789 621 2862 Hennam,
637 2799 670 2851 at
684 2785 813 2852 Chalcal
828 2799 860 2853 et
875 2789 981 2856 Derda
994 2791 1083 2857 lilios
1098 2793 1205 2869 lllaol,
1219 2807 1248 2859 et

211 2899 485 2966 »eratnominatua
501 2897 534 2960 in
545 2895 696 2960 universis
710 2896 856 2984 gentihus
871 2919 928 2984 per
940 2899 1116 2965 circuitum
1134 2926 1144 2967 :
1159 2915 1196 2968 et
1208 2902 1252 2968 lo-

211 3023 323 3074 »cotue
334 3021 382 3072 est
396 3004 547 3072 Salomon
562 3003 622 3068 tria
640 3001 738 3068 millia
752 3002 992 3092 parabolarum,
1005 3019 1040 3072 et
1055 3023 1155 3074 erant
1173 3035 1251 3076 can-

209 3119 293 3182 atica
305 3119 372 3204 ejus
391 3113 529 3201 quinque
547 3109 644 3176 millia
654 3109 676 3176 ².
691 3139 704 3172 a
721 3113 767 3176 Ex
784 3112 832 3178 lais
848 3137 923 3201 ergo
940 3115 1084 3205 quinque
1102 3119 1252 3186 millilaua

209 3225 339 3292 canticis
351 3221 459 3287 volunt
476 3220 572 3285 videri
585 3218 647 3284 hoe
663 3243 762 3284 unum
776 3241 844 3284 case
860 3221 1019 3290 canticum
1035 3228 1126 3313 quod
1145 3231 1251 3295 habe-
1320 3269 1321 3288 t

211 3355 304 3398 mus:
322 3332 378 3396 sed
393 3351 574 3417 usquequo,
598 3325 646 3392 vel
667 3328 864 3394 ubi'oantata
884 3330 965 3406 sint,
985 3355 1051 3398 non
1070 3332 1188 3402 solum
1214 3339 1253 3402 atl
1319 3327 1321 3390 l

212 3437 302 3506 iusum
311 3489 320 3514 ‚
329 3437 383 3504 sed
394 3436 483 3503 nead
492 3434 637 3500 notitiam
647 3433 774 3520 quidem
788 3437 1167 3522 pervenitllcelesiarum
1176 3445 1252 3510 Ilei.

1317 3409 1321 3498 l

210 3549 386 3636 Operosum
397 3555 444 3610 est
460 3545 565 3610 autem
579 3553 611 3606 et
628 3540 792 3630 proculab
809 3565 903 3630 opere
917 3549 1099 3634 proposito,
1116 3553 1148 3615 ai
1169 3553 1256 3618 veli-
1319 3599 1321 3642 p

208 3681 278 3723 mus
293 3677 378 3720 nune
395 3652 551 3739 inquirere
561 3673 655 3737 quam
678 3648 851 3715 multorum
867 3649 1018 3718 librorum
1038 3679 1259 3726 commemo-

208 3765 287 3831 ratio
310 3762 364 3827 fiat
380 3762 410 3826 in
433 3759 601 3846 Scripturia
618 3758 748 3831 divinis,
770 3781 906 3845 quorum
930 3759 1021 3828 lectio
1038 3763 1126 3830 narlla
1150 3771 1258 3834 nobie

245 3902 335 3954 ¹Cua.
347 3919 370 3964 r,
386 3917 406 3950 1.
419 3929 449 3937 -
461 3896 472 3929 ²
485 3902 497 3946 3
510 3901 567 3964 Reg.
581 3914 614 3959 tv,
627 3914 672 3963 29,
686 3900 724 3958 30,
739 3901 778 3954 31.
794 3897 834 3948 32.

1312 3763 1321 3876 t

1313 4133 1320 4268 l
