2748 4596
358 244 389 288 lll
414 245 527 289 Lttttttttt
550 246 618 288 tutu
644 247 725 288 utve
750 245 823 288 tt0tt.
850 245 891 286 tx.
1101 219 1140 303 ⁵7

106 389 177 432 mus
193 365 263 430 illos
281 387 366 440 esse,
387 366 439 453 qui
461 365 563 432 adhuc
582 365 681 434 lacto¹
699 367 859 454 indigent,
877 365 1038 430 autetiam
1058 363 1143 429 velut

108 474 226 539 infirmi
237 521 246 548 ‚
259 485 295 537 ut
303 484 377 537 sunt
388 471 548 548 mulieres,
566 473 702 539 oleribus
718 483 902 539 vescuntur.
919 473 952 536 Si
966 495 1039 536 vero
1051 470 1143 536 simul

107 583 210 646 omrris
229 580 404 666 accipiatur
427 579 586 656 Ecclesia,
610 582 666 646 viri
690 582 818 669 quidem
840 577 1058 666 intelliguntur
1082 577 1142 653 illi,

110 687 162 774 qui
180 687 212 750 in
228 683 375 752 omnibus
395 688 526 774 perlecti
543 700 625 753 stare
641 701 758 753 norunt
774 688 884 754 armati
900 687 1048 752 adversus
1064 698 1146 752 astu-

112 795 169 858 tias
186 793 324 864 diaboli,-
345 793 493 860 mulieres
512 818 584 860 vero
601 795 664 869 illi,
683 797 735 883 qui
751 795 893 860 nondum
911 817 950 857 ex
968 794 1143 880 semetipsis

112 923 181 985 quae
197 899 282 966 utilia
296 914 368 965 sunt
381 914 495 989 gerunt
508 952 516 978 ‚
530 905 586 967 sed
597 904 750 968 imitando
763 904 843 969 viros
854 913 904 980 ‚et
914 923 1025 965 eorum
1037 922 1146 964 exem-

115 1005 166 1093 pla
182 1008 342 1072 sectando.
359 1009 405 1072 Ex
420 1010 535 1095 quibus
546 1023 578 1074 ct
593 1023 687 1097 caput
702 1009 998 1080 baberedicuntur;
1016 1035 1028 1067 ι
1043 1007 1146 1094 Caput

113 1115 219 1180 renim
235 1115 396 1191 mulieris,
413 1117 487 1183 εἰτ’.
507 1146 519 1178 a
541 1119 678 1182 Infantes
691 1141 765 1182 voro
779 1130 889 1192 erunt,
903 1118 956 1205 qui
967 1116 1030 1180 fide
1045 1137 1147 1203 nuper

110 1234 276 1311 suscepta,
294 1222 374 1289 lacte
390 1208 571 1314 evangelico
587 1227 779 1291 nutriuntur.
800 1223 952 1312 Proselyti
971 1235 1076 1288 autem
1092 1246 1147 1288 ca-

110 1329 294 1395 techumeni
309 1330 526 1408 videbuntur,
541 1332 590 1397 vel
606 1333 625 1396 ii
642 1334 695 1420 qui
711 1333 775 1420 jam
792 1332 901 1396 sociari
918 1329 1063 1394 fidelibus
1080 1342 1148 1394 stu-

72 1510 74 1514 .
113 1441 201 1506 dent.
218 1443 266 1506 De
282 1443 395 1528 quibus
415 1442 542 1531 singulis
561 1442 672 1507 similia
691 1445 786 1507 etiam
804 1443 941 1506 loannes
961 1440 1096 1504 sentiens
1116 1438 1148 1502 in

116 1545 248 1634 epistola
264 1571 318 1612 sua
334 1550 461 1624 scribit,
477 1560 510 1612 et
525 1548 654 1637 singulis
671 1550 847 1636 quibusque
864 1548 1007 1612 aetatibus
1022 1545 1148 1633 propria

117 1677 252 1741 qumque
272 1665 357 1741 gesta
377 1655 530 1720 decernit.
553 1655 873 1722 Verumtamenlesu
893 1654 978 1718 vobis
997 1653 1149 1717 recitante

114 1761 251 1848 Legem,
265 1772 297 1823 et
312 1760 471 1826 revelante
484 1763 633 1827 cordibus
649 1762 758 1826 vestris
772 1759 1009 1848 intelligentiam
1025 1759 1150 1846 spirita-

113 1865 195 1940 lem,
214 1889 317 1953 neque
334 1867 502 1956 proselyti,
519 1867 633 1943 idest,
653 1867 872 1933 catechumeni
889 1866 1005 1930 diutius
1022 1887 1151 1929 manea·
1220 1911 1226 1918 -

113 1974 171 2048 tis,
186 1973 242 2038 sed
258 1972 403 2039 festinate
419 1975 460 2040 ad
474 1975 711 2064 percipiendam
726 1975 857 2062 gratiam
869 1973 945 2047 Dei,
959 1983 993 2035 ut
1008 1983 1040 2035 et
1052 1995 1105 2034 vos
1117 1970 1150 2034 in

114 2078 257 2144 Ecclesia
270 2079 410 2145 tiliorum
427 2081 523 2146 lsrael
538 2082 789 2147 annumeremini
805 2093 857 2144 :et
872 2103 926 2145 vos
942 2080 1074 2144 infantes
1091 2100 1151 2141 no-

115 2185 172 2251 lite
186 2187 276 2274 pueri
292 2187 375 2252 effici
391 2190 554 2264 sensibus,
570 2191 624 2253 sed
640 2188 760 2254 malitia
780 2185 899 2275 parvuli
916 2197 1034 2259 estote,
1053 2184 1153 2250 seusi-

118 2293 180 2357 bus
198 2304 300 2358 autem
314 2307 414 2359 estote
435 2297 585 2384 perlecti,
605 2297 687 2362 sicut
708 2307 741 2360 et
760 2291 928 2383 Apostolus
944 2293 983 2355 ad
1001 2292 1150 2356 Hebraeos

119 2400 244 2474 dicim
265 2399 474 2490 relinquentes
496 2405 727 2492 principiorum
752 2402 867 2466 Christi
889 2422 1088 2472 sermonem,
1113 2398 1167 2463 ad-

116 2507 366 2595 »pericctionem
385 2509 556 2577 seramur³.
579 2512 722 2576 »Sedet
744 2533 813 2584 vos,
833 2508 886 2594 qai
909 2508 968 2570 sub
986 2503 1154 2569 mulierum

116 2614 329 2703 appellatione
344 2616 462 2682 infirmi
483 2632 515 2682 et
530 2620 650 2684 remissi
666 2630 699 2682 et
715 2616 854 2704 languidi
869 2615 959 2689 estis,
976 2635 1156 2677 commone

115 2721 213 2797 mini,
227 2734 262 2786 ut
278 2724 422 2790 remissas
433 2749 546 2790 manus
556 2776 565 2801 ,
576 2738 607 2790 et
617 2723 764 2790 dissoluta
778 2747 879 2811 genua
892 2721 1034 2808 erigatis,
1048 2719 1155 2793 idest,

117 2841 155 2892 ut
171 2828 363 2917 negligentes
380 2844 412 2894 et
434 2833 556 2898 desides
571 2834 692 2898 animos
708 2832 882 2904 suscitetis,
896 2841 928 2894 et
946 2826 1066 2892 virilem
1083 2849 1158 2892 con-

121 2937 269 3002 stantiam
287 2938 318 3001 in
333 2931 495 3026 explendis
510 2941 674 3028 praeceptis
694 2939 845 3027 legalibus
858 2949 889 3000 ct
905 2933 1090 3022 evangelicis
1107 2958 1158 2998 as·

122 3045 275 3119 sumatis,
289 3057 382 3132 atque
395 3048 532 3114 virorum
546 3049 675 3112 sortium
691 3048 917 3135 perlectionem
931 3042 1074 3108 celeriter
1087 3065 1162 3129 pro-

119 3150 249 3238 peretis.
265 3150 334 3215 Non
350 3152 435 3216 enim
453 3155 540 3218 novit
555 3153 717 3241 Scriptura
738 3152 841 3216 diviua
858 3148 1032 3213 secundum
1048 3168 1158 3210 sexum

121 3258 352 3342 separationem
375 3259 514 3324 virorum
538 3284 575 3325 ac
600 3259 769 3324 mulierum
792 3258 905 3322 lacere.
927 3255 1052 3320 Etenim
1076 3253 1159 3340 apud

123 3363 228 3428 Deum
238 3387 326 3430 serus
342 3365 427 3430 nulla
439 3367 587 3434 discretio
599 3380 664 3442 est,
678 3368 733 3430 scd
747 3389 803 3453 pro
815 3364 910 3430 animi
927 3363 1104 3428 diversitate
1112 3359 1159 3426 vel

122 3471 193 3546 vir,
209 3471 257 3535 vel
269 3471 384 3538 mulier
399 3475 588 3564 designatur.
602 3477 736 3555 Quantae
748 3497 787 3537 ex
798 3470 967 3536 mulierum
985 3493 1057 3534 sexu
1077 3468 1161 3556 apud

119 3579 226 3646 Deum
244 3580 275 3644 iu
287 3582 361 3645 viris
377 3581 511 3647 fortibus
527 3581 759 3648 numerantur?
773 3592 805 3644 et
817 3578 925 3666 quanti
940 3601 979 3641 ex
992 3577 1063 3642 viris
1079 3577 1163 3640 inter

119 3687 269 3753 remissas
295 3701 326 3752 ct
357 3688 517 3778 languidas
543 3690 690 3756 mulieres
712 3687 927 3778 reputantur?
946 3686 994 3750 An
1021 3707 1083 3748 oon
1104 3683 1162 3746 tibi

159 3823 169 3857 ¹
186 3845 193 3876 t
208 3833 267 3883 Cor.
279 3851 317 3882 ru.
332 3839 403 3884 doru.
414 3849 466 3881 xiv.
480 3859 500 3866 ·-
519 3826 546 3878 ²¹
563 3829 623 3880 Cor.
636 3845 678 3888 xi,
692 3826 715 3875 l.
728 3855 758 3864 -
772 3822 781 3854 ³
795 3827 868 3873 tlrbr.
882 3839 920 3883 rt,
939 3840 958 3869 t.
