2744 4600
368 289 399 333 ur
425 289 567 335 nonanes
590 291 719 336 neuram
744 294 826 337 xxvi.
1054 267 1116 356 537

10 447 17 472 ›.
101 409 197 500 putris,
210 409 439 497 primogenitus
451 420 557 476 tamen
567 424 624 476 est.
640 411 840 489 senescau,
856 413 928 480 licet
939 436 978 479 ex
990 409 1115 489 aneilla,

101 527 193 582 tamen
210 515 323 602 etipse
338 516 565 604 primogenitus
583 530 640 582 est.
659 517 802 584 Manasse
816 543 955 607 quoque,
969 523 1060 607 enjus
1072 519 1117 584 di-

9 631 18 691 ’.
101 625 185 691 milia
205 623 305 689 tribus
321 635 409 688 extra
429 625 604 692 Jordanem
620 627 837 714 consequitur,
850 640 883 693 et
898 629 976 716 ipse,
988 626 1062 693 lieet
1078 627 1118 691 de

103 735 349 824 AEgyptianatns,
359 736 587 823 primogenitus
600 748 704 802 tamen
714 748 771 803 est.
784 737 904 802 Omnes
914 761 989 825 ergo
997 737 1046 801 isti
1058 736 1121 824 pri·

15 899 18 915 .
104 845 240 934 megeniti
256 856 342 918 snut,
355 856 388 908 et
401 844 473 910 ideo
484 845 625 933 priorem
636 843 790 932 populum
802 845 976 932 designaut,
990 844 1042 930 qui
1055 864 1119 908 nen

103 977 155 1044 per
170 954 273 1019 lesum
288 953 461 1018 Dominum
477 965 636 1026 nostrum,
652 953 708 1016 sed
724 975 781 1038 per
794 951 924 1040 Moysen
939 963 1026 1017 extra
1046 950 1122 1016 Jer-

103 1063 205 1126 danem
216 1074 335 1125 sertem
348 1060 539 1124 haereditatis
554 1060 725 1148 accipiunt.
745 1061 916 1126 Considera
932 1073 1039 1126 antem
1055 1058 1122 1124 dili·

46 1189 51 1199 ·
98 1171 321 1261 gentiusetiam
338 1193 467 1234 eausam
479 1193 540 1257 qua
555 1169 674 1258 priores
686 1181 719 1234 et
735 1183 821 1235 extra
836 1172 1022 1245 «Iordanem,
1034 1183 1066 1234 et
1077 1193 1123 1235 se·

99 1279 242 1366 questrati
254 1303 272 1343 a
284 1277 418 1352 caeteris,
431 1289 670 1364 consequuntur
682 1279 897 1344 haereditatem
911 1302 919 1344 ε
932 1306 945 1341 ι
960 1279 1123 1354 lumenta,

12 1372 17 1416 ³
100 1373 113 1448 s
129 1371 291 1471 inquient,
307 1399 340 1450 et
353 1409 467 1474 pecora
486 1385 583 1452 multo
600 1399 674 1478 sunt
690 1388 813 1452 nobis¹.
829 1390 927 1454 »llaee
942 1411 1017 1476 erge
1032 1411 1124 1455 causa

101 1504 161 1569 est,
180 1496 249 1582 quia
270 1495 355 1583 prior
374 1492 510 1583 populns
530 1495 570 1560 ad
591 1495 808 1562 haereditatem
826 1495 908 1562 illius
931 1509 1033 1570 terrm,
1055 1519 1124 1583 qnae

14 1632 17 1644 ’
101 1606 181 1672 laete
199 1605 279 1678 lluit,
294 1629 364 1692 quae
387 1602 480 1670 melle
502 1605 656 1681 abundat,
681 1629 750 1693 quae
774 1607 861 1672 savus
880 1604 981 1671 mellis
998 1617 1046 1672 est
1060 1627 1125 1693 prce

103 1715 186 1781 omni
202 1725 296 1788 terra,
308 1737 372 1779 non
387 1714 490 1801 potuit
502 1716 679 1801 pervenire,
693 1739 753 1781 nee
764 1715 905 1781 Verbum
918 1737 1047 1780 earnem
1063 1714 1125 1780 lae-

12 1805 14 1843 ³
101 1836 167 1890 tum
185 1823 288 1911 potuit
307 1845 490 1909 agnoscere,
514 1823 586 1910 quin
610 1821 709 1887 multa
731 1825 872 1910 jumenta
899 1825 1071 1899 hebebant,
1095 1835 1127 1888 et

77 1915 196 2000 'multa
217 1955 344 2022 pecore.
370 1931 522 1998 Animalia
542 1955 618 2020 erge
639 1931 735 1998 home
756 1957 819 1999 non
839 1935 941 2022 potuit
965 1933 1126 2022 percipere

100 2069 170 2133 quae
189 2056 262 2108 sunt
282 2042 417 2130 Spiritus
439 2042 530 2118 Dei²,
546 2067 607 2109 nee
621 2042 824 2132 spiritualiter
840 2045 1034 2131 dijudicare3
1053 2042 1125 2129 qnia

110 2155 229 2219 :hemo
244 2153 275 2218 in
291 2152 413 2219 honere
428 2175 502 2216 cum
518 2165 612 2228 esset,
626 2176 691 2218 non
708 2151 872 2230 intellexit,
889 2155 944 2218 sed
960 2175 1127 2238 compara-

102 2291 117 2326 »
133 2272 183 2327 tus
198 2274 243 2326 est
256 2261 404 2348 jumentis
419 2259 651 2348 insipientibus,
668 2271 701 2324 et
716 2258 825 2324 similis
845 2259 945 2324 sactus
961 2271 1009 2322 est
1024 2248 1120 2332 tiss..

101 2395 163 2463 pre
177 2371 286 2459 quibus
301 2370 518 2436 haereditatem
533 2392 622 2435 suam
641 2381 729 2433 extra
749 2368 896 2433 Jordanis
914 2367 1032 2431 lluenta
1055 2389 1130 2453 per-

9 2475 11 2530 i
99 2480 200 2568 cepit,
215 2489 246 2543 et
261 2502 278 2543 a
294 2491 377 2542 terra
395 2501 427 2542 so
446 2477 562 2542 Sancta
578 2475 651 2542 l'ecit
667 2475 815 2542 alienum.
835 2474 891 2541 llle
907 2474 1129 2564 ergepepulus

98 2587 225 2675 accepit
246 2576 462 2652 haereditatem
485 2611 542 2674 per
562 2586 684 2659 blesen,
708 2587 830 2674 accepit
853 2597 971 2650 terram
994 2585 1131 2648 duorum

12 2717 13 2722 ’
95 2717 213 2784 regum
229 2693 461 2758 tantummodo.
481 2694 552 2760 Non
565 2694 653 2758 euim
669 2693 803 2782 amplius
824 2695 929 2782 potuit
943 2694 1066 2780 llloyses
1081 2692 1132 2756 in-

97 2806 249 2872 terfieere
265 2804 326 2871 nisi
343 2804 421 2870 duos
437 2827 538 2890 reges,
551 2828 687 2892 quorum
702 2817 818 2870 terram
831 2804 983 2868 divideret
994 2801 1131 2892 populis,

95 2913 204 2983 multe
223 2913 369 2980 animalia
385 2911 549 3001 multaque
564 2938 680 3002 pecora
694 2913 895 2979 habentibus.
917 2913 979 2978 lllis
994 2936 1068 2978 vere
1079 2912 1133 3002 qui

93 3023 278 3090 Jordanem
295 3033 458 3086 transeunt
473 3022 565 3087 lesus
577 3023 687 3088 dividit
700 3035 830 3098 terram,
843 3024 984 3112 quamtis
997 3023 1135 3089 habeant

9 3147 13 3172 ι
91 3133 198 3196 etiam
216 3129 273 3216 ipsi
289 3127 448 3204 animalia,
465 3128 603 3194 babeant
619 3153 747 3218 pecora,
761 3154 824 3197 non
842 3145 948 3198 tamen
964 3145 1049 3198 tanta
1066 3157 1135 3220 qum

89 3265 156 3307 eos
179 3237 350 3304 excludant
376 3261 415 3302 ne
435 3236 609 3303 Jordanem
631 3251 803 3316 transeunt,
832 3241 888 3306 sed
908 3264 983 3308 cum
1009 3243 1082 3330 ipsis
1104 3255 1136 3307 et

9 3401 11 3414 .
94 3349 304 3426 mulieribus,
318 3360 436 3413 etcum
448 3348 620 3415 insentibus
632 3350 697 3414 suis
710 3350 908 3416 contendunt
921 3352 1051 3415 transire
1063 3352 1137 3418 Jer-

9 3461 11 3496 ³
95 3460 280 3535 danem‚et
294 3459 335 3525 ad
349 3469 478 3546 patrum
492 3461 656 3548 pervenire
671 3461 834 3550 premissa.
853 3459 902 3526 Illi
918 3473 1024 3526 nutem
1040 3486 1138 3550 prop-

9 3569 12 3608 ἰ
92 3585 153 3636 ter
167 3590 285 3656 pecora
306 3580 340 3632 et
361 3569 519 3656 jumenta,
534 3580 567 3634 et
581 3569 728 3635 mulieres
752 3594 836 3645 suas,
857 3584 889 3636 et
909 3572 1055 3647 infantes,
1075 3593 1138 3636 non

83 3691 279 3774 potuerunt
291 3681 425 3746 transire
437 3680 623 3758 Jordanem,
638 3704 696 3748 nec
709 3683 746 3747 ad
760 3669 856 3746 tidem
870 3682 998 3757 Christi,
1011 3707 1081 3769 qnae
1091 3691 1139 3746 est
1231 3755 1234 3764 Ι

9 3785 11 3822 ²
86 3809 188 3862 terra
202 3791 469 3879 repromissionis,
482 3792 610 3858 intrare.

125 3918 563 3978 ‘Xu111.xxxrr,4.-²1Cur.n,
580 3918 677 3977 il.-³
694 3918 757 3968 Psal.
774 3920 889 3978 xumrS.
