2706 4624
355 305 386 348 m
411 300 549 345 nonsaos
573 303 700 345 uoniam
726 303 766 344 ιν.
1012 286 1070 348 501

64 419 135 484 liores
150 431 236 492 sunt,
253 421 392 506 plaustra
409 445 473 486 non
489 422 658 508 accipiunt.
677 423 805 486 {intuere
819 443 895 508 ergo
911 443 997 487 nunc
1013 446 1072 488 cu-

62 526 179 614 jusmodi
191 526 304 589 divisio
319 527 456 592 efficitur
469 529 499 592 in
516 527 627 592 officiis
642 527 807 592 ministerii
818 526 927 599 divini,
944 539 976 591 ot
992 552 1072 614 quo-

63 636 138 700 modo
150 633 203 700 illa
215 636 344 722 quidem
356 657 427 722 quae
438 649 545 702 sancta
560 648 635 701 suut
653 660 716 700 non
730 637 936 722 imponuntur
947 650 1074 724 portan-

61 744 90 808 da
99 741 284 808 animalibus
295 746 405 816 mutis,
418 743 473 808 sed
488 743 690 809 rationabiles
706 767 773 810 esse
787 743 904 808 debent
914 744 1072 819 homines,

61 853 121 915 etin
136 851 281 916 humeris
296 853 359 915 suis
377 863 501 936 portare
518 872 589 914 vasa
604 852 720 936 quibus
735 851 953 916 ministrantur
965 865 1073 916 sancta

61 971 240 1025 sanctorum.
256 961 299 1023 Ea
317 982 390 1023 varo
408 981 477 1045 quae
494 958 636 1046 graviora
649 971 723 1022 sunt
737 970 769 1021 at
782 959 920 1032 duriora,
936 975 1077 1026 nontam

62 1065 285 1132 rationabilibus
305 1087 401 1153 quum
417 1065 512 1128 mutis
527 1066 681 1152 portanda
698 1064 885 1130 animalibus
907 1067 1076 1154 imponun-

63 1187 111 1237 tur.
124 1173 190 1238 Sed
204 1185 238 1237 et
252 1174 284 1236 in
300 1173 373 1259 ipsis
388 1183 437 1236 est
452 1169 554 1257 aliqua
572 1171 759 1236 differentia.
782 1172 861 1237 Nam
876 1171 919 1237 illi
936 1175 989 1261 qui
1005 1199 1078 1263 gra-

64 1283 131 1346 viora
146 1292 182 1345 et
196 1281 322 1344 duriora
339 1282 507 1344 observant
521 1279 708 1352 ministeria,
721 1277 811 1366 plura
826 1279 946 1344 habent
956 1282 1078 1346 anima-

63 1387 107 1452 lia.
119 1389 263 1466 Quatuor
274 1387 360 1452 enim
373 1385 509 1474 plaustra
522 1387 639 1451 dantur
654 1385 725 1451 liliis
737 1387 860 1452 Meneni.
877 1387 962 1452 Filiis
973 1402 1080 1454 autem

65 1493 187 1570 Gaison,
200 1497 272 1582 quia
285 1508 376 1560 erant
390 1517 488 1582 prope
500 1493 581 1559 filios
595 1495 707 1571 Cautb,
722 1496 786 1560 duo
802 1508 926 1561 tantum
942 1497 1079 1585 plaustra

64 1603 224 1670 sufficiunt.
250 1606 296 1668 Ex
318 1603 432 1691 quibus
460 1603 636 1666 ostenditur
664 1603 750 1689 quod
776 1604 934 1690 operibus·
953 1605 1081 1691 quidem

66 1713 237 1778 durioribus
253 1726 287 1777 ot
307 1713 362 1798 (ut
377 1712 419 1778 ita
436 1712 560 1799 dicam)
579 1711 797 1785 crassioribus,
814 1711 920 1799 plures
936 1726 1009 1780 suut
1025 1717 1079 1802 qui

64 1820 136 1884 velut
158 1817 305 1885 animalia
329 1818 523 1891 inserviunt;
547 1819 587 1882 ad
601 1841 637 1884 ea
654 1841 729 1884 vcro
751 1841 820 1906 quae
843 1821 1082 1905 rationabilibus

63 1939 280 2016 procurantur,
295 1927 388 2016 pauci
404 1949 444 1992 ex
459 1926 495 1990 iis
510 1927 563 2013 qui
579 1927 611 1990 iu
627 1926 675 1990 his
691 1928 835 1992 instructi
848 1940 903 1993 out
914 1929 1028 1994 eruditi
1043 1931 1079 1996 vi·

5 2099 6 2110 2
64 2038 182 2113 dentur,
196 2038 363 2103 accedunt.
379 2036 458 2102 Nam
470 2036 511 2099 ad
521 2033 573 2100 illa
587 2059 655 2122 quaa
664 2036 881 2123 mysticabant
891 2050 923 2101 et
939 2039 970 2103 in
984 2063 1085 2106 secre-

62 2148 96 2210 tis
113 2148 290 2216 recondita,
309 2157 342 2210 et
357 2142 431 2210 salis
448 2143 662 2208 sacerdotibus
677 2154 802 2230 patent,
822 2167 884 2208 non
898 2143 1000 2210 solum
1017 2147 1084 2212 nul-

64 2253 110 2319 lus
128 2252 269 2320 animalis
285 2254 380 2318 bomo
395 2250 530 2323 accedit,
546 2250 600 2314 sed
618 2271 658 2312 ne
674 2250 731 2335 ipsi
752 2249 879 2336 quidem
896 2251 949 2336 qui
966 2253 1083 2318 babere

60 2363 181 2450 aliquid
202 2362 334 2426 exercitii
359 2371 392 2424 et
417 2357 603 2422 eruditionis
626 2357 784 2430 videntur,
813 2357 955 2422 nondum
978 2371 1085 2426 tamen

61 2472 180 2536 meritis
203 2471 316 2535 atrita
342 2469 382 2535 ad
408 2464 635 2534 sacerdotalem
661 2466 793 2554 gratiam
819 2468 1082 2534 conscenderunt.

63 2580 127 2646 Non
143 2578 246 2644 solum
261 2600 318 2666 per
334 2574 498 2664 speculum
513 2597 550 2639 ea
565 2585 597 2638 et
612 2573 645 2638 in
659 2575 825 2662 enigmata
840 2574 960 2649 videat,
980 2578 1036 2641 sed
1056 2590 1088 2644 et

64 2699 165 2773 operta
178 2697 210 2751 ot
228 2683 328 2752 velata
345 2683 532 2770 suscipiunt,
550 2693 582 2745 at
598 2681 629 2745 in
645 2680 783 2746 humeris
799 2691 938 2767 portant,
954 2707 1017 2770 quo
1032 2686 1090 2774 sci:

66 2794 133 2860 licet
147 2797 245 2884 magis
267 2816 304 2858 ea
324 2805 398 2858 actu
415 2813 547 2878 operum
567 2813 662 2876 quam
678 2790 815 2856 scientim
831 2789 1020 2858 revelatione
1037 2817 1090 2876 co·¹

63 2919 220 2992 gnoscant.
238 2903 322 2982 Quia
338 2902 433 2990 igitur
453 2899 637 2986 hujusmodi
654 2899 845 2987 dispensatio
866 2911 915 2964 est
929 2906 1092 2987 mysterio·

61 3039 127 3080 rum
150 3015 210 3080 Dei
233 3023 266 3078 et
285 3010 449 3076 ministerii
472 3008 558 3096 quod
573 3008 710 3073 babetur
725 3009 757 3072 in
780 3008 908 3082 sanctis,
932 3008 1009 3075 tales
1035 3034 1092 3078 nos

59 3125 209 3191 exbibcre
226 3123 391 3193 debemus,
415 3131 449 3184 ut
472 3117 557 3206 digni
578 3116 754 3182 efficiamur
777 3117 886 3182 ordine
910 3121 1090 3197 sacerdotii,

58 3257 95 3300 ue
115 3233 208 3300 velut
233 3229 498 3296 irrationabilibus
515 3226 606 3292 nobis
628 3250 724 3292 onera
747 3229 851 3315 gravia
875 3229 1091 3316 imponantur,

19 3409 24 3420 ,
57 3343 110 3409 sed
121 3356 279 3428 tanquam
292 3336 492 3406 rationabiles
503 3347 536 3401 et
547 3336 647 3400 sancti
658 3333 905 3402 sacerdotalibus
917 3338 1028 3404 officiis
1041 3342 1093 3405 do-

56 3461 224 3540 putemur.
240 3447 325 3512 Gens
341 3446 426 3510 euim
440 3456 561 3517 sancta,
578 3441 681 3530 regale
696 3443 906 3507 sacerdotium
922 3468 1044 3523 sumus,
1060 3461 1092 3512 et
1196 3489 1198 3492 -

55 3554 199 3645 populus
211 3553 244 3618 in
256 3552 508 3640 acquisitionem,
522 3561 644 3616 tantum
659 3562 693 3614 ut
704 3563 867 3638 acceptam
878 3554 1010 3641 gratiam
1024 3557 1092 3622 ritas

56 3665 183 3732 meritis
194 3674 400 3750 exequentes,
414 3661 499 3749 digni
512 3659 689 3726 habeamur
702 3672 811 3726 sancto
826 3660 1018 3728 ministerio¹
1033 3687 1041 3727 :
1059 3678 1095 3730 ut

59 3797 132 3840 cum
145 3772 388 3838 discesserimus
400 3770 439 3834 do
451 3771 511 3838 bac
524 3769 598 3842 vita,
612 3791 791 3834 mereamur
802 3772 917 3836 assumi
934 3771 1093 3860 (utsupra

88 3905 122 3952 ἰ
140 3905 200 3952 Per.
218 3921 247 3962 rr,
259 3919 284 3966 9.
