2692 4610
222 263 284 340 uad
553 285 555 288 ·
665 277 807 320 catenata

219 404 270 468 die
293 397 557 488 repropitiationis
580 396 676 458 intrat
697 396 729 459 in
754 407 861 461 saneta
885 404 1079 469 sanctorum.
1098 393 1161 458 hoc
1186 404 1260 468 est,

220 533 294 577 cum
310 504 437 594 impleta
454 504 685 592 dispensatione
699 514 844 590 penetrat
859 504 956 570 coelos
975 516 1008 572 et
1024 507 1119 570 intrat
1134 505 1177 570 ad
1196 504 1265 569 Pa-

218 635 313 692 trem,
336 628 372 679 ut
393 637 466 678 eum
484 613 658 700 propitium
679 610 820 676 humano
839 613 947 700 generi
967 614 1073 687 saciat,
1088 626 1120 677 et
1138 626 1266 678 exoret

218 751 276 815 pro
288 724 435 790 omnibus
446 721 649 788 credentibus
660 722 692 784 in
704 743 747 784 se.
762 721 851 785 Hauc
863 721 1151 810 repropitiationem
1161 722 1262 807 ejus,

218 859 279 922 qua
296 831 478 897 hominibus
493 829 678 918 repropitiat
692 828 830 904 Patrem,
843 829 945 894 sciens
959 831 1096 895 doannes
1113 830 1265 918 Aposto

219 941 266 1006 ius
281 941 380 1006 dicit:
402 940 501 1004 «Haec
514 939 599 1013 dieo,
615 935 717 1011 fitiott,
734 948 847 1004 utnon
863 961 1044 1026 peccemus.
1060 939 1158 1016 Quod
1173 951 1219 1004 et
1235 943 1262 1004 si

220 1081 232 1112 ι
249 1048 498 1140 peccaverimus,
518 1047 707 1112 advocatum
722 1046 877 1114 habemus
893 1047 977 1135 apud
991 1045 1114 1111 Patrem
1133 1048 1264 1114 Jesum

219 1160 411 1225 »Christum
430 1159 564 1246 justum,
587 1169 619 1222 et
638 1157 704 1243 ipse
727 1168 775 1220 est
795 1157 1009 1245 repropitiatio
1029 1181 1086 1246 pro
1104 1160 1263 1245 peccatis

204 1269 360 1350 ¹inostris
371 1268 393 1331 ¹.
409 1295 422 1328 s
443 1265 507 1331 Sed
522 1277 555 1330 et
569 1263 685 1338 Paulus
700 1264 842 1328 similiter
857 1266 897 1329 de
915 1265 975 1330 hac
990 1266 1260 1353 repropitiatione

217 1387 459 1448 commemorat,
479 1397 555 1440 cum
574 1372 651 1438 dicit
667 1371 706 1436 de
726 1371 873 1437 Christo:
895 1374 1025 1452 «Quem
1041 1375 1147 1461 posuit
1160 1374 1257 1438 Deus

217 1486 483 1576 »propitiatorem
500 1481 698 1568 insanguine
716 1481 812 1566 ipsius
824 1505 881 1569 per
892 1482 990 1548 fidem
999 1482 1020 1546 ².
1037 1511 1049 1542 ι
1067 1483 1170 1569 igitur
1186 1482 1256 1546 dies

215 1592 445 1683 propitiationis
468 1601 575 1656 manet
598 1591 689 1654 nobis
713 1613 876 1678 usquequo
898 1590 1023 1656 occidat
1044 1589 1101 1663 sol.
1127 1591 1161 1655 id
1190 1605 1256 1666 est,

217 1725 380 1791 usquequo
399 1700 496 1764 finem
519 1699 656 1764 mundus
674 1699 823 1798 occipiat.
850 1699 977 1765 Stemus
999 1701 1083 1764 enim
1105 1721 1165 1764 nos
1193 1725 1257 1789 pro

215 1811 348 1885 foribus,
357 1809 534 1896 operientes
548 1806 732 1872 Pontificem
743 1820 887 1873 nostrum
900 1821 1150 1874 commorantem
1163 1809 1253 1874 intra

216 1931 324 1986 sancta
347 1927 542 1988 sanctorum,
561 1916 656 1980 idest
678 1919 763 2004 apud
780 1918 918 1993 Patrem,
934 1931 967 1982 et
987 1929 1173 1984 exorantem
1191 1943 1255 2007 pro

214 2027 352 2114 peccatis
368 2048 478 2089 eorum
495 2025 548 2110 qui
563 2047 596 2088 se
611 2036 791 2112 expectant,
803 2048 866 2092 non
882 2049 940 2114 pro
952 2027 1091 2091 omnium
1103 2029 1253 2113 peccatis

215 2146 409 2200 exorantem.
426 2133 496 2197 Non
511 2134 595 2196 eninr
609 2146 718 2197 exorat
734 2157 791 2222 pro
807 2132 855 2198 his
870 2135 923 2220 qui
940 2135 971 2199 in
984 2146 1099 2200 sortem
1112 2136 1248 2201 veniunt

214 2243 283 2330 ejus
299 2240 379 2306 hirci
395 2240 449 2328 qui
463 2241 618 2306 emittitur
638 2241 671 2304 in
691 2241 863 2306 desertum.
884 2241 946 2307 Pro
967 2241 1025 2306 illis
1043 2257 1154 2308 exorat
1173 2256 1252 2310 tan-

213 2360 282 2411 tum
296 2347 350 2435 qui
366 2359 440 2410 sunt
455 2369 522 2412 sors
536 2347 677 2420 Domini,
694 2348 748 2432 qui
765 2371 839 2412 eum
854 2372 912 2434 pro
927 2348 1047 2414 foribus
1059 2365 1252 2436 expectent,

212 2457 265 2542 qui
281 2479 346 2520 non
362 2455 546 2521 recedente
570 2455 702 2544 templo,
723 2457 850 2544 jejuniis
864 2470 896 2520 et
915 2459 1100 2524 orationihus
1115 2481 1252 2525 vacan—

211 2579 268 2630 tes.
286 2565 336 2630 An
351 2575 387 2628 tu
402 2574 507 2652 putas,
525 2563 577 2650 qui
599 2565 647 2628 vix
664 2564 776 2642 diebus
792 2564 877 2628 sestis
893 2563 933 2629 ed
953 2565 1115 2632 ecclesiam
1135 2569 1252 2644 venis,

210 2697 270 2738 nec
285 2674 423 2737 intentus
442 2694 475 2735 es
490 2671 532 2737 ad
546 2671 702 2738 audienda
717 2673 812 2737 verba
829 2673 946 2748 divina,
965 2699 1024 2740 nec
1039 2675 1092 2740 dns
1106 2699 1252 2764 operam

209 2780 249 2846 ad
265 2779 424 2867 implenda
441 2779 600 2855 mandata,
619 2781 704 2867 quod
720 2781 818 2870 possit
833 2803 899 2846 sors
920 2782 1046 2850 Domini
1064 2783 1173 2848 tenire
1188 2810 1252 2850 su-

208 2909 264 2974 per
285 2885 339 2949 tei
358 2885 513 2974 Optamus
536 2899 642 2952 tamen
667 2899 701 2952 ut
722 2887 769 2953 vel
795 2889 842 2954 his
861 2891 974 2956 auditis
991 2915 1120 2979 operam
1145 2893 1253 2970 detis,

208 3018 272 3060 non
288 2993 389 3063 solum
405 2996 437 3059 in
454 2993 584 3061 ecclesia
601 2997 710 3062 audire
728 3000 821 3063 verba
837 2999 908 3075 Dei,
924 3003 979 3066 sed
994 3014 1025 3065 et
1041 3003 1072 3066 in
1089 3001 1255 3072 domibus

208 3100 317 3166 vestris
333 3102 472 3165 exerceri
492 3114 524 3166 et
544 3103 689 3167 meditari
713 3105 745 3168 in
761 3103 829 3193 lege
849 3106 976 3172 Domini
993 3109 1043 3173 die
1063 3133 1099 3174 ac
1120 3125 1228 3178 nocte
1239 3140 1250 3187 ;

207 3219 239 3272 et
257 3207 299 3273 ibi
318 3207 403 3270 enim
419 3206 563 3273 Christus
582 3222 642 3284 est,
659 3223 691 3274 et
709 3211 825 3298 ubique
847 3214 936 3279 adest
956 3217 1175 3302 quaerentibus
1199 3245 1251 3287 se.

205 3314 373 3402 Propterea
395 3337 531 3402 namque
554 3319 725 3384 mandatur
740 3319 772 3384 iu
787 3319 883 3408 Lege,
901 3336 935 3387 ut
955 3324 1149 3390 meditemur
1166 3351 1253 3394 eam

205 3445 278 3486 cum
301 3421 382 3486 imus
398 3421 430 3486 in
447 3424 508 3497 aiu,
524 3436 556 3488 et
575 3448 649 3490 cum
667 3428 812 3492 sedemus
830 3432 862 3494 in
879 3429 973 3496 domo
990 3445 1022 3496 et
1037 3432 1188 3520 jacemus
1216 3440 1256 3504 in
1301 3502 1312 3512 ,

203 3529 313 3602 cubili,
329 3541 361 3593 et
376 3551 451 3594 cum
464 3533 643 3619 esurgimua
661 3559 669 3598 :
689 3548 720 3600 et
736 3537 798 3603 hoc
818 3554 865 3602 est
881 3563 953 3605 vere
968 3564 1025 3627 pro
1041 3541 1163 3608 toribus
1183 3571 1252 3612 ex-

202 3648 328 3726 pectare
350 3635 533 3722 pontificem
553 3655 732 3708 morantem
752 3643 833 3710 intra
860 3659 966 3713 sancte
988 3643 1201 3728 sanctorumj
1215 3670 1255 3722 et

202 3745 285 3810 efflei
300 3744 333 3808 in
350 3755 467 3809 sortem
485 3747 621 3814 Domini.

233 3871 240 3903 ¹
257 3885 264 3917 ι
280 3869 356 3918 Joan.
368 3888 397 3929 ιι,
410 3887 431 3930 ι,
445 3887 465 3920 a.
477 3873 528 3910 -1
543 3875 617 3924 Rom.
631 3893 670 3932 ιιι,
683 3879 722 3924 ²5.
