2702 4610
248 265 308 328 128
687 286 831 330 aaronitas

243 405 401 471 debentur
415 428 433 470 a
447 415 560 472 morte.
576 405 659 470 llinc
670 427 724 470 eos
736 401 978 492 comprehendit
987 401 1083 468 timor
1095 385 1128 464 et
1140 411 1277 475 tremor,

242 514 315 603 quia
330 525 497 580 senserunt
511 513 762 602 magnitudinem
779 512 899 579 brachii
915 512 995 600 ejus.
1016 509 1099 576 llinc
1113 510 1211 574 etiam
1229 519 1282 575 ta-

240 623 382 686 buerunt
393 641 505 686 omnes
519 620 732 688 inhabitantes
747 621 911 695 chanaan,
924 619 978 707 qui
993 615 1161 684 mutabiles
1176 617 1281 682 iuter-

242 737 423 818 pretantur,
442 739 475 792 et
489 727 635 802 mobiles,
652 751 728 796 cum
750 729 857 796 rident
875 729 995 795 moveri
1011 748 1190 816 regnasua,
1206 723 1280 790 alli-

241 837 308 925 gui
327 836 456 913 sortem,
478 847 511 902 et
530 859 600 903 rasa
623 838 693 924 ejus
710 837 803 926 diripi
824 859 832 901 ε
853 835 995 917 eveniat
1014 860 1092 927 erge
1111 858 1208 924 super
1224 857 1279 900 eos

243 973 256 1006 s
273 945 368 1012 timor
380 958 413 1011 et
428 957 548 1012 tremor
562 945 788 1035 magnitudinis
804 945 927 1012 hrachii
943 945 988 1009 tui
998 944 1022 1010 ¹.
1038 944 1147 1024 »Quid
1163 943 1279 1012 timent

242 1054 423 1120 daemones?
442 1056 519 1143 quid
541 1054 706 1122 tremunt?
720 1055 796 1122 Sine
817 1055 917 1121 duhio
938 1075 1068 1119 crucem
1094 1052 1228 1128 Christi,
1246 1055 1277 1118 in

241 1187 303 1252 qua
318 1164 504 1253 triumphati
526 1177 613 1241 sunt,
633 1164 666 1229 in
681 1188 742 1252 qua
757 1164 844 1230 exuti
860 1173 935 1230 sunt
949 1162 1143 1252 principatus
1161 1185 1275 1228 eorum

238 1284 271 1337 et
286 1283 469 1360 potestates.
487 1271 599 1338 Timor
612 1294 688 1360 ergo
707 1281 740 1337 et
757 1284 877 1336 tremor
891 1271 984 1338 cadet
1002 1291 1095 1359 super
1111 1293 1180 1345 eos,
1200 1295 1274 1338 cum

235 1380 360 1470 signum
376 1380 409 1446 in
424 1381 517 1447 nohis
533 1381 671 1446 viderint
687 1380 791 1446 erucis
802 1379 939 1445 fideliter
949 1379 1062 1455 lirum,
1074 1390 1107 1444 ct
1117 1380 1273 1469 magnitu-

237 1490 346 1556 dinem
361 1490 484 1557 hrachii
497 1489 580 1556 illius
592 1489 679 1577 quod
689 1489 845 1556 Dominus
861 1487 1010 1578 expandit
1023 1489 1056 1555 in
1068 1511 1178 1568 cruce,
1192 1490 1272 1556 sicut

236 1600 331 1668 dicit:
343 1599 445 1665 «Tota
461 1599 513 1666 die
528 1599 663 1688 expandi
678 1622 791 1665 manus
806 1622 893 1665 meas
904 1599 944 1664 sd
956 1596 1112 1688 populum
1123 1622 1188 1665 non
1200 1623 1270 1666 cre-

236 1739 249 1772 »
264 1709 405 1783 dentem,
418 1720 452 1774 et
465 1708 737 1775 contradicentem
752 1709 830 1774 mihi
839 1706 863 1772 ².
879 1707 973 1774 »Non
988 1719 1020 1772 te
1036 1730 1112 1796 ergo
1127 1705 1213 1772 aliter
1223 1707 1266 1771 ti-

234 1822 382 1894 mebunt,
399 1840 460 1884 nee
474 1816 566 1884 aliter
581 1830 701 1884 tremor
715 1831 789 1884 tuus
811 1818 916 1883 reniet
938 1840 1034 1905 super
1054 1839 1120 1893 eos,
1142 1815 1198 1881 nisi
1218 1816 1263 1880 vi·

237 1929 332 1994 deant
345 1929 377 1993 in
389 1940 421 1993 te
434 1950 563 1994 crucem
578 1927 709 2004 Christi,
726 1927 785 1993 nisi
801 1939 834 1992 et
850 1933 884 1992 t'u
898 1927 1016 2014 poteris
1028 1927 1134 1992 dicere
1146 1947 1155 1989 a
1168 1924 1265 1990 ‹llihi

236 2064 249 2097 s
264 2047 372 2100 autem
380 2033 610 2124 absitgloriari,
622 2034 682 2100 nisi
693 2035 726 2100 iu
737 2057 832 2101 cruce
844 2034 971 2101 Domini
980 2035 1042 2100 mei
1052 2035 1129 2100 «lesu
1138 2034 1265 2108 Christi,

232 2174 245 2207 s
261 2169 318 2234 per
335 2167 431 2232 quem
448 2145 525 2210 mihi
541 2146 681 2211 mundus
696 2143 866 2212 crucifixus
881 2156 942 2220 est,
955 2157 987 2210 et
1003 2167 1062 2234 ego
1078 2144 1230 2212 mundo⁸.
1246 2173 1259 2206 s

274 2252 334 2320 lX.
357 2280 370 2315 t
385 2253 478 2319 Fiant
492 2266 643 2342 tanquam
658 2252 737 2344 lapis
753 2253 857 2319 donee
872 2263 1010 2319 transeat
1027 2253 1164 2344 populus
1179 2266 1263 2329 tuus,

237 2363 412 2438 »Domine
435 2362 537 2429 donec
555 2375 692 2428 transeat
708 2359 845 2451 populus
859 2373 934 2427 tuus
954 2362 1022 2438 hic,
1044 2385 1140 2450 quem
1155 2362 1263 2448 acqui-

233 2499 247 2533 r
261 2471 326 2537 sisti
334 2468 356 2534 ⁴.
374 2498 388 2531 r
403 2469 487 2534 Fieri
502 2481 653 2556 tanquam
668 2466 820 2557 lapidem,
837 2491 902 2532 nou
917 2479 966 2534 est
981 2481 1095 2534 natura
1107 2449 1170 2534 esse
1180 2466 1259 2554 lapi-

232 2577 316 2644 dem.
336 2575 407 2643 Non
428 2575 514 2642 enim
536 2574 640 2648 lieret,
662 2573 720 2638 nisi
745 2575 833 2660 quod
852 2596 917 2640 non
938 2585 1016 2639 erat.
1039 2575 1110 2642 Hoc
1133 2584 1263 2664 propter

232 2685 302 2752 illos
316 2685 450 2752 dicimus
465 2683 519 2771 qui
535 2681 625 2746 mulae
639 2682 962 2752 naturaePharaonem
974 2683 1196 2774 velAEgyptios
1211 2685 1262 2750 di-

229 2805 308 2861 cuut
326 2792 433 2868 luisse,
448 2803 481 2857 et
495 2813 560 2856 nou
575 2814 614 2856 ex
628 2792 749 2858 arbitrii
768 2791 912 2859 libertate
929 2795 962 2859 in
980 2795 1042 2862 hoc
1056 2819 1124 2862 esse
1139 2796 1262 2864 deduc-

230 2915 295 2975 tos;
314 2900 371 2966 sed
385 2909 417 2966 et
432 2909 562 2988 propter
577 2923 630 2966 eos
648 2901 702 2988 qui
715 2914 892 2968 creatorem
910 2903 1014 2968 Deum
1026 2915 1179 2970 accusant
1191 2917 1264 2970 tan·

229 3031 326 3096 quam
336 3029 453 3072 sevum
466 3006 552 3094 quod
563 3005 709 3072 homines
722 3020 822 3074 vertat
832 3009 865 3073 in
876 3007 1006 3098 lapides.
1021 3012 1061 3077 Hi
1072 3035 1148 3100 ergo
1158 3013 1262 3101 prius-

229 3140 325 3206 quam
352 3112 583 3204 blasphement,
611 3116 812 3182 considerent
836 3140 960 3183 summa
985 3117 1166 3196 libratione,
1191 3144 1263 3209 quan

228 3225 343 3313 scripta
356 3234 440 3288 sunt.
458 3223 527 3290 Nou
543 3222 630 3289 enim
642 3223 737 3289 dixit:
756 3226 786 3289 F
787 3226 860 3291 iant
876 3243 1038 3314 tanquam
1049 3231 1151 3316 lapis,
1168 3242 1202 3296 et
1212 3244 1264 3296 ta-

227 3333 311 3405 cuit3
327 3331 382 3397 sed
395 3344 519 3421 tempus
536 3336 658 3408 statuit,
674 3346 707 3398 et
722 3358 903 3404 mensuram
919 3338 1193 3406 condemnationis
1207 3342 1264 3407 de-

227 3441 339 3509 cernit.
351 3439 405 3508 Ait
416 3440 502 3506 cuim
515 3463 549 3510 :s
561 3441 671 3508 Donec
683 3455 821 3510 transeat
832 3445 967 3535 populus
979 3461 1064 3524 tuns,
1077 3450 1223 3516 Domine.
1240 3480 1254 3513 ι

226 3550 300 3629 Quo
317 3546 438 3615 scilieet
451 3558 523 3637 post
537 3551 706 3618 transitum
722 3552 830 3642 populi
846 3577 910 3620 non
930 3555 992 3622 siut
1011 3570 1165 3645 tanquam
1177 3557 1263 3648 lapi-

226 3656 292 3721 des.
317 3654 356 3720 lu
371 3678 436 3744 quo
455 3655 533 3720 mihi
549 3654 673 3723 videtur
690 3661 863 3749 prophetiae
883 3660 1002 3750 aliquid
1026 3662 1134 3732 latere.
1157 3664 1262 3732 Video

225 3764 311 3832 enim
326 3763 399 3853 quia
414 3763 502 3855 prior
515 3763 663 3854 populus,
687 3768 740 3856 qui
756 3768 815 3835 fuit
830 3783 902 3836 auto
920 3793 990 3848 nos,
1005 3771 1108 3839 faetus
1123 3785 1172 3838 est
1187 3785 1261 3840 tan·

257 3891 267 3930 ¹
280 3893 365 3946 Exod.
377 3911 420 3955 xv,
433 3893 599 3946 16.-²1ut.
613 3913 668 3960 ur,
682 3913 744 3948 1.-
756 3898 766 3933 ⁵
779 3900 833 3950 (tat.
847 3916 882 3964 rr,
899 3901 936 3960 ad.
947 3902 996 3940 ..t
1009 3891 1145 3962 matu,
1163 3905 1204 3954 rti.
