2706 4624
393 237 424 281 us
449 237 588 280 uuumos
612 238 741 281 usuum
768 239 807 279 rr.
1055 213 1115 278 511

93 355 219 422 »radice
229 354 298 442 ejus
310 351 473 426 ascendet,
486 364 518 416 et
529 353 706 440 requiescet
717 375 813 440 super
822 374 898 416 eum
909 351 1037 440 spiritus
1046 351 1117 426 Dei,

91 498 101 528 t
114 467 239 558 spiritus
252 462 413 554 sapientiae
426 474 458 527 et
469 445 662 538 intellectus,
671 462 799 553 spiritus
807 461 929 529 consilii
937 474 969 527 et
979 463 1116 538 virtutis,

91 607 100 639 ι
114 577 239 668 spiritus
254 574 394 664 scientiae
408 586 441 639 et
455 572 593 663 pictatis,
609 584 641 639 et
656 571 790 662 replebit
801 595 876 638 eum
888 571 1015 660 spiritus
1028 573 1119 636 timo-

91 689 150 753 tris
162 683 322 752 Domini¹.
339 684 426 750 »Sed
436 684 567 750 fortasse
583 683 661 749 dicit
675 681 787 772 aliquis
799 681 903 750 :Nihil
919 680 1055 770 emplius
1071 707 1119 749 os·

90 797 209 863 teudisti
224 797 379 886 scriptum
395 796 435 860 de
451 795 591 872 Christe,
608 819 703 884 quam
722 796 763 861 de
779 793 906 884 reliquis
922 796 1114 862 homiuibus.

91 909 172 975 Sicut
183 909 271 974 euim
284 909 324 973 de
337 906 459 973 ceteris
470 907 591 980 dictum
606 918 667 982 est,
684 907 756 993 quia
772 906 926 995 requievit
940 929 1036 996 super
1050 929 1118 982 eos,

90 1018 127 1084 itu
141 1030 174 1083 et
188 1018 229 1084 de
249 1015 413 1082 Salvatore
428 1015 549 1082 dictum
565 1025 625 1090 est,
642 1015 839 1103 «requiescit
854 1038 949 1105 super
963 1039 1038 1082 eum
1053 1017 1120 1106 spi-

91 1157 102 1190 ι
117 1130 191 1194 ritus
205 1127 305 1192 Dei.»
319 1125 384 1190 Sed
399 1124 470 1190 vide
485 1124 557 1213 quia
570 1147 665 1213 supra
678 1121 803 1190 nullum
815 1122 910 1190 alium
922 1125 1049 1212 spiritus
1060 1124 1121 1189 Dei

91 1236 273 1326 requievisse
296 1231 493 1334 septemplici
516 1233 577 1299 hac
601 1233 716 1297 virtute
738 1231 941 1308 describitur,
958 1255 1015 1322 per
1033 1233 1120 1320 quod

92 1345 150 1412 siue
165 1345 264 1412 dubio
278 1346 344 1434 ipsu
363 1341 414 1409 ilia
428 1342 524 1408 divini
535 1341 670 1432 Spiritus
685 1331 873 1417 substantia,
887 1365 957 1430 quae
968 1343 1041 1431 quia
1055 1365 1119 1407 uuo
1183 1369 1188 1378 ·

94 1455 211 1522 nomine
223 1479 289 1522 uon
301 1466 439 1545 poterat,
452 1453 583 1518 diversis
596 1451 756 1519 vocabulis
767 1450 966 1542 explanatur,
979 1454 1121 1540 requies·
1190 1531 1193 1538 .

96 1587 158 1632 cere
171 1590 268 1656 super
284 1565 404 1654 virgam
420 1587 490 1653 quae
505 1563 545 1629 de
559 1563 656 1652 stirpe
667 1563 756 1628 Jesse
767 1564 968 1653 precederet,
980 1562 1121 1652 prophe-

102 1687 181 1742 tetur.
198 1678 310 1742 Habeo
325 1689 358 1740 et
373 1673 459 1740 eliud
474 1671 692 1740 testimouium
713 1698 776 1762 quc
799 1675 916 1740 docere
937 1695 1065 1764 possum
1088 1674 1121 1739 in

102 1783 217 1853 Domino
238 1797 273 1852 et
295 1784 458 1851 Salvatorc
482 1807 553 1849 meo
576 1783 732 1874 Spiritum
753 1798 899 1851 sanctum
913 1784 1028 1850 eximio
1044 1807 1120 1872 quo-

106 1895 166 1972 dam
185 1921 309 1986 genere,
330 1907 363 1961 et
383 1893 477 1985 louge
493 1893 586 1961 aliter
601 1895 916 1984 requievissequem
937 1895 1074 1961 refertur
1088 1895 1121 1960 iu

108 2005 220 2070 ceteris.
236 2006 320 2074 Dicit
330 2005 417 2069 euim
429 2004 568 2082 dpauues
583 2002 724 2092 Baptista
741 2003 780 2069 de
795 2028 833 2071 eo
848 2027 856 2071 ε
869 2031 882 2064 u
894 2004 957 2085 Qui
973 2004 1058 2070 misit
1069 2025 1121 2070 me

87 2095 273 2200 '‘Septizure
292 2117 324 2180 iu
350 2137 444 2203 aqua,
466 2111 518 2180 illc
537 2114 615 2180 mihi
639 2115 716 2180 dixit
737 2115 869 2205 :Super
892 2139 988 2204 quem
1007 2115 1121 2181 videris

124 2219 280 2307 tSpiritum
297 2225 552 2302 descendentem,
569 2237 601 2289 et
620 2238 803 2292 manentem
818 2227 851 2292 iu
866 2225 964 2301 eo²,»
980 2227 1046 2315 ipse
1059 2238 1117 2292 est.

121 2326 151 2391 Si
165 2328 274 2398 dixisset
288 2334 445 2423 Spiritum
460 2336 716 2411 descendentem,
735 2347 768 2402 ct
787 2359 852 2401 nen
867 2335 1039 2403 addidisset
1052 2357 1123 2424 ¹mct-

114 2457 225 2506 nentem
240 2444 273 2507 in
284 2469 327 2522 eo,
344 2445 422 2512 nihil
438 2448 635 2536 praecipuum
649 2471 715 2538 prae
732 2447 853 2513 caeteris
869 2446 987 2511 habere
1003 2445 1122 2513 videre·

107 2560 157 2613 tur.
174 2551 259 2620 Nunc
274 2569 380 2623 autem
396 2557 530 2633 addidit,
544 2575 575 2622 et
589 2573 779 2622 manentem
794 2557 832 2620 in
846 2580 894 2632 eo,
914 2567 1046 2640 ut'essct
1060 2556 1124 2624 hoc

104 2661 209 2750 siguum
223 2666 256 2730 iu
272 2665 448 2745 salvatore,
465 2669 551 2756 quud
566 2669 598 2735 iu
614 2667 702 2735 nullo
719 2667 780 2734 alio
794 2679 900 2758 posset
917 2667 1051 2734 ostendi.
1075 2669 1122 2735 De

100 2769 172 2838 rullo
185 2777 269 2842 euim
287 2778 441 2865 scriptum
456 2791 517 2854 est,
534 2780 605 2867 quia
623 2779 774 2845 manserit
785 2779 819 2846 in
830 2802 869 2844 eo
881 2778 1018 2867 Spiritus
1033 2802 1123 2845 sunc-

96 2892 146 2948 tus.
166 2885 203 2950 Et
217 2911 261 2954 ue
277 2888 349 2976 quis
364 2911 416 2953 me
432 2901 522 2977 putet
535 2889 566 2954 in
579 2889 642 2955 hoc
658 2890 811 2978 derogare
826 2888 1005 2978 Prophetis,
1018 2889 1124 2955 sciunt

90 2990 141 3080 ipsi
165 2996 236 3082 quie
262 3019 328 3062 nou
349 2996 394 3062 eis
417 2996 547 3086 derogo,
569 2996 739 3086 praeiereus
756 2997 800 3064 eis
817 2996 989 3064 Dominum
1012 3021 1122 3064 meum

88 3101 188 3168 Jesum
205 3103 384 3170 Christum.
400 3103 654 3174 Recoluntcuim
670 3104 783 3196 singuli
799 3107 883 3173 dicta
899 3131 967 3183 sua,
985 3119 1017 3172 ct
1033 3108 1122 3174 iuve-

85 3211 171 3278 uiuut
184 3213 277 3304 quod
294 3215 334 3280 de
349 3212 437 3280 nullo
453 3213 514 3281 atio
531 3217 654 3283 dictum
679 3229 739 3294 est,
756 3216 829 3305 quia
845 3243 857 3277 t
876 3230 1043 3307 peccatum
1058 3242 1124 3286 non

84 3321 193 3400 »fecit
203 3347 269 3390 uec
285 3324 431 3390 iuventus
445 3335 493 3390 est
508 3322 599 3390 dolus
611 3327 643 3390 iu
659 3349 714 3394 ore
725 3327 795 3415 ejus
805 3325 852 3392 ’.ι
871 3326 953 3407 Quia
969 3327 1055 3396 euim
1070 3349 1124 3392 εο-

81 3427 125 3496 lus
136 3444 184 3497 est
196 3432 270 3498 siue
284 3445 417 3522 peccato
434 3434 487 3522 qui
504 3447 673 3522 peccatum
687 3460 753 3503 non
768 3435 856 3514 fecit,
871 3435 992 3506 idcirco
1007 3437 1039 3502 in
1055 3436 1123 3526 ipso

82 3537 145 3606 seio
161 3541 284 3608 mansit
302 3557 334 3608 et
349 3546 522 3633 permansit
538 3545 685 3635 Spiritus.
707 3546 740 3612 Si
755 3548 842 3613 enim
862 3549 928 3638 ipse
943 3560 990 3616 est
1006 3548 1046 3614 de
1060 3531 1124 3638 quo

83 3651 241 3742 singulare
259 3650 378 3742 aliquid
392 3666 426 3720 et
439 3655 593 3722 eximium
610 3656 740 3734 dicitur,
752 3659 815 3726 hoc
830 3657 916 3749 quod
932 3681 1027 3750 supra
1044 3659 1126 3752 dist

79 3781 144 3826 mus
158 3763 237 3851 quia
250 3775 422 3851 peceatum
433 3788 499 3832 nou
517 3765 604 3842 fecit,
623 3779 749 3834 constat
762 3767 900 3858 reliquos
912 3791 1022 3838 omnes
1034 3766 1128 3834 fuisse

106 3891 186 3943 'lsai
199 3909 237 3955 ιι,
254 3911 275 3941 ι.
290 3922 321 3932 -
333 3895 344 3928 ²
355 3897 429 3945 Jceu.
443 3917 460 3954 ι,
474 3900 511 3947 55.
526 3897 572 3935 -3
585 3869 643 3947 isui.
659 3919 711 3958 tur,
723 3920 746 3966 9.
