2744 4624
464 725 468 732 -
579 667 802 746 HOMlLlA
832 671 931 743 111¹.

539 846 586 920 De
607 861 812 920 circumcisione
837 857 969 918 Abi-chri.

287 1049 337 1126 Ex
357 1053 510 1124 Abrahae
535 1051 671 1122 carnali
699 1051 975 1122 circumcisione
993 1049 1191 1146 spiritualia
1211 1055 1277 1121 cir·

237 1162 466 1233 crrmcisionis
481 1157 741 1257 perfectionem
760 1161 809 1227 ita
825 1155 997 1227 inducere
1012 1153 1187 1226 nititur':

352 1294 419 1363 Vos
429 1307 535 1360 autem
552 1295 688 1384 populus
704 1291 775 1370 Dei,
787 1305 820 1359 et
834 1291 970 1383 populus
984 1293 1017 1359 in
1030 1295 1272 1379 acquisitionem

217 1385 352 1472 ¹electus
376 1405 416 1472 ad
435 1391 627 1471 enarrandas
652 1405 783 1470 virtutes
806 1403 947 1480 Domini,
973 1403 1121 1490 suscipite
1142 1403 1270 1504 dignam

234 1516 509 1582 circumcisionem
527 1515 614 1580 verbi
628 1514 687 1580 Dei
709 1514 741 1577 in
761 1513 891 1578 auribus
911 1511 1033 1589 veihis,
1056 1523 1089 1578 et
1110 1513 1141 1578 in
1161 1511 1265 1590 labiis,

232 1637 264 1690 et
286 1626 319 1690 in
335 1625 445 1700 corde,
461 1639 493 1689 et
513 1625 545 1690 in
567 1625 721 1716 praeputio
745 1623 850 1690 carnis
874 1633 996 1698 rostro,
1013 1635 1046 1688 et
1066 1623 1096 1687 iu
1117 1620 1263 1684 omnibus

232 1732 362 1798 omuino
384 1729 916 1817 memhrisrostris⁸.Ci1-cumcisee
936 1753 1069 1818 namque
1087 1727 1148 1792 sint
1169 1747 1260 1792 aures

231 1857 342 1908 restroe
356 1843 534 1909 secundum
550 1845 683 1909 verbum
700 1844 771 1918 Dei,
788 1855 824 1907 ut
840 1858 952 1908 rocem
966 1863 1032 1907 non
1043 1837 1193 1928 recipiunt
1209 1837 1262 1901 ob·

230 1953 407 2028 treetantis,
426 1965 459 2016 ut
475 1951 622 2018 maledici
638 1966 669 2019 et
685 1951 861 2042 blasphemi
879 1953 975 2019 verba
990 1971 1056 2017 non
1072 1947 1212 2022 audiant,
1229 1953 1265 2010 ut

230 2061 314 2127 salsis
336 2061 622 2139 criminationibus,
640 2063 806 2129 mendacio
823 2086 887 2128 uon
903 2071 1040 2151 pateant.
1061 2054 1265 2148 oppilentur,

229 2186 262 2237 et
278 2170 392 2238 clausae
408 2173 483 2249 sint,
498 2197 539 2238 ne
554 2173 709 2261 judicium
725 2173 885 2266 sanguinis
901 2171 1042 2245 audiant,
1056 2179 1111 2264 aot
1126 2167 1268 2257 impudi-

230 2283 275 2349 cis
294 2283 426 2349 canticis
442 2295 473 2348 et
490 2282 698 2349 theatralibus
717 2283 801 2349 sonis
820 2293 958 2372 pateant.
974 2277 1059 2348 Nihil
1078 2279 1267 2345 obscenum

230 2395 396 2484 recipiant,
411 2394 466 2460 sed
482 2395 522 2461 ab
537 2395 624 2459 omni
640 2415 732 2462 coeno
745 2392 957 2482 corruptionis
972 2383 1088 2458 arersae
1103 2391 1174 2455 siut.
1190 2389 1268 2454 Here

228 2515 276 2572 est
291 2504 492 2573 circumcisio
508 2529 569 2596 qua
585 2501 725 2573 Ecclesia
743 2502 860 2571 Christi
877 2517 967 2571 aures
984 2521 1115 2568 suorum
1130 2500 1268 2567 eircum-
1331 2573 1334 2584 Ι

229 2613 305 2683 cidit
318 2615 496 2681 infantium.
513 2615 596 2690 lstae,
612 2615 721 2690 credo,
736 2627 810 2680 suut
825 2635 917 2680 aures
929 2611 1050 2700 quasin
1066 2604 1266 2676 auditoribus

228 2723 291 2789 suis
313 2722 507 2811 requirebat,
533 2721 642 2789 dicens
660 2746 667 2787 :
685 2751 700 2785 ·(
718 2723 781 2804 Qui
803 2721 900 2790 babet
923 2742 1015 2788 aures
1036 2717 1188 2787 aodicntfi
1205 2733 1265 2785 att-

228 2861 240 2896 »
258 2831 322 2898 diat
334 2831 356 2896 ⁶.
372 2859 385 2893 s
403 2831 503 2899 Nemo
518 2833 603 2898 enim
618 2845 722 2924 potest
738 2834 966 2901 incircumcisis
977 2844 1010 2898 et
1025 2827 1197 2898 immundis
1210 2829 1265 2894 ah-

228 2943 316 3009 ribus
332 2943 450 3009 munda
463 2947 559 3010 verba
571 2947 732 3035 sapientire
743 2959 774 3012 et
788 2947 929 3013 ‘veritatis
941 2943 1061 3011 audire.
1076 2939 1262 3024 Veniamus,

228 3056 252 3119 si
269 3051 375 3130 vultis,
393 3053 480 3121 etad
502 3051 659 3122 labiorum
685 3055 972 3124 circumcisionem.
991 3054 1057 3146 ligo
1078 3065 1156 3144 pato
1176 3049 1263 3142 quod

123 3190 138 3216 ·
227 3163 469 3232 incircumcisus
481 3165 521 3230 sit
534 3159 638 3245 labus,
655 3165 864 3261 qainondam
879 3169 1011 3234 cessarit
1022 3189 1039 3232 a
1052 3159 1260 3252 stultsscqalo,

226 3302 242 3340 n
260 3274 463 3352 scurrilitate,
480 3277 534 3365 qui
551 3279 643 3344 bonis
661 3279 804 3368 derogat,
818 3279 870 3368 qui
887 3279 1072 3344 criminatur
1085 3273 1259 3366 'proximos

226 3387 279 3473 qui
296 3386 422 3475 instigat
437 3385 520 3462 lites,
537 3389 590 3474 qui
607 3373 781 3456 calumnias
797 3403 917 3465 movet,
936 3389 989 3477 qui
1005 3387 1116 3453 iratres
1132 3379 1216 3452 inter
1228 3402 1261 3449 sc

224 3493 300 3559 salsa
317 3493 477 3582 loquendo
494 3497 677 3572 committit,
691 3501 745 3586 qui
761 3524 853 3576 vana,
870 3499 989 3588 inepte,
1007 3495 1182 3571 saecularia,
1198 3497 1262 3560 im-

224 3605 354 3694 pudice,
376 3607 493 3694 turpia,
516 3607 679 3695 injuriosa,
694 3624 861 3698 proterva,
878 3607 1076 3696 blasphema,
1093 3617 1126 3669 et
1147 3615 1260 3671 caetera

223 3738 294 3802 quae
310 3715 437 3805 indigna
454 3730 528 3782 sunt
547 3717 727 3784 Christiano
745 3742 800 3784 ore
819 3718 1029 3808 proloquitur.
1051 3714 1084 3779 Si
1102 3715 1170 3801 quis
1187 3737 1261 3779 vero

256 3847 265 3879 ¹
280 3847 353 3896 Tom.
372 3844 410 3906 ll,
421 3863 446 3910 p.
461 3848 610 3899 oo.-²1t.
626 3851 679 3899 5et
691 3866 764 3915 seqq.
780 3867 806 3914 p.
820 3851 860 3915 69,
872 3865 911 3914 7⁰·

254 3919 263 3952 ³
280 3938 288 3968 ι
303 3921 356 3971 Pet.
369 3939 398 3981 u,
411 3941 434 3988 9·
451 3952 481 3961 -
494 3924 503 3957 ⁶
517 3927 607 3975 blatth.
622 3942 677 3985 run¹
690 3943 714 3989 q.
