2744 4600
351 339 383 381 nx
408 335 546 381 nunsaos
570 335 698 380 nonina
723 337 805 380 xxxx.
1035 311 1098 378 555

98 456 226 544 loquitur,
245 456 368 519 animos
388 468 511 520 nostros
526 455 565 519 ad
581 455 725 519 auditum
741 451 857 542 eloquii
873 451 1000 540 puerilis
1015 464 1102 540 apta-

95 589 164 640 mus,
179 586 232 630 nee
255 561 327 650 plus
343 561 460 649 aliquid
484 564 516 628 in
535 564 571 627 iis
587 585 656 651 qnae
674 562 822 628 dicuntur
837 561 896 627 nisi
913 563 1100 647 inquantum

95 675 192 739 sentire
210 695 288 761 puer
303 672 418 760 potuit.
436 686 650 760 expectamus.
675 673 709 738 Si
733 695 806 736 vero
829 671 882 759 qui
898 669 1038 759 loquitur
1053 671 1100 735 sir

93 793 145 857 est,
169 781 307 846 continuo
332 779 598 868 contemplantur,
621 781 646 845 si
667 781 733 845 viro
755 781 848 868 digna
870 793 943 844 sunt
960 803 1029 865 quae
1050 777 1100 842 di-

95 905 200 958 cuntur.
228 893 266 956 Et
292 913 401 955 rursus
423 890 449 955 si
473 891 519 953 vir
547 888 598 954 iiie
623 889 767 954 eruditus
789 890 828 954 sit
853 889 906 975 qui
927 889 1100 975 dicit,-pro

93 1000 255 1064 eruditionis
273 999 343 1086 ejus
359 999 475 1063 intuitu
491 1000 586 1064 etiam
614 999 697 1063 dicta
716 1021 894 1086 pensamus.
915 997 947 1062 Si
964 1019 1037 1061 vero
1053 997 1101 1061 vir

89 1109 200 1196 quidem
215 1106 266 1172 ille
282 1120 343 1180 est,
357 1109 521 1196 imperitus
539 1120 644 1173 tamen
666 1119 699 1172 et
721 1107 846 1182 idiotes,
860 1105 950 1172 aiiter
964 1130 1034 1193 qnae
1051 1106 1101 1169 di-

75 1200 190 1282 ‘cuntur
208 1215 395 1304 accipimus.
419 1215 474 1280 Sic
490 1216 566 1280 item
592 1217 617 1279 si
643 1216 682 1281 sit
697 1215 802 1281 senior
821 1217 877 1304 qni
893 1215 1045 1301 loquitur,
1068 1225 1101 1278 et

85 1324 181 1392 mutia
195 1348 229 1391 ac
244 1327 387 1412 probatae
399 1325 532 1413 peritiae,
546 1337 656 1413 utpote
671 1325 769 1413 quiin
785 1325 1015 1390 eruditionibus
1027 1344 1101 1388 con·

85 1433 221 1508 senuerit,
233 1433 325 1522 longe
337 1435 441 1522 major
452 1435 484 1498 in
497 1457 536 1498 eo
547 1433 706 1500 dictorum
723 1435 896 1499 habebitur
910 1431 1096 1522 expectatio:

86 1541 148 1604 Cur
160 1553 260 1605 autem
283 1542 340 1606 ista
365 1541 623 1628 praemiserimus,
639 1542 801 1608 historiam
830 1541 1020 1606 haereditatis
1032 1540 1101 1604 Ru-

82 1651 143 1716 hen
161 1662 189 1714 et
209 1649 275 1715 Gad
290 1663 322 1714 et
338 1650 475 1715 dimidiae
492 1651 592 1715 trihus
611 1649 752 1716 bianasse
773 1673 930 1742 exponere
945 1649 1099 1726 volentes,

80 1755 220 1822 ausculta.
242 1757 306 1837 Qui
327 1757 396 1824 hacc
419 1770 504 1847 gesta
522 1770 629 1824 narrat
648 1784 717 1847 quae
739 1758 884 1848 legimns,
903 1783 1005 1846 neque
1020 1781 1099 1848 puer

73 1879 135 1941 est,
150 1865 271 1954 qualem
285 1890 379 1954 supra
393 1849 628 1954 descripsimus,
642 1889 745 1954 neque
757 1868 804 1930 vir
821 1866 889 1932 talis
904 1867 1027 1954 aliquis,
1042 1891 1099 1932 ne-

71 2000 143 2066 que
157 1977 269 2051 senior,
293 1999 354 2042 nec
377 1977 507 2041 omnino
524 1975 634 2065 aliquis
656 1977 753 2042 homo
768 1991 833 2051 θεὶς
853 1991 886 2043 et
908 1991 943 2042 nt
964 1976 1099 2067 amplius

68 2083 186 2173 aliquid
203 2084 320 2160 dicam,
342 2107 402 2150 nec
423 2082 618 2172 Angelorum
640 2083 753 2172 aliquis
776 2097 831 2150 aut
855 2087 1007 2152 virtutum
1031 2109 1098 2154 cm-

70 2192 201 2256 iestium.
216 2203 286 2256 est:
313 2191 382 2266 sed,
407 2193 489 2259 sicut
511 2192 638 2260 traditio
658 2196 817 2280 majorum
839 2207 939 2269 tenet,
962 2196 1097 2283 Spiritus
1168 2209 1172 2213 “

68 2313 200 2366 sanctus
213 2300 278 2366 hec
294 2312 410 2367 narrat.
426 2301 518 2368 Unde
534 2303 618 2368 enim
632 2316 754 2391 poterat
767 2303 903 2392 Moyses,
917 2304 964 2369 vei
977 2328 1046 2391 quae
1057 2307 1096 2370 ab

64 2406 192 2494 origine
202 2408 308 2473 mundi
322 2421 408 2497 gesta
418 2420 504 2484 sunt,
516 2409 563 2475 vei
575 2433 644 2496 quae
658 2412 688 2474 in
702 2410 764 2475 fine
776 2412 844 2498 ejus
860 2423 948 2476 erant
961 2411 1097 2500 gerenda

57 2536 210 2588 narrare,
226 2514 284 2578 nisi
296 2537 353 2602 per
367 2515 606 2604 inspirationem
622 2516 758 2605 Spiritus
774 2517 854 2581 Deii’
871 2517 960 2584 Unde
975 2519 1098 2606 potuis-

55 2633 111 2687 set
123 2622 316 2710 prophetare
329 2624 521 2698 de-Cbristo,
536 2625 593 2689 nisi
606 2623 756 2712 loquente
769 2625 888 2715 Spiritu
901 2639 1009 2694 sancto
1018 2627 1034 2692 i
1044 2628 1097 2694 Sio

54 2733 154 2800 enim
169 2745 202 2798 et
217 2733 284 2820 ipse
297 2731 441 2799 Christu's
452 2736 481 2800 ei
495 2735 709 2800 testimonium
726 2735 844 2812 reddit,
860 2749 893 2801 et
912 2737 1014 2803 dicit:
1039 2737 1098 2802 «Si
1120 2791 1122 2797 Α

53 2875 70 2908 ι
89 2843 268 2910 crederetis
283 2843 395 2931 Moysi,
413 2844 584 2910 crederetis
600 2845 709 2932 utique
725 2856 757 2910 et
773 2845 861 2910 mihi.
879 2847 927 2911 De
946 2869 996 2912 me
1011 2849 1098 2913 enim

48 2985 69 3019 ι
89 2953 145 3020 ilie
164 2953 293 3040 scripsit
306 2952 327 3016 ⁴.
345 2981 357 3014 s
374 2953 408 3018 Si
430 2967 535 3019 autem
552 2951 635 3028 iilius
651 2953 763 3019 litteris
783 2977 847 3020 non
863 2957 1004 3033 creditis,
1021 2961 1098 3045 quo*-

50 3066 164 3134 modo
181 3063 264 3128 meis
282 3063 385 3129 verbis
405 3063 562 3128 credetis?
576 3064 707 3129 Constat
721 3087 797 3152 ergo
812 3089 848 3130 ea
871 3067 1098 3154 perspiritum

44 3186 218 3241 sanctum
239 3173 338 3247 dicta,
353 3182 387 3236 et
404 3171 475 3236 ideo
491 3173 683 3238 conveniens
698 3173 823 3237 ridetur
840 3173 908 3239 haec
923 3177 1099 3242 secundum

41 3283 269 3372 dignitatem,
296 3283 362 3348 Into
388 3281 496 3370 potius
517 3282 693 3348 secundum
720 3281 917 3369 majestatem
940 3274 1098 3372 loquentis

41 3387 216 3476 intelligi.
241 3389 303 3454 Sed
325 3402 357 3453 et
380 3387 456 3454 iilud
477 3387 539 3454 hoc
560 3387 685 3455 intono
704 3410 882 3453 memorare
901 3391 1099 3476 aptissimum

39 3503 167 3572 duco,
187 3499 271 3585 qnod
284 3498 459 3572 Abrabam,
476 3519 549 3563 cum
567 3497 692 3561 audiret
707 3494 795 3560 iilum
817 3496 944 3561 divitem
960 3501 1099 3586 positum

27 3614 74 3678 in
98 3606 283 3671 tormentis
298 3627 409 3692 rogare
425 3629 458 3670 se
471 3616 505 3670 ut
522 3605 746 3680 dimitteretur,
762 3617 794 3668 et
811 3605 937 3671 veniens
952 3624 1098 3676 moneret

25 3723 175 3788 fratres
200 3737 279 3779 suos
293 3715 345 3803 pie
363 3715 478 3789 vivere,
490 3737 530 3778 ne
545 3726 577 3778 ct
592 3713 649 3802 ipsi
662 3715 693 3779 in
709 3713 814 3779 locum
827 3713 917 3781 illurn
928 3717 1097 3784 descende·

21 3839 117 3896 rent
140 3836 403 3900 tormentorum,
422 3823 583 3912 respondit
603 3825 644 3900 ri,
661 3824 732 3911 quia
749 3851 761 3886 ι
778 3825 903 3892 Habent
917 3825 1048 3911 Moysen
1065 3839 1098 3892 et

61 3958 73 3993 ¹
89 3957 190 4006 loen.
203 3969 233 4013 v,
243 3953 282 4012 45.
