2776 4616
265 243 327 318 lla
706 262 845 304 oniensis

268 389 300 438 ut
316 375 590 441 tabernaculorum
606 379 757 463 requiras,
772 390 804 443 et
821 378 921 443 Jacob
937 387 1030 465 atquo
1047 376 1141 444 lsrael
1157 379 1265 444 dirersi-

267 496 377 559 tatem,
392 487 486 552 etiam
507 487 545 552 de
566 487 627 552 hoe
644 484 710 552 talis
731 487 872 574 quaedam
888 487 1033 552 habenda
1049 487 1204 553 distinctio
1216 499 1266 552 ost.

268 595 386 660 Domus
403 619 451 661 res
467 613 513 662 ast
528 597 656 662 lundata
669 621 705 662 ae
722 597 853 673 subitis,
868 611 899 662 et
916 597 1008 664 certis
1024 598 1165 662 terminis
1179 611 1267 686 septa.
1363 589 1364 650 l

268 703 482 772 Tabernaculu
494 730 566 772 uero
578 721 651 774 sunt
664 708 841 775 habitacula
854 709 997 795 quedam
1011 731 1122 775 eorum
1139 709 1189 796 qui
1202 731 1273 773 sam·

267 835 324 901 per
339 815 371 878 in
387 818 433 882 viu
448 829 533 892 sunt,
552 829 585 882 et
603 841 727 906 sempor
745 817 919 892 ambulant,
939 841 997 883 noe
1017 818 1136 883 itineris
1154 818 1201 882 sui
1219 829 1276 881 ter·

269 923 390 990 minum
414 940 607 1014 repererunt.
631 928 729 1016 Igitur
751 928 1032 994 Jacobhahendus
1053 927 1150 992 estin
1171 949 1275 992 eorum
1363 957 1364 994 i

269 1035 409 1120 personis
426 1037 479 1125 qui
495 1038 526 1102 in
541 1038 663 1102 actibus
678 1049 710 1100 et
725 1060 818 1125 opere
832 1037 963 1125 perlecti
979 1047 1051 1102 sunt
1071 1059 1079 1099 :
1099 1033 1191 1102 lsrael
1208 1058 1276 1100 vero

270 1140 312 1206 illi
331 1142 523 1234 intelligendi
539 1160 623 1222 sunt,
639 1148 692 1234 qui
704 1148 842 1212 studium
854 1169 926 1236 erga
938 1146 1122 1234 sapientiam
1137 1166 1174 1208 ae
1184 1143 1278 1208 seien-

269 1252 344 1316 tiam
353 1265 476 1341 gerunt.
490 1255 571 1334 Quia
583 1279 657 1344 ergo
665 1278 796 1343 operum
806 1267 1026 1343 gestorumque
1037 1252 1182 1318 exercitia
1194 1263 1278 1316 nerto

269 1360 333 1426 fine
348 1361 540 1430 clauduntur
558 1365 772 1454 (nequeenim
788 1367 853 1430 sine
872 1365 935 1430 line
950 1377 998 1429 est
1013 1386 1144 1451 operum
1159 1361 1279 1450 persee-

269 1472 325 1560 tio)
346 1477 397 1541 ubi
414 1477 629 1565 adimpleverit
646 1478 715 1564 quis
733 1477 838 1542 omnia
853 1500 923 1562 quae
941 1475 1045 1542 faeere
1060 1474 1180 1548 debuit,
1197 1485 1228 1536 et
1241 1471 1279 1536 ad

269 1581 365 1650 finem
379 1589 579 1677 perfeetionis
594 1612 725 1678 operum
743 1589 874 1662 venerit,
887 1587 1038 1677 perfectio
1056 1587 1120 1674 ipsa
1137 1605 1278 1672 operum,

270 1695 351 1761 hona
363 1697 474 1764 domus
486 1699 554 1780 ejus
568 1721 635 1763 esse
647 1697 780 1763 dicetur.
796 1698 913 1762 Eorum
926 1719 999 1761 vero
1012 1696 1063 1784 qui
1079 1695 1236 1783 sapientie
1247 1707 1279 1760 et

270 1805 406 1872 scientiae
421 1831 549 1897 operam
566 1808 654 1883 dant,
670 1809 817 1895 quoniam
833 1807 903 1873 sanis
919 1805 1023 1872 nullus
1040 1808 1108 1894 est(
1117 1806 1186 1892 quis
1200 1804 1275 1868 enim

271 1917 420 1982 terminus
438 1917 495 1982 Dei
515 1918 671 2006 supientiae
687 1918 769 1984 erit?
786 1918 839 1982 abi
860 1929 976 2004 quanto
993 1914 1127 2004 emplius
1142 1917 1211 2004 quis
1228 1937 1281 1980 ae-

269 2029 409 2104 uesserit,
422 2040 509 2096 tuate
524 2029 725 2117 profundiora
741 2030 889 2105 inveniet,
901 2040 933 2094 et
948 2041 1065 2116 quanto
1081 2027 1179 2115 magis
1194 2049 1282 2092 seru-

269 2147 352 2201 tatus
368 2137 472 2211 fuerit,
491 2151 578 2203 tanto
592 2161 628 2203 ea
647 2137 851 2203 ineffabiliore
866 2150 899 2203 et
917 2135 1281 2225 incomprehensibiliora

270 2244 499 2332 ‹loprelrendet3
514 2246 837 2335 incomprehensibilis
852 2247 983 2313 enimet
998 2243 1223 2314 inestimabilis
1237 2259 1285 2312 est

262 2353 326 2418 'Dei
343 2357 489 2443 sapientia
500 2359 526 2445 ),
544 2357 662 2443 ipleirco
678 2379 790 2423 eorum
804 2357 858 2444 qui
877 2357 935 2423 iter
948 2357 1106 2445 sapientire
1123 2356 1179 2420 Dei
1195 2356 1286 2422 inoe-

270 2461 349 2528 dunt
370 2487 433 2529 non
447 2465 556 2529 domos
572 2462 690 2540 laudat,
712 2465 873 2530 nonenim
891 2477 1102 2553 pervenerunt
1117 2466 1157 2530 ad
1172 2465 1287 2540 finem,

271 2573 327 2637 aad
349 2573 549 2640 tabernacula
568 2575 712 2649 miratur,
738 2576 769 2639 in
790 2576 903 2661 quibus
923 2597 1046 2663 semper
1070 2574 1233 2642 ambulant
1254 2587 1291 2641 et

268 2703 392 2772 semper
413 2684 594 2772 proliciunt,
617 2697 649 2750 et
667 2697 784 2771 quanto
811 2686 908 2775 magis
929 2687 1112 2775 proliciunt,
1133 2697 1220 2752 tanto
1242 2689 1292 2752 eis

268 2792 451 2878 proficiendi
466 2796 510 2859 via
524 2808 667 2882 augetur,
680 2806 712 2860 et
727 2795 913 2860 immensum
931 2797 1069 2862 tenditur
1087 2821 1094 2860 :
1109 2809 1141 2864 et
1155 2797 1228 2862 ideo
1243 2797 1291 2862 is-

268 2909 316 2968 tos
331 2905 413 2991 ipsos
428 2905 586 2994 profectus
600 2927 710 2970 eorum
724 2929 781 2994 per
797 2906 939 2994 spiritum
956 2919 1121 2983 contuens,
1136 2909 1288 2974 taberna-

269 3013 338 3078 cula
353 3037 389 3078 ea
405 3015 545 3081 nominat
565 3015 670 3081 lsra'a'l.
689 3017 728 3080 Et
748 3038 820 3081 vere
839 3015 863 3078 si
885 3016 953 3102 quis
972 3016 1109 3081 scientie
1130 3016 1215 3104 oepit
1233 3012 1296 3078 atis

269 3143 347 3205 quos
365 3120 535 3209 proiectus,
555 3134 586 3186 et
601 3121 804 3210 experimenti
821 3118 938 3207 aliquid
957 3121 989 3186 in
1008 3119 1120 3186 talibus
1136 3120 1292 3208 sumpsit.

271 3231 329 3295 scit
344 3230 483 3318 prolecto
504 3231 588 3318 quod
605 3233 657 3296 uhi
674 3230 713 3296 ad
728 3229 864 3319 aliquam
879 3243 1004 3296 rentum
1021 3231 1114 3296 luerit
1129 3230 1296 3297 theoriam

271 3352 301 3424 et
322 3341 511 3429 agnitionem
532 3342 751 3436 mysteriorum
772 3325 992 3430 spiritualium,
1014 3344 1054 3408 ibi
1075 3343 1177 3408 anima
1199 3343 1297 3429 quasi

270 3450 302 3514 in
318 3451 453 3537 quodam
470 3449 673 3518 tabernaculo
688 3453 870 3518 demoratur
888 3476 895 3516 :
913 3476 985 3518 cnm
1002 3475 1075 3518 vero
1093 3475 1132 3518 ex
1150 3452 1199 3518 his
1218 3475 1300 3541 quae

272 3560 386 3646 reperit
405 3558 462 3624 aliu
478 3584 585 3624 rursus
598 3560 741 3636 rimatur,
758 3572 790 3626 et
805 3560 845 3627 ad
860 3559 935 3626 alios
954 3560 1079 3650 proficit
1093 3559 1302 3636 intellectus,

272 3669 344 3734 inde
361 3669 449 3759 quusi
467 3666 588 3733 elevato
609 3668 810 3746 tabernaculo
833 3669 930 3735 tendit
946 3670 985 3734 ad
1004 3670 1175 3757 superiora,
1195 3683 1235 3734 et
1253 3671 1303 3736 ibi

272 3776 404 3844 collocat
414 3779 508 3844 animi
520 3773 795 3855 sedem,sensuum
805 3777 971 3844 stabilitate
982 3778 1155 3850 confixamr
1169 3791 1205 3844 et
1219 3779 1304 3844 inde

272 3891 386 3954 iterum
405 3911 443 3954 ex
459 3889 530 3977 ipsis
552 3887 626 3954 alios
644 3890 762 3955 invenit
779 3886 951 3976 spirituales
968 3911 1088 3962 sensus,
1108 3911 1187 3974 quos
1209 3889 1307 3977 prio-
