2744 4600
404 305 437 350 rrs
462 307 602 352 suussos
626 306 755 350 nonrnru
780 307 856 350 xxrr.
1081 297 1140 380 tqr

112 425 266 518 corporali
283 427 382 515 coepit
397 439 542 514 aspectu,
558 427 589 491 iu
606 426 717 515 spiritu
732 425 877 500 effectus,
891 439 923 492 et
937 427 1022 492 nuda
1038 443 1146 494 mente

111 539 149 604 ad
167 535 323 604 auditoria
338 547 372 599 et
385 534 609 623 discipulatum
625 534 785 624 supientiae
796 557 982 624 properans,
996 536 1146 604 velociter

2 727 5 736 y
111 670 223 714 eorum
246 647 386 712 rationes
403 659 589 734 assequatur
607 656 640 711 et
660 668 779 712 causas.
800 646 881 713 Nam
896 647 975 735 quid
988 647 1147 714 videbitur

6 801 8 808 ι
115 757 256 823 utilitatis
275 769 308 822 ut
324 756 495 823 decessuro
510 756 549 823 de
564 754 694 832 saeculo,
709 767 742 821 et
757 756 854 822 finem
871 757 943 824 vite
957 757 1053 847 hujus
1070 780 1146 848 pro-

114 868 199 934 tinus
219 878 388 953 accepturo
411 865 654 932 ostenderentur
675 879 767 932 terrae
788 878 821 932 et
842 866 911 934 loon
932 891 1068 956 quorum
1086 891 1146 935 nec

114 976 258 1044 laborem
272 998 478 1065 perpessurus
494 987 588 1051 esset,
604 999 664 1042 nec
679 976 812 1064 gretiam
828 977 1055 1065 suscepturus?
1069 977 1145 1042 Per-

0 1142 2 1159 ,
112 1098 212 1151 terret
227 1107 278 1150 me
297 1107 372 1150 sanc
388 1107 494 1152 sermo
509 1084 562 1170 qui
577 1084 732 1170 sequitur,
748 1095 781 1148 et
796 1084 837 1149 ud
852 1083 1024 1151 dicendum
1042 1083 1147 1151 reddit

114 1194 261 1260 timidum
280 1213 319 1257 ec
333 1192 508 1280 trepidum,
524 1214 588 1278 quo
607 1193 647 1258 de
664 1215 779 1280 magno
794 1190 848 1257 ilio
862 1191 971 1281 Moyse
986 1191 1105 1260 famulo
1115 1207 1148 1259 et

2 1291 3 1300 ἵ
111 1303 215 1368 amico
231 1301 302 1376 Dei,
320 1302 371 1366 oui
387 1301 467 1367 secie
482 1299 521 1365 ud
535 1299 648 1368 faciem
660 1298 786 1366 locutus
800 1313 849 1366 est
862 1300 961 1378 Deus,
978 1325 1036 1390 per
1051 1325 1145 1391 quern

6 1404 11 1413 ²
112 1412 200 1498 signa
215 1422 247 1475 et
263 1410 394 1476 virtutes
410 1409 554 1476 mirifice·
568 1419 757 1497 perpetrate
771 1421 857 1484 sunt,
875 1422 940 1476 tam
950 1411 1069 1499 gravia,
1082 1424 1147 1492 tam

2 1511 5 1516 ’
113 1518 289 1607 periculosa
305 1519 496 1585 reseruntur.
513 1518 602 1597 Quid
616 1519 701 1586 enirn
716 1518 745 1583 ei
762 1518 838 1585 dicit
853 1519 981 1586 Densi«
994 1521 1034 1586 Et
1048 1542 1147 1610 appo-

1 1656 3 1663 ·
116 1656 131 1688 a
145 1627 243 1704 neris,
260 1628 381 1713 inquit,
398 1628 440 1697 cd
453 1625 607 1716 populum
621 1637 712 1694 tuum
726 1636 759 1692 et
773 1639 821 1703 tu,
834 1629 916 1694 sicut
928 1630 1088 1717 appositus
1102 1642 1150 1694 est

25 1725 30 1732 ’
114 1768 127 1798 r
146 1737 252 1804 Aaron
267 1737 362 1804 irater
377 1750 451 1804 tuus
466 1738 499 1803 in
514 1749 624 1804 monte
638 1738 687 1803 Or
695 1737 716 1802 ¹.
733 1739 795 1804 »Et
810 1739 897 1828 quusi
921 1761 1049 1805 cauum
1067 1761 1149 1806 mor-

1 1937 2 1940 *
112 1849 153 1914 tis
171 1849 302 1936 exponit
317 1848 426 1916 dicens
439 1870 447 1912 ι
462 1848 614 1936 «Propter
625 1848 711 1935 quod
724 1847 907 1937 transgressi
923 1851 997 1915 estis
1015 1851 1148 1916 verbum

113 1986 127 2020 s
143 1980 252 2024 meum
268 1958 302 2026 in
319 1958 443 2024 deserto
455 1957 526 2033 Sin,
538 1981 613 2024 curn
626 1958 741 2024 restitit
752 1981 909 2048 synogoga
921 1983 962 2025 nc
974 1981 1025 2025 me
1037 1960 1151 2026 sancti·

113 2095 127 2128 s
143 2066 264 2132 ficaret.
284 2066 356 2134 Non
372 2089 424 2133 me
439 2065 660 2133 sanctificastis
675 2067 708 2132 in
719 2088 799 2154 aqua
812 2089 920 2134 coram
931 2068 987 2132 eis.
1003 2069 1149 2157 »Ergone

2 2163 5 2166 ’
114 2177 148 2240 in
168 2173 261 2264 culpa
279 2188 327 2242 ast
346 2176 442 2268 etism
456 2175 720 2264 MoysesiEtium
731 2177 798 2265 ipse
814 2176 1070 2264 transgressionis
1085 2177 1150 2242 cri-

117 2305 195 2348 men
218 2283 362 2359 incurrit,
378 2285 475 2352 etiam
497 2285 565 2371 ipsa
585 2283 686 2352 sactus
702 2295 750 2350 est
769 2285 828 2350 sub
849 2297 992 2372 peccato.
1012 2283 1149 2360 Idcirco,

0 2390 1 2411 ³
116 2391 230 2467 credo,
246 2414 320 2458 cum
343 2393 538 2460 confidentia
560 2393 688 2460 dicebat
699 2393 883 2482 Apostolus,
899 2395 972 2481 qnia
988 2395 1153 2483 «regnarit

1 2549 2 2554 1
114 2531 128 2562 ι
147 2523 233 2566 mors
244 2502 285 2566 ab
293 2500 397 2591 Adam
408 2525 508 2588 usqne
525 2501 565 2566 ud
575 2500 706 2589 Moysen
715 2501 736 2566 ².
749 2502 914 2568 rAccessit
924 2501 1009 2566 enirn
1019 2501 1059 2567 ud
1066 2501 1152 2589 Moy·

113 2620 230 2688 sen,et
242 2631 302 2678 nec
313 2609 372 2698 ipsi
381 2610 533 2699 pepercit.
543 2612 583 2675 Et
594 2611 679 2686 idco,
689 2611 815 2700 opinor,
827 2610 1152 2699 dicebat,quie«pec-
1250 2669 1258 2676 .

1 2715 2 2810 J
114 2747 128 2780 ι
148 2729 258 2784 catum
270 2719 411 2786 introivit
422 2719 455 2784 in
468 2717 556 2784 hunc
567 2717 738 2794 mundum,
752 2728 785 2783 et
799 2741 854 2806 per
870 2730 1039 2806 peecatum
1051 2739 1150 2792 mors,

115 2855 129 2888 a
147 2826 180 2890 in
191 2848 377 2913 quoomnes
389 2825 631 2914 peccaverunt⁸.
645 2827 709 2891 »Et
720 2826 852 2893 iterum:
867 2821 1055 2892 «Conclusit
1067 2826 1152 2893 Deus

115 2963 129 2996 s
145 2923 331 3000 omnes'sub
343 2946 488 3022 peccato,
500 2946 536 3000 ut
547 2935 695 3000 omuibus
707 2934 924 3005 misereatur⁴.
938 2934 1026 3002 »Sed
1037 2938 1151 3026 gratius

116 3044 257 3115 Domino
271 3043 348 3110 «iesu
365 3044 504 3120 Christo,
523 3044 577 3134 qui
592 3065 650 3110 nos
670 3040 814 3109 liberarit
834 3043 874 3108 de
895 3067 1028 3133 corpore
1043 3048 1152 3113 mortis

2 3163 4 3190 ¹
116 3156 229 3243 hujus,
247 3165 282 3222 ut
297 3154 350 3221 uhi
367 3154 541 3222 abundavit
554 3165 737 3242 peccatum,
754 3154 1026 3241 superabundaret
1040 3157 1150 3245 gratio.

1 3264 7 3302 ³
120 3264 205 3332 Nam
219 3263 344 3352 Moyses
359 3264 521 3352 quomodo
532 3262 671 3351 aliquem
688 3262 822 3329 liberare
839 3263 992 3350 potuisset
1006 3287 1023 3329 a
1039 3287 1154 3353 pecca·

119 3372 179 3444 tis,
195 3392 269 3437 cum
285 3372 379 3438 etium
396 3373 453 3461 ipsi
470 3372 612 3440 dicatur:
633 3372 715 3451 Quin
736 3372 919 3458 transgressi
933 3373 1007 3438 estis
1022 3375 1154 3440 verbum

121 3500 235 3546 meum
249 3479 279 3544 in
294 3480 418 3550 deserto
436 3481 505 3557 Sin,
521 3493 553 3548 et
569 3505 633 3548 non
649 3505 700 3548 me
716 3480 935 3547 sanctificastis
952 3481 983 3546 in
999 3505 1080 3570 aqua
1097 3506 1151 3550 co·

2 3593 7 3633 Ξ
120 3609 194 3652 ram
209 3585 279 3654 tiliis
301 3589 419 3655 lsraiiii
438 3603 471 3657 ut
487 3589 687 3657 manifestum
702 3592 742 3655 sit
758 3589 905 3656 omnibns
925 3593 1010 3678 qnod
1029 3591 1081 3658 ilie
1098 3593 1155 3658 de·
1196 3633 1197 3636 =

118 3699 197 3762 beat
207 3694 292 3762 scius
306 3698 434 3784 requiri,
449 3700 501 3786 qui
515 3698 599 3766 solus
612 3684 779 3787 peccatum
793 3721 856 3763 non
869 3699 954 3776 tecit,
969 3724 1028 3767 nec
1044 3703 1149 3767 inven-

119 3818 172 3870 tus
188 3815 237 3872 est
252 3804 343 3872 dolus
359 3809 390 3873 in
407 3831 462 3876 ore
476 3809 555 3895 ejus.

138 3931 146 3964 ¹
158 3931 740 3996 Numano,15,1t.-²ttom.r.1t.-⁸1b.
753 3936 1071 3999 rn.-⁸ld.xr‚52.-⁵ld.
1083 3952 1154 3994 mo,
