2660 4610
320 304 351 346 ιιι
377 301 539 344 cnnrrcuu
562 302 763 346 cssrrccncu
787 302 848 344 nin.
877 303 898 343 1.
1062 281 1125 367 587
1189 285 1193 292 '

91 425 216 515 sponsi,
232 433 265 489 et
279 424 407 488 interno
422 421 551 489 vulnere
567 425 684 490 amoris
699 425 868 513 agitatam,
882 425 1058 490 orationem
1075 425 1131 512 (ut

92 533 248 620 diximus)
262 530 394 596 fundere
409 532 451 596 ad
466 533 589 607 Deum,
603 544 635 596 et
648 533 753 598 dicere
766 532 805 597 de
817 555 933 619 sponso
945 553 1022 598 suc:
1046 561 1059 594 ι
1076 533 1133 599 Os-

95 639 243 706 rculetur
259 662 310 704 me
326 640 366 704 ab
381 637 490 706 osculo
501 640 564 704 cris
577 640 625 706 sui
636 639 687 706 ’.ι
712 641 789 706 Haec
807 651 882 705 sunt
897 662 966 728 quae
984 641 1133 707 dramatis

94 748 128 812 in
143 748 275 815 modurn
287 748 460 836 composita
471 747 621 814 historico
636 748 779 813 continet
793 746 982 836 explanatio.
998 749 1134 814 lnterior

94 877 171 919 vero
186 852 363 920 intellectus
374 855 536 920 videamus
547 855 572 919 si
588 856 651 920 boc
666 855 764 919 modo
779 856 896 943 poterit
913 867 1133 944 competenter

94 963 205 1050 aptari.
222 960 363 1028 Ecclesia
378 962 418 1026 sit
434 961 616 1028 desiderans
634 963 762 1028 Christo
779 963 942 1051 conjungi.
956 963 1132 1030 Ecclesiam

91 1081 201 1136 autem
227 1081 346 1136 cetum
361 1070 505 1135 omnium
525 1070 654 1134 adverte
676 1081 871 1136 sanctorum
890 1071 966 1137 Haec
980 1095 1056 1160 ergo
1071 1073 1135 1137 an

82 1173 189 1242 clesia
204 1175 246 1239 sit
261 1175 349 1261 quasi
361 1175 504 1240 omnium
517 1197 580 1240 una
592 1195 726 1263 persona
734 1221 743 1252 ,
753 1197 824 1262 quae
831 1165 979 1262 loquatur
985 1187 1018 1241 et
1030 1176 1133 1242 dicate

93 1281 211 1349 Omnia
232 1281 355 1358 habeo,
378 1281 498 1371 replete
517 1303 589 1347 sum
611 1283 798 1348 muneribus
823 1304 893 1370 quae
908 1283 1136 1371 sponsaliorum

95 1389 144 1456 rel
172 1389 256 1455 dotis
277 1389 370 1455 titulo
390 1402 464 1456 ante
486 1391 613 1479 nuptiae
639 1391 769 1480 sumpsi.
806 1390 936 1456 Dudum
955 1392 1041 1459 onim
1061 1409 1138 1458 cum

98 1517 291 1586 praeparsrer
312 1497 352 1563 ad
371 1498 558 1586 conjugium
581 1497 636 1563 lilii
658 1498 739 1587 regis
759 1509 791 1564 et
810 1498 1012 1587 primogeniti
1034 1499 1137 1566 omnis

5 1679 7 1682 ,
99 1597 273 1680 cleomrae,
301 1606 445 1671 obsecuti
469 1616 600 1672 suntet
624 1606 884 1671 ministraverunt
912 1606 990 1672 mihi
1021 1606 1133 1696 Angeli

100 1712 200 1780 uncti
225 1713 314 1800 ejus,
338 1711 514 1778 delerentes
539 1712 581 1778 ud
600 1735 652 1778 me
676 1713 794 1802 Legem
821 1712 974 1802 sponsalis
996 1716 1138 1780 muneris

1 1829 2 1834 ’
96 1819 179 1887 loco.
200 1821 266 1888 Lex
281 1841 419 1908 namque
440 1844 497 1910 per
517 1818 654 1910 Angelos
677 1821 826 1910 disposita
847 1822 963 1888 dicitur
983 1821 1017 1887 in
1040 1845 1139 1889 manu

9 1991 13 2020 ᾖ
97 1925 280 1995 mediatoris
290 1927 312 1993 ἰ
331 1928 588 1995 Ministraverunt
603 1927 682 1994 mibi
704 1929 800 1994 etiam
823 1919 996 2018 prophetoe.
1020 1929 1137 1996 Locuti

5 2107 10 2126 g
92 2047 169 2102 sunt
185 2037 274 2102 enim
289 2037 395 2102 omnia
410 2036 532 2124 stipsi,
551 2056 609 2124 per
630 2058 701 2122 quae
722 2059 787 2101 non
808 2034 912 2101 solnm
932 2039 1138 2104 ostenderent
1212 2119 1219 2130 ι

10 2207 15 2248 ¹
90 2157 126 2210 et
139 2146 318 2211 indicarent
334 2126 412 2211 mibi
427 2145 467 2210 de
483 2142 549 2210 lilio
564 2144 641 2218 Dei,
658 2145 710 2208 cui
723 2165 775 2208 me
791 2141 901 2208 delatis
919 2144 968 2209 his
987 2168 1059 2232 quoe
1076 2170 1134 2235 ap·
1222 2229 1223 2234 ἵ

1 2295 14 2362 p
91 2251 362 2343 pellanturarrbis
372 2265 406 2318 et
416 2252 603 2318 muneribus
613 2249 772 2317 dotalibus
780 2249 1135 2340 sponderecupiebant:

93 2385 208 2429 verum
225 2373 261 2427 ut
279 2373 312 2426 et
328 2363 360 2427 in
376 2383 519 2434 amorem
534 2379 588 2425 me
605 2361 675 2447 ejus
690 2357 946 2446 desideriumque
962 2361 1139 2426 succende-

5 2451 6 2454 *
89 2484 167 2538 rent
181 2471 472 2560 pronunciaverunt
489 2469 567 2534 mihi
583 2469 779 2558 propheticis
795 2469 928 2534 vocibus
945 2467 984 2534 de
1001 2469 1139 2536 adventu

3 2575 5 2578 ’
86 2581 183 2668 ejus,
199 2579 283 2646 etde
297 2578 471 2644 innumeris
487 2576 674 2651 virtutibus,
693 2575 907 2664 operibusque
921 2577 991 2664 ejus
1007 2577 1140 2643 immen-

7 2643 26 2804 ἰ
84 2687 135 2752 sis
162 2685 274 2774 repleti
298 2685 418 2773 Spiritu
438 2695 549 2749 sancto
569 2681 834 2773 predicaverunt.
862 2681 1138 2750 pulchritudinem

1 2854 30 2903 s,
83 2815 224 2882 quoque
235 2792 324 2880 ejus,
336 2804 369 2858 et
377 2792 518 2881 speciem
529 2814 584 2866 ,sc
596 2789 875 2856 mansuetudinem
890 2789 1137 2879 descripserunt,

6 2907 7 2910 ’
80 2905 135 2970 tta
153 2913 190 2966 ut
202 2901 350 2967 omnibus
368 2899 418 2966 bis
436 2898 479 2966 ad
500 2919 642 2964 amorem
665 2899 735 2986 ejus
762 2895 1002 2964 intolerabiliter
1016 2896 1141 2965 inflam-

9 2975 34 3100 ’ἦ
78 3033 211 3078 morer.
227 3009 292 3076 Sed
308 3007 458 3097 quoniam
475 2995 702 3094 saeculumjam
722 3026 803 3092 pene
819 3003 945 3070 linitum
960 3015 1025 3081 est,
1047 3018 1081 3072 et
1095 3007 1140 3095 ip-

9 3101 14 3108 *
75 3121 160 3187 sius
173 3117 303 3206 quidem
318 3107 564 3205 praesentia'non
577 3113 671 3179 datur
686 3112 787 3178 mibi:
804 3112 887 3176 solos
904 3123 1011 3178 autem
1029 3114 1141 3180 minis-

72 3239 161 3294 tros
173 3227 244 3313 ejus
255 3225 348 3290 video
361 3222 571 3290 ascendentes
586 3233 618 3286 et
634 3219 861 3286 descendentes
869 3217 910 3310 ad
921 3241 993 3294 me.
1010 3233 1140 3312 propter

1 3353 3 3367 ¹
27 3407 41 3440 ἐ
72 3337 161 3404 hoc
177 3336 219 3400 od
239 3346 270 3398 te
288 3345 413 3423 petrem
433 3333 538 3421 sponsi
557 3330 620 3396 mei
643 3349 772 3418 precem
794 3327 894 3392 tundo
909 3339 942 3392 et
957 3331 1090 3397 obsecro
1107 3347 1142 3397 ut

28 3435 42 3456 ²
68 3445 228 3516 tandem
249 3445 416 3510 miseratus
437 3463 579 3508 amorem
603 3450 748 3504 nostrum
772 3437 878 3503 mittas
901 3461 996 3504 eum:
1017 3452 1052 3505 ut
1074 3441 1138 3529 jam

4 3519 42 3578 td
63 3578 158 3625 non
174 3550 255 3618 mihi
271 3574 329 3640 per
340 3552 500 3617 ministros
512 3572 585 3616 suos
599 3544 736 3636 Angelos
749 3545 901 3611 duntaxat
918 3557 950 3610 et
967 3547 1138 3637 propbetas

2 3645 33 3700 s³
60 3665 265 3752 loquatur,
282 3659 339 3725 sed
353 3659 418 3748 ipse
432 3681 489 3748 per
505 3656 711 3744 semetipsum
726 3653 847 3728 reniet,
866 3663 899 3718 et
913 3651 1075 3720 osculetur
1085 3679 1140 3721 me

1 3759 45 3803 ro*
60 3773 118 3838 ab
139 3762 264 3834 osculo
276 3765 339 3828 oris
355 3761 421 3838 sui,
438 3761 664 3829 verbascilicet
678 3761 710 3825 in
724 3779 759 3824 os
771 3777 880 3824 meum
893 3757 939 3822 sui
957 3757 1019 3823 oris
1034 3757 1138 3826 iniun-

0 3902 1 3911 ,
18 3855 43 3907 re

111 3929 125 3962 ¹
145 3920 230 3972 Cant.
244 3935 306 3981 r,n.
319 3941 344 3953 *-
360 3916 371 3949 ²
384 3913 466 3966 Galat.
480 3931 520 3964 ιιι.
