<?xml version="1.0" encoding="UTF-8"?>
<!DOCTYPE html PUBLIC "-//W3C//DTD XHTML 1.0 Transitional//EN"
    "http://www.w3.org/TR/xhtml1/DTD/xhtml1-transitional.dtd">
<html xmlns="http://www.w3.org/1999/xhtml" xml:lang="en" lang="en">
 <head>
  <title>
</title>
<meta http-equiv="Content-Type" content="text/html;charset=utf-8" />
  <meta name='ocr-system' content='tesseract 3.04.00' />
  <meta name='ocr-capabilities' content='ocr_page ocr_carea ocr_par ocr_line ocrx_word'/>
</head>
<body>
  <div class='ocr_page' id='page_1' title='image "./collectioselect01guilgoog_1073.png"; bbox 0 0 2644 4612; ppageno 0'>
   <div class='ocr_carea' id='block_1_1' title="bbox 312 275 1142 344">
    <p class='ocr_par' dir='ltr' id='par_1_1' title="bbox 312 275 1142 344">
     <span class='ocr_line' id='line_1_1' title="bbox 312 275 1142 344; baseline -0.002 -4"><span class='ocrx_word' id='word_1_1' title='bbox 312 297 344 342; x_wconf 85' lang='grc' dir='ltr'>ιιι</span> <span class='ocrx_word' id='word_1_2' title='bbox 369 297 530 344; x_wconf 79' lang='lat' dir='ltr'>cnartcuu</span> <span class='ocrx_word' id='word_1_3' title='bbox 553 297 757 342; x_wconf 79' lang='lat' dir='ltr'>caarrcoauu</span> <span class='ocrx_word' id='word_1_4' title='bbox 781 298 842 342; x_wconf 80' lang='lat' dir='ltr'>ern.</span> <span class='ocrx_word' id='word_1_5' title='bbox 869 295 916 340; x_wconf 93' lang='grc' dir='ltr'><strong>ιιι.</strong></span> <span class='ocrx_word' id='word_1_6' title='bbox 1079 275 1142 338; x_wconf 79' lang='lat' dir='ltr'>toa</span> 
     </span>
    </p>
   </div>
   <div class='ocr_carea' id='block_1_2' title="bbox 2 411 1147 829">
    <p class='ocr_par' dir='ltr' id='par_1_2' title="bbox 2 411 1147 829">
     <span class='ocr_line' id='line_1_2' title="bbox 10 411 1144 503; baseline -0.003 -24"><span class='ocrx_word' id='word_1_7' title='bbox 10 463 16 502; x_wconf 49' lang='lat'><strong>5</strong></span> <span class='ocrx_word' id='word_1_8' title='bbox 105 413 285 482; x_wconf 78' lang='lat' dir='ltr'>conveniet.</span> <span class='ocrx_word' id='word_1_9' title='bbox 313 411 396 478; x_wconf 84' lang='lat' dir='ltr'>Cum</span> <span class='ocrx_word' id='word_1_10' title='bbox 417 415 503 481; x_wconf 91' lang='lat' dir='ltr'>enim</span> <span class='ocrx_word' id='word_1_11' title='bbox 525 414 590 502; x_wconf 88' lang='lat' dir='ltr'>pati</span> <span class='ocrx_word' id='word_1_12' title='bbox 613 415 848 503; x_wconf 75' lang='lat' dir='ltr'>persecutiones</span> <span class='ocrx_word' id='word_1_13' title='bbox 869 425 902 482; x_wconf 86' lang='lat' dir='ltr'>et</span> <span class='ocrx_word' id='word_1_14' title='bbox 923 411 1144 482; x_wconf 72' lang='lat' dir='ltr'><strong>tribulationes</strong></span> 
     </span>
     <span class='ocr_line' id='line_1_3' title="bbox 2 521 1145 614; baseline -0.001 -23"><span class='ocrx_word' id='word_1_15' title='bbox 2 546 6 568; x_wconf 84' lang='grc'>·-</span> <span class='ocrx_word' id='word_1_16' title='bbox 105 526 303 614; x_wconf 80' lang='lat' dir='ltr'>permittitur</span> <span class='ocrx_word' id='word_1_17' title='bbox 316 524 475 603; x_wconf 76' lang='lat' dir='ltr'><strong>Ecclesia,</strong></span> <span class='ocrx_word' id='word_1_18' title='bbox 495 527 608 592; x_wconf 84' lang='lat' dir='ltr'>absens</span> <span class='ocrx_word' id='word_1_19' title='bbox 624 525 654 600; x_wconf 84' lang='lat' dir='ltr'>ei</span> <span class='ocrx_word' id='word_1_20' title='bbox 672 525 805 590; x_wconf 79' lang='lat' dir='ltr'>ridetur.</span> <span class='ocrx_word' id='word_1_21' title='bbox 822 525 865 590; x_wconf 89' lang='lat' dir='ltr'>Et</span> <span class='ocrx_word' id='word_1_22' title='bbox 878 546 1005 590; x_wconf 87' lang='lat' dir='ltr'>rursum</span> <span class='ocrx_word' id='word_1_23' title='bbox 1020 545 1096 589; x_wconf 89' lang='lat' dir='ltr'>cum</span> <span class='ocrx_word' id='word_1_24' title='bbox 1111 521 1145 590; x_wconf 86' lang='lat' dir='ltr'>in</span> 
     </span>
     <span class='ocr_line' id='line_1_4' title="bbox 4 631 1147 722; baseline -0.003 -23"><span class='ocrx_word' id='word_1_25' title='bbox 4 655 14 664; x_wconf 72' lang='grc'>’</span> <span class='ocrx_word' id='word_1_26' title='bbox 104 655 187 722; x_wconf 80' lang='lat' dir='ltr'>pace</span> <span class='ocrx_word' id='word_1_27' title='bbox 200 632 345 722; x_wconf 88' lang='lat' dir='ltr'>proiicit,</span> <span class='ocrx_word' id='word_1_28' title='bbox 364 645 396 698; x_wconf 89' lang='lat' dir='ltr'>et</span> <span class='ocrx_word' id='word_1_29' title='bbox 415 635 449 699; x_wconf 88' lang='lat' dir='ltr'>in</span> <span class='ocrx_word' id='word_1_30' title='bbox 463 633 528 700; x_wconf 81' lang='lat' dir='ltr'>lide</span> <span class='ocrx_word' id='word_1_31' title='bbox 543 655 580 699; x_wconf 82' lang='lat' dir='ltr'>ee</span> <span class='ocrx_word' id='word_1_32' title='bbox 599 633 690 699; x_wconf 89' lang='lat' dir='ltr'>bonis</span> <span class='ocrx_word' id='word_1_33' title='bbox 706 633 856 721; x_wconf 86' lang='lat' dir='ltr'>operibus</span> <span class='ocrx_word' id='word_1_34' title='bbox 875 631 986 707; x_wconf 86' lang='lat' dir='ltr'>floret,</span> <span class='ocrx_word' id='word_1_35' title='bbox 1007 651 1147 720; x_wconf 79' lang='lat' dir='ltr'>presseras</span> 
     </span>
     <span class='ocr_line' id='line_1_5' title="bbox 6 723 1147 829; baseline -0.002 -25"><span class='ocrx_word' id='word_1_36' title='bbox 6 805 8 814; x_wconf 12' lang='grc' dir='ltr'>ἓ</span> <span class='ocrx_word' id='word_1_37' title='bbox 107 740 138 804; x_wconf 94' lang='lat' dir='ltr'>ei</span> <span class='ocrx_word' id='word_1_38' title='bbox 149 763 218 806; x_wconf 85' lang='lat' dir='ltr'>esse</span> <span class='ocrx_word' id='word_1_39' title='bbox 235 723 428 829; x_wconf 71' lang='lat' dir='ltr'>intelligitur.</span> <span class='ocrx_word' id='word_1_40' title='bbox 451 740 516 807; x_wconf 90' lang='lat' dir='ltr'>Sed</span> <span class='ocrx_word' id='word_1_41' title='bbox 534 752 566 806; x_wconf 90' lang='lat' dir='ltr'>et</span> <span class='ocrx_word' id='word_1_42' title='bbox 581 741 686 809; x_wconf 84' lang='lat' dir='ltr'>anime</span> <span class='ocrx_word' id='word_1_43' title='bbox 704 763 779 808; x_wconf 91' lang='lat' dir='ltr'>cum</span> <span class='ocrx_word' id='word_1_44' title='bbox 794 740 905 827; x_wconf 85' lang='lat' dir='ltr'>quaerit</span> <span class='ocrx_word' id='word_1_45' title='bbox 915 738 1053 828; x_wconf 87' lang='lat' dir='ltr'>aliquem</span> <span class='ocrx_word' id='word_1_46' title='bbox 1072 760 1147 804; x_wconf 64' lang='lat' dir='ltr'>sen-1</span> 
     </span>
    </p>
   </div>
   <div class='ocr_carea' id='block_1_3' title="bbox 5 844 1147 1262">
    <p class='ocr_par' dir='ltr' id='par_1_3' title="bbox 5 844 1147 1262">
     <span class='ocr_line' id='line_1_6' title="bbox 12 844 1147 938; baseline -0.002 -26"><span class='ocrx_word' id='word_1_47' title='bbox 12 899 14 905; x_wconf 92' lang='lat'><em>.</em></span> <span class='ocrx_word' id='word_1_48' title='bbox 34 927 42 938; x_wconf 34' lang='lat'>¹</span> <span class='ocrx_word' id='word_1_49' title='bbox 108 870 197 923; x_wconf 87' lang='lat' dir='ltr'>sum,</span> <span class='ocrx_word' id='word_1_50' title='bbox 209 858 242 912; x_wconf 87' lang='lat' dir='ltr'>et</span> <span class='ocrx_word' id='word_1_51' title='bbox 252 871 424 936; x_wconf 86' lang='lat' dir='ltr'>agnoscere</span> <span class='ocrx_word' id='word_1_52' title='bbox 436 848 570 915; x_wconf 86' lang='lat' dir='ltr'>obscum</span> <span class='ocrx_word' id='word_1_53' title='bbox 582 871 714 936; x_wconf 67' lang='lat' dir='ltr'>quaeque</span> <span class='ocrx_word' id='word_1_54' title='bbox 728 859 761 912; x_wconf 86' lang='lat' dir='ltr'>et</span> <span class='ocrx_word' id='word_1_55' title='bbox 772 847 1074 921; x_wconf 84' lang='lat' dir='ltr'>ercanadeeideret,</span> <span class='ocrx_word' id='word_1_56' title='bbox 1091 844 1147 910; x_wconf 91' lang='lat' dir='ltr'>do-</span> 
     </span>
     <span class='ocr_line' id='line_1_7' title="bbox 5 954 1146 1045; baseline -0.003 -25"><span class='ocrx_word' id='word_1_57' title='bbox 5 983 7 993; x_wconf 89' lang='grc'><strong><em>·</em></strong></span> <span class='ocrx_word' id='word_1_58' title='bbox 108 977 169 1020; x_wconf 88' lang='lat' dir='ltr'>nec</span> <span class='ocrx_word' id='word_1_59' title='bbox 187 955 327 1020; x_wconf 83' lang='lat' dir='ltr'>invenire</span> <span class='ocrx_word' id='word_1_60' title='bbox 344 979 408 1020; x_wconf 92' lang='lat' dir='ltr'>non</span> <span class='ocrx_word' id='word_1_61' title='bbox 427 965 550 1045; x_wconf 87' lang='lat' dir='ltr'>potest,</span> <span class='ocrx_word' id='word_1_62' title='bbox 570 957 683 1022; x_wconf 85' lang='lat' dir='ltr'>absens</span> <span class='ocrx_word' id='word_1_63' title='bbox 700 956 729 1020; x_wconf 89' lang='lat' dir='ltr'>ei</span> <span class='ocrx_word' id='word_1_64' title='bbox 748 955 816 1021; x_wconf 86' lang='lat' dir='ltr'>eine</span> <span class='ocrx_word' id='word_1_65' title='bbox 834 955 932 1021; x_wconf 86' lang='lat' dir='ltr'>dubio</span> <span class='ocrx_word' id='word_1_66' title='bbox 949 965 997 1020; x_wconf 90' lang='lat' dir='ltr'>est</span> <span class='ocrx_word' id='word_1_67' title='bbox 1011 954 1146 1026; x_wconf 84' lang='lat' dir='ltr'>verbum</span> 
     </span>
     <span class='ocr_line' id='line_1_8' title="bbox 6 1060 1144 1152; baseline -0.001 -26"><span class='ocrx_word' id='word_1_68' title='bbox 6 1134 7 1137; x_wconf 8' lang='grc' dir='ltr'><strong>Ἴ</strong></span> <span class='ocrx_word' id='word_1_69' title='bbox 106 1061 175 1127; x_wconf 88' lang='lat' dir='ltr'>Dei.</span> <span class='ocrx_word' id='word_1_70' title='bbox 202 1061 263 1127; x_wconf 92' lang='lat' dir='ltr'>Ubi</span> <span class='ocrx_word' id='word_1_71' title='bbox 284 1085 360 1128; x_wconf 87' lang='lat' dir='ltr'>vero</span> <span class='ocrx_word' id='word_1_72' title='bbox 377 1063 576 1140; x_wconf 88' lang='lat' dir='ltr'>occurrerit,</span> <span class='ocrx_word' id='word_1_73' title='bbox 596 1076 628 1128; x_wconf 89' lang='lat' dir='ltr'>et</span> <span class='ocrx_word' id='word_1_74' title='bbox 649 1063 829 1152; x_wconf 88' lang='lat' dir='ltr'>apparuerit</span> <span class='ocrx_word' id='word_1_75' title='bbox 849 1063 936 1152; x_wconf 89' lang='lat' dir='ltr'>quod</span> <span class='ocrx_word' id='word_1_76' title='bbox 953 1060 1144 1150; x_wconf 82' lang='lat' dir='ltr'>requiritur,</span> 
     </span>
     <span class='ocr_line' id='line_1_9' title="bbox 6 1168 1147 1262; baseline 0 -28"><span class='ocrx_word' id='word_1_77' title='bbox 6 1225 9 1262; x_wconf 41' lang='grc' dir='ltr'>Ξ</span> <span class='ocrx_word' id='word_1_78' title='bbox 106 1172 178 1258; x_wconf 89' lang='lat' dir='ltr'>quis</span> <span class='ocrx_word' id='word_1_79' title='bbox 194 1170 319 1235; x_wconf 83' lang='lat' dir='ltr'>dubitat</span> <span class='ocrx_word' id='word_1_80' title='bbox 335 1168 443 1236; x_wconf 85' lang='lat' dir='ltr'>adesse</span> <span class='ocrx_word' id='word_1_81' title='bbox 459 1172 593 1237; x_wconf 82' lang='lat' dir='ltr'>verbum</span> <span class='ocrx_word' id='word_1_82' title='bbox 611 1171 689 1247; x_wconf 88' lang='lat' dir='ltr'>Dei,</span> <span class='ocrx_word' id='word_1_83' title='bbox 707 1182 740 1237; x_wconf 91' lang='lat' dir='ltr'>et</span> <span class='ocrx_word' id='word_1_84' title='bbox 754 1168 931 1236; x_wconf 85' lang='lat' dir='ltr'>illuminare</span> <span class='ocrx_word' id='word_1_85' title='bbox 952 1181 1093 1236; x_wconf 90' lang='lat' dir='ltr'>mentem</span> <span class='ocrx_word' id='word_1_86' title='bbox 1108 1190 1147 1234; x_wconf 88' lang='lat' dir='ltr'>ac</span> 
     </span>
    </p>
   </div>
   <div class='ocr_carea' id='block_1_4' title="bbox 107 1275 1152 1370">
    <p class='ocr_par' dir='ltr' id='par_1_4' title="bbox 107 1275 1152 1370">
     <span class='ocr_line' id='line_1_10' title="bbox 107 1275 1152 1370; baseline -0.005 -26"><span class='ocrx_word' id='word_1_87' title='bbox 107 1279 248 1344; x_wconf 76' lang='lat' dir='ltr'>scientiae</span> <span class='ocrx_word' id='word_1_88' title='bbox 261 1275 371 1343; x_wconf 88' lang='lat' dir='ltr'>lumen</span> <span class='ocrx_word' id='word_1_89' title='bbox 386 1279 415 1344; x_wconf 90' lang='lat' dir='ltr'>ei</span> <span class='ocrx_word' id='word_1_90' title='bbox 435 1278 604 1367; x_wconf 74' lang='lat' dir='ltr'>praebere?</span> <span class='ocrx_word' id='word_1_91' title='bbox 619 1279 659 1344; x_wconf 88' lang='lat' dir='ltr'>Et</span> <span class='ocrx_word' id='word_1_92' title='bbox 674 1280 789 1344; x_wconf 91' lang='lat' dir='ltr'>iterum</span> <span class='ocrx_word' id='word_1_93' title='bbox 807 1277 941 1344; x_wconf 84' lang='lat' dir='ltr'>subduci</span> <span class='ocrx_word' id='word_1_94' title='bbox 963 1277 1054 1343; x_wconf 88' lang='lat' dir='ltr'>nobis</span> <span class='ocrx_word' id='word_1_95' title='bbox 1070 1297 1152 1370; x_wconf 32' lang='lat' dir='ltr'>eum·</span> 
     </span>
    </p>
   </div>
   <div class='ocr_carea' id='block_1_5' title="bbox 1 1385 1151 1581">
    <p class='ocr_par' dir='ltr' id='par_1_5' title="bbox 1 1385 1151 1581">
     <span class='ocr_line' id='line_1_11' title="bbox 7 1385 1149 1476; baseline -0.003 -25"><span class='ocrx_word' id='word_1_96' title='bbox 7 1443 8 1451; x_wconf 72' lang='grc'>,</span> <span class='ocrx_word' id='word_1_97' title='bbox 108 1398 205 1474; x_wconf 86' lang='lat' dir='ltr'>atque</span> <span class='ocrx_word' id='word_1_98' title='bbox 223 1387 338 1452; x_wconf 87' lang='lat' dir='ltr'>iterum</span> <span class='ocrx_word' id='word_1_99' title='bbox 356 1386 464 1455; x_wconf 87' lang='lat' dir='ltr'>adesse</span> <span class='ocrx_word' id='word_1_100' title='bbox 482 1388 635 1453; x_wconf 88' lang='lat' dir='ltr'>sentimus</span> <span class='ocrx_word' id='word_1_101' title='bbox 647 1411 704 1476; x_wconf 88' lang='lat' dir='ltr'>per</span> <span class='ocrx_word' id='word_1_102' title='bbox 721 1385 923 1475; x_wconf 84' lang='lat' dir='ltr'>singulaquae</span> <span class='ocrx_word' id='word_1_103' title='bbox 934 1397 988 1451; x_wconf 88' lang='lat' dir='ltr'>aut</span> <span class='ocrx_word' id='word_1_104' title='bbox 1001 1385 1149 1474; x_wconf 62' lang='lat' dir='ltr'>aponum</span> 
     </span>
     <span class='ocr_line' id='line_1_12' title="bbox 1 1491 1151 1581; baseline -0.002 -23"><span class='ocrx_word' id='word_1_105' title='bbox 1 1497 2 1504; x_wconf 72' lang='grc'>’</span> <span class='ocrx_word' id='word_1_106' title='bbox 109 1507 187 1570; x_wconf 89' lang='lat' dir='ltr'>tur,</span> <span class='ocrx_word' id='word_1_107' title='bbox 207 1507 262 1560; x_wconf 87' lang='lat' dir='ltr'>eut</span> <span class='ocrx_word' id='word_1_108' title='bbox 283 1491 477 1560; x_wconf 88' lang='lat' dir='ltr'>clauduntur</span> <span class='ocrx_word' id='word_1_109' title='bbox 493 1496 526 1559; x_wconf 92' lang='lat' dir='ltr'>in</span> <span class='ocrx_word' id='word_1_110' title='bbox 543 1496 685 1561; x_wconf 83' lang='lat' dir='ltr'>sensibus</span> <span class='ocrx_word' id='word_1_111' title='bbox 702 1495 827 1560; x_wconf 86' lang='lat' dir='ltr'>nostris.</span> <span class='ocrx_word' id='word_1_112' title='bbox 848 1496 889 1560; x_wconf 90' lang='lat' dir='ltr'>Et</span> <span class='ocrx_word' id='word_1_113' title='bbox 906 1495 969 1562; x_wconf 88' lang='lat' dir='ltr'>hoc</span> <span class='ocrx_word' id='word_1_114' title='bbox 990 1517 1029 1560; x_wconf 87' lang='lat' dir='ltr'>eo</span> <span class='ocrx_word' id='word_1_115' title='bbox 1051 1515 1151 1581; x_wconf 91' lang='lat' dir='ltr'>usque</span> 
     </span>
    </p>
   </div>
   <div class='ocr_carea' id='block_1_6' title="bbox 109 1597 1146 1690">
    <p class='ocr_par' dir='ltr' id='par_1_6' title="bbox 109 1597 1146 1690">
     <span class='ocr_line' id='line_1_13' title="bbox 109 1597 1146 1690; baseline -0.003 -22"><span class='ocrx_word' id='word_1_116' title='bbox 109 1603 247 1690; x_wconf 84' lang='lat' dir='ltr'>patimur</span> <span class='ocrx_word' id='word_1_117' title='bbox 259 1602 360 1668; x_wconf 89' lang='lat' dir='ltr'>donec</span> <span class='ocrx_word' id='word_1_118' title='bbox 377 1600 454 1668; x_wconf 87' lang='lat' dir='ltr'>tales</span> <span class='ocrx_word' id='word_1_119' title='bbox 466 1603 662 1679; x_wconf 80' lang='lat' dir='ltr'>efficiemur,</span> <span class='ocrx_word' id='word_1_120' title='bbox 679 1615 791 1667; x_wconf 89' lang='lat' dir='ltr'>utnon</span> <span class='ocrx_word' id='word_1_121' title='bbox 806 1600 909 1667; x_wconf 90' lang='lat' dir='ltr'>solum</span> <span class='ocrx_word' id='word_1_122' title='bbox 923 1597 1058 1668; x_wconf 86' lang='lat' dir='ltr'>revisere</span> <span class='ocrx_word' id='word_1_123' title='bbox 1070 1609 1146 1676; x_wconf 86' lang='lat' dir='ltr'>nos&#39;,</span> 
     </span>
    </p>
   </div>
   <div class='ocr_carea' id='block_1_7' title="bbox 1 1708 1150 1906">
    <p class='ocr_par' dir='ltr' id='par_1_7' title="bbox 1 1708 1150 1906">
     <span class='ocr_line' id='line_1_14' title="bbox 1 1708 1147 1810; baseline -0.003 -35"><span class='ocrx_word' id='word_1_124' title='bbox 1 1774 5 1810; x_wconf 40' lang='lat'><strong>5</strong></span> <span class='ocrx_word' id='word_1_125' title='bbox 114 1709 170 1774; x_wconf 89' lang='lat' dir='ltr'>sed</span> <span class='ocrx_word' id='word_1_126' title='bbox 183 1721 214 1774; x_wconf 90' lang='lat' dir='ltr'>et</span> <span class='ocrx_word' id='word_1_127' title='bbox 232 1733 360 1776; x_wconf 89' lang='lat' dir='ltr'>manere</span> <span class='ocrx_word' id='word_1_128' title='bbox 381 1710 527 1799; x_wconf 79' lang='lat' dir='ltr'>dignetur</span> <span class='ocrx_word' id='word_1_129' title='bbox 539 1711 624 1798; x_wconf 81' lang='lat' dir='ltr'>apud</span> <span class='ocrx_word' id='word_1_130' title='bbox 639 1733 696 1775; x_wconf 91' lang='lat' dir='ltr'>uos</span> <span class='ocrx_word' id='word_1_131' title='bbox 712 1710 889 1796; x_wconf 78' lang='lat' dir='ltr'>secuudum</span> <span class='ocrx_word' id='word_1_132' title='bbox 909 1708 995 1796; x_wconf 91' lang='lat' dir='ltr'>quod</span> <span class='ocrx_word' id='word_1_133' title='bbox 1010 1709 1147 1773; x_wconf 89' lang='lat' dir='ltr'>interro-</span> 
     </span>
     <span class='ocr_line' id='line_1_15' title="bbox 1 1815 1150 1906; baseline -0.002 -25"><span class='ocrx_word' id='word_1_134' title='bbox 1 1863 2 1868; x_wconf 20' lang='grc' dir='ltr'>η</span> <span class='ocrx_word' id='word_1_135' title='bbox 112 1827 201 1904; x_wconf 90' lang='lat' dir='ltr'>gatus</span> <span class='ocrx_word' id='word_1_136' title='bbox 211 1840 227 1881; x_wconf 85' lang='lat' dir='ltr'>a</span> <span class='ocrx_word' id='word_1_137' title='bbox 238 1818 377 1904; x_wconf 86' lang='lat' dir='ltr'>quodam</span> <span class='ocrx_word' id='word_1_138' title='bbox 388 1816 542 1906; x_wconf 91' lang='lat' dir='ltr'>discipulo</span> <span class='ocrx_word' id='word_1_139' title='bbox 554 1817 697 1883; x_wconf 83' lang='lat' dir='ltr'>dicente:</span> <span class='ocrx_word' id='word_1_140' title='bbox 717 1817 874 1882; x_wconf 78' lang='lat' dir='ltr'>«Domine</span> <span class='ocrx_word' id='word_1_141' title='bbox 882 1815 960 1903; x_wconf 91' lang='lat' dir='ltr'>quid</span> <span class='ocrx_word' id='word_1_142' title='bbox 971 1829 1019 1880; x_wconf 88' lang='lat' dir='ltr'>est</span> <span class='ocrx_word' id='word_1_143' title='bbox 1029 1815 1150 1888; x_wconf 82' lang='lat' dir='ltr'>lactum</span> 
     </span>
    </p>
   </div>
   <div class='ocr_carea' id='block_1_8' title="bbox 110 1921 1151 2013">
    <p class='ocr_par' dir='ltr' id='par_1_8' title="bbox 110 1921 1151 2013">
     <span class='ocr_line' id='line_1_16' title="bbox 110 1921 1151 2013; baseline 0.002 -29"><span class='ocrx_word' id='word_1_144' title='bbox 110 1923 219 2010; x_wconf 78' lang='lat' dir='ltr'>»quod</span> <span class='ocrx_word' id='word_1_145' title='bbox 241 1924 352 2012; x_wconf 91' lang='lat' dir='ltr'>incipis</span> <span class='ocrx_word' id='word_1_146' title='bbox 370 1927 462 1990; x_wconf 90' lang='lat' dir='ltr'>nobis</span> <span class='ocrx_word' id='word_1_147' title='bbox 480 1924 680 1992; x_wconf 79' lang='lat' dir='ltr'>manifestare</span> <span class='ocrx_word' id='word_1_148' title='bbox 699 1924 920 2013; x_wconf 87' lang='lat' dir='ltr'>temetipsum,</span> <span class='ocrx_word' id='word_1_149' title='bbox 943 1935 976 1988; x_wconf 87' lang='lat' dir='ltr'>ot</span> <span class='ocrx_word' id='word_1_150' title='bbox 995 1946 1059 1988; x_wconf 90' lang='lat' dir='ltr'>non</span> <span class='ocrx_word' id='word_1_151' title='bbox 1076 1921 1151 1988; x_wconf 92' lang='lat' dir='ltr'>huic</span> 
     </span>
    </p>
   </div>
   <div class='ocr_carea' id='block_1_9' title="bbox 0 2031 1149 2128">
    <p class='ocr_par' dir='ltr' id='par_1_9' title="bbox 0 2031 1149 2128">
     <span class='ocr_line' id='line_1_17' title="bbox 0 2031 1149 2128; baseline 0 -32"><span class='ocrx_word' id='word_1_152' title='bbox 0 2121 1 2128; x_wconf 8' lang='grc' dir='ltr'>ἵ</span> <span class='ocrx_word' id='word_1_153' title='bbox 110 2033 255 2097; x_wconf 78' lang='lat' dir='ltr'>»mundo</span> <span class='ocrx_word' id='word_1_154' title='bbox 264 2031 274 2065; x_wconf 86' lang='lat'>¹</span> <span class='ocrx_word' id='word_1_155' title='bbox 284 2033 321 2096; x_wconf 76' lang='lat' dir='ltr'>ir</span> <span class='ocrx_word' id='word_1_156' title='bbox 338 2034 499 2120; x_wconf 90' lang='lat' dir='ltr'>respondit</span> <span class='ocrx_word' id='word_1_157' title='bbox 511 2033 646 2098; x_wconf 84' lang='lat' dir='ltr'>salvator</span> <span class='ocrx_word' id='word_1_158' title='bbox 661 2057 668 2096; x_wconf 92' lang='lat'><strong>:</strong></span> <span class='ocrx_word' id='word_1_159' title='bbox 688 2033 741 2098; x_wconf 78' lang='lat' dir='ltr'>«Si</span> <span class='ocrx_word' id='word_1_160' title='bbox 754 2033 807 2120; x_wconf 91' lang='lat' dir='ltr'>qui</span> <span class='ocrx_word' id='word_1_161' title='bbox 819 2031 920 2121; x_wconf 79' lang='lat' dir='ltr'>diligit</span> <span class='ocrx_word' id='word_1_162' title='bbox 930 2055 1000 2108; x_wconf 90' lang='lat' dir='ltr'>me,</span> <span class='ocrx_word' id='word_1_163' title='bbox 1014 2032 1149 2097; x_wconf 86' lang='lat' dir='ltr'>verbum</span> 
     </span>
    </p>
   </div>
   <div class='ocr_carea' id='block_1_10' title="bbox 110 2137 1149 2231">
    <p class='ocr_par' dir='ltr' id='par_1_10' title="bbox 110 2137 1149 2231">
     <span class='ocr_line' id='line_1_18' title="bbox 110 2137 1149 2231; baseline 0.004 -27"><span class='ocrx_word' id='word_1_164' title='bbox 110 2165 245 2208; x_wconf 80' lang='lat' dir='ltr'>»meum</span> <span class='ocrx_word' id='word_1_165' title='bbox 261 2143 417 2217; x_wconf 84' lang='lat' dir='ltr'>custodit,</span> <span class='ocrx_word' id='word_1_166' title='bbox 437 2154 470 2207; x_wconf 86' lang='lat' dir='ltr'>et</span> <span class='ocrx_word' id='word_1_167' title='bbox 486 2143 579 2208; x_wconf 87' lang='lat' dir='ltr'>Peter</span> <span class='ocrx_word' id='word_1_168' title='bbox 593 2137 683 2216; x_wconf 87' lang='lat' dir='ltr'>meus</span> <span class='ocrx_word' id='word_1_169' title='bbox 702 2142 809 2230; x_wconf 89' lang='lat' dir='ltr'>diliget</span> <span class='ocrx_word' id='word_1_170' title='bbox 828 2167 921 2219; x_wconf 89' lang='lat' dir='ltr'>eum,</span> <span class='ocrx_word' id='word_1_171' title='bbox 938 2156 970 2208; x_wconf 91' lang='lat' dir='ltr'>et</span> <span class='ocrx_word' id='word_1_172' title='bbox 988 2144 1027 2208; x_wconf 82' lang='lat' dir='ltr'>ad</span> <span class='ocrx_word' id='word_1_173' title='bbox 1044 2144 1149 2231; x_wconf 89' lang='lat' dir='ltr'>ipsum</span> 
     </span>
    </p>
   </div>
   <div class='ocr_carea' id='block_1_11' title="bbox 1 2249 1151 2444">
    <p class='ocr_par' dir='ltr' id='par_1_11' title="bbox 1 2249 1151 2444">
     <span class='ocr_line' id='line_1_19' title="bbox 1 2249 1150 2344; baseline 0.001 -32"><span class='ocrx_word' id='word_1_174' title='bbox 1 2301 3 2344; x_wconf 26' lang='grc' dir='ltr'><strong>ἐ</strong></span> <span class='ocrx_word' id='word_1_175' title='bbox 109 2250 314 2325; x_wconf 71' lang='lat' dir='ltr'>crememus,</span> <span class='ocrx_word' id='word_1_176' title='bbox 333 2261 366 2314; x_wconf 91' lang='lat' dir='ltr'>et</span> <span class='ocrx_word' id='word_1_177' title='bbox 378 2249 576 2315; x_wconf 86' lang='lat' dir='ltr'>mansionem</span> <span class='ocrx_word' id='word_1_178' title='bbox 597 2249 682 2338; x_wconf 85' lang='lat' dir='ltr'>apud</span> <span class='ocrx_word' id='word_1_179' title='bbox 698 2271 773 2314; x_wconf 90' lang='lat' dir='ltr'>eum</span> <span class='ocrx_word' id='word_1_180' title='bbox 790 2249 972 2314; x_wconf 84' lang='lat' dir='ltr'>faciemus².</span> <span class='ocrx_word' id='word_1_181' title='bbox 990 2277 1003 2310; x_wconf 74' lang='grc' dir='ltr'><strong>ι</strong></span> <span class='ocrx_word' id='word_1_182' title='bbox 1022 2250 1056 2314; x_wconf 93' lang='lat' dir='ltr'>Si</span> <span class='ocrx_word' id='word_1_183' title='bbox 1073 2271 1150 2336; x_wconf 88' lang='lat' dir='ltr'>ergo</span> 
     </span>
     <span class='ocr_line' id='line_1_20' title="bbox 1 2344 1151 2444; baseline -0.004 -21"><span class='ocrx_word' id='word_1_184' title='bbox 1 2355 3 2444; x_wconf 50' lang='lat'>,</span> <span class='ocrx_word' id='word_1_185' title='bbox 109 2368 143 2423; x_wconf 85' lang='lat' dir='ltr'>et</span> <span class='ocrx_word' id='word_1_186' title='bbox 163 2380 221 2422; x_wconf 90' lang='lat' dir='ltr'>nos</span> <span class='ocrx_word' id='word_1_187' title='bbox 241 2344 386 2421; x_wconf 84' lang='lat' dir='ltr'>volumus</span> <span class='ocrx_word' id='word_1_188' title='bbox 403 2356 508 2422; x_wconf 84' lang='lat' dir='ltr'>videre</span> <span class='ocrx_word' id='word_1_189' title='bbox 524 2356 658 2421; x_wconf 83' lang='lat' dir='ltr'>verbum</span> <span class='ocrx_word' id='word_1_190' title='bbox 675 2354 733 2420; x_wconf 88' lang='lat' dir='ltr'>Dei</span> <span class='ocrx_word' id='word_1_191' title='bbox 754 2366 847 2442; x_wconf 87' lang='lat' dir='ltr'>atque</span> <span class='ocrx_word' id='word_1_192' title='bbox 865 2355 976 2420; x_wconf 80' lang='lat' dir='ltr'>animae</span> <span class='ocrx_word' id='word_1_193' title='bbox 1000 2377 1151 2442; x_wconf 89' lang='lat' dir='ltr'>sponsum</span> 
     </span>
    </p>
   </div>
   <div class='ocr_carea' id='block_1_12' title="bbox 1 2448 1176 3842">
    <p class='ocr_par' dir='ltr' id='par_1_12' title="bbox 1 2448 1176 3842">
     <span class='ocr_line' id='line_1_21' title="bbox 1 2448 1150 2562; baseline -0.004 -31"><span class='ocrx_word' id='word_1_194' title='bbox 1 2448 3 2562; x_wconf 36' lang='grc' dir='ltr'>ἶ</span> <span class='ocrx_word' id='word_1_195' title='bbox 111 2464 279 2531; x_wconf 85' lang='lat' dir='ltr'>salientem</span> <span class='ocrx_word' id='word_1_196' title='bbox 291 2487 387 2554; x_wconf 90' lang='lat' dir='ltr'>super</span> <span class='ocrx_word' id='word_1_197' title='bbox 397 2475 540 2541; x_wconf 88' lang='lat' dir='ltr'>montes,</span> <span class='ocrx_word' id='word_1_198' title='bbox 555 2475 588 2529; x_wconf 90' lang='lat' dir='ltr'>et</span> <span class='ocrx_word' id='word_1_199' title='bbox 598 2461 793 2532; x_wconf 84' lang='lat' dir='ltr'>exultantem</span> <span class='ocrx_word' id='word_1_200' title='bbox 810 2485 904 2550; x_wconf 90' lang='lat' dir='ltr'>super</span> <span class='ocrx_word' id='word_1_201' title='bbox 921 2459 1034 2538; x_wconf 89' lang='lat' dir='ltr'>colles,</span> <span class='ocrx_word' id='word_1_202' title='bbox 1047 2462 1150 2550; x_wconf 90' lang='lat' dir='ltr'>primo</span> 
     </span>
     <span class='ocr_line' id='line_1_22' title="bbox 1 2569 1151 2667; baseline -0.004 -28"><span class='ocrx_word' id='word_1_203' title='bbox 1 2653 2 2667; x_wconf 11' lang='grc' dir='ltr'>χ</span> <span class='ocrx_word' id='word_1_204' title='bbox 112 2573 278 2639; x_wconf 86' lang='lat' dir='ltr'>audiamus</span> <span class='ocrx_word' id='word_1_205' title='bbox 296 2595 407 2638; x_wconf 88' lang='lat' dir='ltr'>vocem</span> <span class='ocrx_word' id='word_1_206' title='bbox 427 2573 519 2661; x_wconf 86' lang='lat' dir='ltr'>ejus:</span> <span class='ocrx_word' id='word_1_207' title='bbox 537 2585 571 2638; x_wconf 87' lang='lat' dir='ltr'>et</span> <span class='ocrx_word' id='word_1_208' title='bbox 589 2595 663 2638; x_wconf 91' lang='lat' dir='ltr'>cum</span> <span class='ocrx_word' id='word_1_209' title='bbox 686 2570 879 2640; x_wconf 75' lang='lat' dir='ltr'>audierimus</span> <span class='ocrx_word' id='word_1_210' title='bbox 898 2593 972 2635; x_wconf 92' lang='lat' dir='ltr'>eum</span> <span class='ocrx_word' id='word_1_211' title='bbox 989 2569 1022 2634; x_wconf 94' lang='lat' dir='ltr'>in</span> <span class='ocrx_word' id='word_1_212' title='bbox 1045 2569 1151 2634; x_wconf 91' lang='lat' dir='ltr'>omni-</span> 
     </span>
     <span class='ocr_line' id='line_1_23' title="bbox 1 2669 1150 2768; baseline -0.003 -23"><span class='ocrx_word' id='word_1_213' title='bbox 1 2669 2 2686; x_wconf 44' lang='lat'><em>*</em></span> <span class='ocrx_word' id='word_1_214' title='bbox 112 2682 191 2756; x_wconf 88' lang='lat' dir='ltr'>bus,</span> <span class='ocrx_word' id='word_1_215' title='bbox 209 2692 287 2745; x_wconf 86' lang='lat' dir='ltr'>tunc</span> <span class='ocrx_word' id='word_1_216' title='bbox 301 2680 397 2745; x_wconf 83' lang='lat' dir='ltr'>etism</span> <span class='ocrx_word' id='word_1_217' title='bbox 409 2701 484 2744; x_wconf 90' lang='lat' dir='ltr'>eum</span> <span class='ocrx_word' id='word_1_218' title='bbox 499 2680 606 2746; x_wconf 82' lang='lat' dir='ltr'>ridere</span> <span class='ocrx_word' id='word_1_219' title='bbox 622 2679 815 2768; x_wconf 89' lang='lat' dir='ltr'>poterimus,</span> <span class='ocrx_word' id='word_1_220' title='bbox 835 2677 1012 2743; x_wconf 89' lang='lat' dir='ltr'>secundum</span> <span class='ocrx_word' id='word_1_221' title='bbox 1030 2701 1067 2742; x_wconf 84' lang='lat' dir='ltr'>ea</span> <span class='ocrx_word' id='word_1_222' title='bbox 1080 2701 1150 2765; x_wconf 70' lang='lat' dir='ltr'>quse</span> 
     </span>
     <span class='ocr_line' id='line_1_24' title="bbox 113 2787 1176 2878; baseline -0.002 -24.191"><span class='ocrx_word' id='word_1_223' title='bbox 113 2790 147 2854; x_wconf 89' lang='lat' dir='ltr'>in</span> <span class='ocrx_word' id='word_1_224' title='bbox 169 2789 314 2877; x_wconf 68' lang='lat' dir='ltr'>praesenti</span> <span class='ocrx_word' id='word_1_225' title='bbox 336 2787 408 2854; x_wconf 90' lang='lat' dir='ltr'>loco</span> <span class='ocrx_word' id='word_1_226' title='bbox 430 2788 543 2866; x_wconf 83' lang='lat' dir='ltr'>vidisse</span> <span class='ocrx_word' id='word_1_227' title='bbox 567 2788 758 2854; x_wconf 88' lang='lat' dir='ltr'>describitur</span> <span class='ocrx_word' id='word_1_228' title='bbox 779 2809 904 2876; x_wconf 82' lang='lat' dir='ltr'>sponsu.</span> <span class='ocrx_word' id='word_1_229' title='bbox 926 2787 1008 2852; x_wconf 83' lang='lat' dir='ltr'>Nam</span> <span class='ocrx_word' id='word_1_230' title='bbox 1030 2798 1063 2851; x_wconf 88' lang='lat' dir='ltr'>et</span> <span class='ocrx_word' id='word_1_231' title='bbox 1078 2787 1176 2878; x_wconf 51' lang='lat' dir='ltr'>ipsa,</span> 
     </span>
     <span class='ocr_line' id='line_1_25' title="bbox 1 2895 1151 2986; baseline -0.003 -24"><span class='ocrx_word' id='word_1_232' title='bbox 1 2897 3 2906; x_wconf 69' lang='grc'>’</span> <span class='ocrx_word' id='word_1_233' title='bbox 114 2899 256 2986; x_wconf 88' lang='lat' dir='ltr'>quamvis</span> <span class='ocrx_word' id='word_1_234' title='bbox 269 2909 301 2962; x_wconf 84' lang='lat' dir='ltr'>et</span> <span class='ocrx_word' id='word_1_235' title='bbox 317 2899 404 2985; x_wconf 89' lang='lat' dir='ltr'>prius</span> <span class='ocrx_word' id='word_1_236' title='bbox 419 2920 493 2962; x_wconf 92' lang='lat' dir='ltr'>eum</span> <span class='ocrx_word' id='word_1_237' title='bbox 508 2897 639 2973; x_wconf 79' lang='lat' dir='ltr'>viderit,</span> <span class='ocrx_word' id='word_1_238' title='bbox 655 2920 720 2962; x_wconf 91' lang='lat' dir='ltr'>uon</span> <span class='ocrx_word' id='word_1_239' title='bbox 741 2919 815 2961; x_wconf 89' lang='lat' dir='ltr'>eum</span> <span class='ocrx_word' id='word_1_240' title='bbox 830 2907 938 2961; x_wconf 85' lang='lat' dir='ltr'>tamen</span> <span class='ocrx_word' id='word_1_241' title='bbox 953 2895 997 2960; x_wconf 89' lang='lat' dir='ltr'>ita</span> <span class='ocrx_word' id='word_1_242' title='bbox 1014 2895 1151 2971; x_wconf 81' lang='lat' dir='ltr'>viderat,</span> 
     </span>
     <span class='ocr_line' id='line_1_26' title="bbox 1 3001 1150 3098; baseline -0.003 -27"><span class='ocrx_word' id='word_1_243' title='bbox 1 3091 2 3098; x_wconf 8' lang='grc' dir='ltr'>ἵ</span> <span class='ocrx_word' id='word_1_244' title='bbox 114 3019 151 3071; x_wconf 86' lang='lat' dir='ltr'>ut</span> <span class='ocrx_word' id='word_1_245' title='bbox 166 3029 258 3072; x_wconf 86' lang='lat' dir='ltr'>nuuc</span> <span class='ocrx_word' id='word_1_246' title='bbox 267 3003 431 3072; x_wconf 79' lang='lat' dir='ltr'>salientem</span> <span class='ocrx_word' id='word_1_247' title='bbox 446 3027 541 3092; x_wconf 89' lang='lat' dir='ltr'>super</span> <span class='ocrx_word' id='word_1_248' title='bbox 551 3016 677 3071; x_wconf 90' lang='lat' dir='ltr'>montes</span> <span class='ocrx_word' id='word_1_249' title='bbox 691 3015 724 3068; x_wconf 89' lang='lat' dir='ltr'>et</span> <span class='ocrx_word' id='word_1_250' title='bbox 738 3003 919 3070; x_wconf 76' lang='lat' dir='ltr'>exilientem</span> <span class='ocrx_word' id='word_1_251' title='bbox 930 3025 1025 3092; x_wconf 88' lang='lat' dir='ltr'>super</span> <span class='ocrx_word' id='word_1_252' title='bbox 1035 3001 1150 3078; x_wconf 88' lang='lat' dir='ltr'>colles,</span> 
     </span>
     <span class='ocr_line' id='line_1_27' title="bbox 1 3103 1154 3199; baseline -0.003 -23"><span class='ocrx_word' id='word_1_253' title='bbox 1 3103 2 3106; x_wconf 24' lang='lat'>¹</span> <span class='ocrx_word' id='word_1_254' title='bbox 114 3133 218 3198; x_wconf 85' lang='lat' dir='ltr'>neque</span> <span class='ocrx_word' id='word_1_255' title='bbox 239 3134 296 3199; x_wconf 89' lang='lat' dir='ltr'>per</span> <span class='ocrx_word' id='word_1_256' title='bbox 310 3110 461 3178; x_wconf 80' lang='lat' dir='ltr'>fenestras</span> <span class='ocrx_word' id='word_1_257' title='bbox 483 3133 553 3175; x_wconf 83' lang='lat' dir='ltr'>suns</span> <span class='ocrx_word' id='word_1_258' title='bbox 568 3109 852 3198; x_wconf 86' lang='lat' dir='ltr'>procumbentem,</span> <span class='ocrx_word' id='word_1_259' title='bbox 876 3131 980 3196; x_wconf 88' lang='lat' dir='ltr'>neque</span> <span class='ocrx_word' id='word_1_260' title='bbox 998 3132 1056 3196; x_wconf 88' lang='lat' dir='ltr'>per</span> <span class='ocrx_word' id='word_1_261' title='bbox 1075 3109 1154 3173; x_wconf 85' lang='lat' dir='ltr'>retia</span> 
     </span>
     <span class='ocr_line' id='line_1_28' title="bbox 114 3215 1154 3308; baseline -0.004 -24"><span class='ocrx_word' id='word_1_262' title='bbox 114 3219 380 3308; x_wconf 86' lang='lat' dir='ltr'>prospicientem,</span> <span class='ocrx_word' id='word_1_263' title='bbox 400 3219 456 3284; x_wconf 89' lang='lat' dir='ltr'>sed</span> <span class='ocrx_word' id='word_1_264' title='bbox 470 3219 570 3306; x_wconf 76' lang='lat' dir='ltr'>magis</span> <span class='ocrx_word' id='word_1_265' title='bbox 583 3216 709 3283; x_wconf 84' lang='lat' dir='ltr'>videtur</span> <span class='ocrx_word' id='word_1_266' title='bbox 726 3215 813 3305; x_wconf 90' lang='lat' dir='ltr'>quod</span> <span class='ocrx_word' id='word_1_267' title='bbox 829 3216 917 3305; x_wconf 89' lang='lat' dir='ltr'>prius</span> <span class='ocrx_word' id='word_1_268' title='bbox 932 3215 1055 3304; x_wconf 87' lang='lat' dir='ltr'>hyemis</span> <span class='ocrx_word' id='word_1_269' title='bbox 1070 3227 1154 3280; x_wconf 52' lang='lat' dir='ltr'>tem*</span> 
     </span>
     <span class='ocr_line' id='line_1_29' title="bbox 116 3322 1154 3414; baseline -0.002 -24"><span class='ocrx_word' id='word_1_270' title='bbox 116 3349 194 3414; x_wconf 88' lang='lat' dir='ltr'>pore</span> <span class='ocrx_word' id='word_1_271' title='bbox 207 3350 281 3393; x_wconf 89' lang='lat' dir='ltr'>eum</span> <span class='ocrx_word' id='word_1_272' title='bbox 294 3327 417 3404; x_wconf 80' lang='lat' dir='ltr'>viderit.</span> <span class='ocrx_word' id='word_1_273' title='bbox 430 3327 531 3413; x_wconf 43' lang='lat' dir='ltr'>‚Nunc</span> <span class='ocrx_word' id='word_1_274' title='bbox 544 3325 630 3390; x_wconf 89' lang='lat' dir='ltr'>enirn</span> <span class='ocrx_word' id='word_1_275' title='bbox 646 3325 785 3412; x_wconf 90' lang='lat' dir='ltr'>primum</span> <span class='ocrx_word' id='word_1_276' title='bbox 798 3322 874 3388; x_wconf 89' lang='lat' dir='ltr'>dicit</span> <span class='ocrx_word' id='word_1_277' title='bbox 885 3323 913 3388; x_wconf 89' lang='lat' dir='ltr'>ei</span> <span class='ocrx_word' id='word_1_278' title='bbox 931 3347 938 3388; x_wconf 78' lang='grc' dir='ltr'><strong>ι</strong></span> <span class='ocrx_word' id='word_1_279' title='bbox 958 3324 1041 3404; x_wconf 78' lang='lat' dir='ltr'>Quia</span> <span class='ocrx_word' id='word_1_280' title='bbox 1054 3325 1154 3410; x_wconf 75' lang='lat' dir='ltr'>tyerno</span> 
     </span>
     <span class='ocr_line' id='line_1_30' title="bbox 118 3430 1155 3523; baseline -0.002 -26"><span class='ocrx_word' id='word_1_281' title='bbox 118 3433 271 3499; x_wconf 81' lang='lat' dir='ltr'>transiit⁸.</span> <span class='ocrx_word' id='word_1_282' title='bbox 291 3434 391 3523; x_wconf 89' lang='lat' dir='ltr'>Igitur</span> <span class='ocrx_word' id='word_1_283' title='bbox 406 3446 442 3498; x_wconf 88' lang='lat' dir='ltr'>ut</span> <span class='ocrx_word' id='word_1_284' title='bbox 462 3456 512 3498; x_wconf 90' lang='lat' dir='ltr'>res</span> <span class='ocrx_word' id='word_1_285' title='bbox 530 3433 650 3498; x_wconf 89' lang='lat' dir='ltr'>indicat</span> <span class='ocrx_word' id='word_1_286' title='bbox 671 3430 766 3496; x_wconf 85' lang='lat' dir='ltr'>etiam</span> <span class='ocrx_word' id='word_1_287' title='bbox 788 3453 846 3518; x_wconf 89' lang='lat' dir='ltr'>per</span> <span class='ocrx_word' id='word_1_288' title='bbox 864 3431 1013 3518; x_wconf 88' lang='lat' dir='ltr'>hyemem</span> <span class='ocrx_word' id='word_1_289' title='bbox 1034 3453 1155 3517; x_wconf 78' lang='lat' dir='ltr'>sponsae</span> 
     </span>
     <span class='ocr_line' id='line_1_31' title="bbox 115 3539 1151 3630; baseline -0.005 -23"><span class='ocrx_word' id='word_1_290' title='bbox 115 3565 180 3607; x_wconf 81' lang='lat' dir='ltr'>suae</span> <span class='ocrx_word' id='word_1_291' title='bbox 192 3553 340 3630; x_wconf 87' lang='lat' dir='ltr'>apparet,</span> <span class='ocrx_word' id='word_1_292' title='bbox 357 3542 466 3616; x_wconf 86' lang='lat' dir='ltr'>idest,</span> <span class='ocrx_word' id='word_1_293' title='bbox 480 3539 720 3604; x_wconf 81' lang='lat' dir='ltr'>tribulationum</span> <span class='ocrx_word' id='word_1_294' title='bbox 731 3549 763 3603; x_wconf 89' lang='lat' dir='ltr'>et</span> <span class='ocrx_word' id='word_1_295' title='bbox 776 3539 985 3604; x_wconf 78' lang='lat' dir='ltr'>tentationum</span> <span class='ocrx_word' id='word_1_296' title='bbox 997 3549 1151 3625; x_wconf 84' lang='lat' dir='ltr'>tempore,</span> 
     </span>
     <span class='ocr_line' id='line_1_32' title="bbox 114 3643 1156 3735; baseline -0.008 -19"><span class='ocrx_word' id='word_1_297' title='bbox 114 3648 182 3716; x_wconf 80' lang='lat' dir='ltr'>sed</span> <span class='ocrx_word' id='word_1_298' title='bbox 200 3661 233 3713; x_wconf 87' lang='lat' dir='ltr'>et</span> <span class='ocrx_word' id='word_1_299' title='bbox 248 3649 307 3716; x_wconf 84' lang='lat' dir='ltr'>alia</span> <span class='ocrx_word' id='word_1_300' title='bbox 325 3661 373 3714; x_wconf 89' lang='lat' dir='ltr'>est</span> <span class='ocrx_word' id='word_1_301' title='bbox 390 3647 444 3720; x_wconf 87' lang='lat' dir='ltr'>ilia</span> <span class='ocrx_word' id='word_1_302' title='bbox 458 3647 614 3722; x_wconf 85' lang='lat' dir='ltr'>visitatio,</span> <span class='ocrx_word' id='word_1_303' title='bbox 629 3647 661 3711; x_wconf 90' lang='lat' dir='ltr'>in</span> <span class='ocrx_word' id='word_1_304' title='bbox 681 3669 743 3735; x_wconf 86' lang='lat' dir='ltr'>qun</span> <span class='ocrx_word' id='word_1_305' title='bbox 758 3646 901 3713; x_wconf 82' lang='lat' dir='ltr'>visitetur</span> <span class='ocrx_word' id='word_1_306' title='bbox 921 3643 1107 3735; x_wconf 90' lang='lat' dir='ltr'>paululum,</span> <span class='ocrx_word' id='word_1_307' title='bbox 1124 3657 1156 3718; x_wconf 84' lang='lat' dir='ltr'>et</span> 
     </span>
     <span class='ocr_line' id='line_1_33' title="bbox 114 3751 1155 3842; baseline -0.009 -22"><span class='ocrx_word' id='word_1_308' title='bbox 114 3756 234 3822; x_wconf 88' lang='lat' dir='ltr'>iterum</span> <span class='ocrx_word' id='word_1_309' title='bbox 250 3755 422 3830; x_wconf 87' lang='lat' dir='ltr'>deseritur,</span> <span class='ocrx_word' id='word_1_310' title='bbox 440 3766 475 3818; x_wconf 89' lang='lat' dir='ltr'>ut</span> <span class='ocrx_word' id='word_1_311' title='bbox 490 3754 662 3842; x_wconf 86' lang='lat' dir='ltr'>probetur,</span> <span class='ocrx_word' id='word_1_312' title='bbox 679 3775 717 3818; x_wconf 86' lang='lat' dir='ltr'>ac</span> <span class='ocrx_word' id='word_1_313' title='bbox 730 3775 837 3818; x_wconf 88' lang='lat' dir='ltr'>rursus</span> <span class='ocrx_word' id='word_1_314' title='bbox 854 3751 1037 3838; x_wconf 88' lang='lat' dir='ltr'>requiritur,</span> <span class='ocrx_word' id='word_1_315' title='bbox 1054 3759 1089 3813; x_wconf 90' lang='lat' dir='ltr'>ut</span> <span class='ocrx_word' id='word_1_316' title='bbox 1100 3771 1155 3826; x_wconf 67' lang='lat' dir='ltr'>tas·</span> 
     </span>
    </p>
   </div>
   <div class='ocr_carea' id='block_1_13' title="bbox 155 3891 819 3960">
    <p class='ocr_par' dir='ltr' id='par_1_13' title="bbox 155 3891 819 3960">
     <span class='ocr_line' id='line_1_34' title="bbox 155 3891 819 3960; baseline -0.002 -18"><span class='ocrx_word' id='word_1_317' title='bbox 155 3893 251 3948; x_wconf 72' lang='lat' dir='ltr'>lJorn.</span> <span class='ocrx_word' id='word_1_318' title='bbox 265 3913 321 3960; x_wconf 73' lang='lat' dir='ltr'>xrs,</span> <span class='ocrx_word' id='word_1_319' title='bbox 333 3911 374 3947; x_wconf 78' lang='lat' dir='ltr'>aa.</span> <span class='ocrx_word' id='word_1_320' title='bbox 384 3891 513 3946; x_wconf 78' lang='lat' dir='ltr'>-21bid.</span> <span class='ocrx_word' id='word_1_321' title='bbox 526 3898 567 3948; x_wconf 71' lang='lat' dir='ltr'>ab.</span> <span class='ocrx_word' id='word_1_322' title='bbox 581 3922 611 3930; x_wconf 95' lang='lat'>--</span> <span class='ocrx_word' id='word_1_323' title='bbox 624 3891 633 3924; x_wconf 80' lang='lat'>⁸</span> <span class='ocrx_word' id='word_1_324' title='bbox 645 3895 716 3945; x_wconf 81' lang='lat' dir='ltr'>Cant.</span> <span class='ocrx_word' id='word_1_325' title='bbox 729 3911 764 3956; x_wconf 86' lang='lat' dir='ltr'>rr,</span> <span class='ocrx_word' id='word_1_326' title='bbox 780 3909 819 3942; x_wconf 91' lang='grc' dir='ltr'>ιι.</span> 
     </span>
    </p>
   </div>
   <div class='ocr_carea' id='block_1_14' title="bbox 0 0 1340 4612">
    <p class='ocr_par' dir='ltr' id='par_1_14' title="bbox 0 0 1340 4612">
     <span class='ocr_line' id='line_1_35' title="bbox 0 0 1340 4612; baseline 0 0"><span class='ocrx_word' id='word_1_327' title='bbox 0 0 1340 4612; x_wconf 95' lang='lat' dir='ltr'> </span> 
     </span>
    </p>
   </div>
  </div>
 </body>
</html>
