2744 4600
689 235 832 280 011⁶!le

598 458 627 473 'n
648 459 657 473 ι
663 460 687 473 n
694 459 763 475 nnn
770 456 1264 476 nnflmnuntmntmmuuu

538 639 756 712 llottlttt
783 641 979 712 xxv11·.

504 857 549 913 De
559 857 883 937 ntansionibusfilr'orum
901 857 990 915 lsrael
997 859 1015 912 ².

290 1052 371 1117 Cum
387 1051 557 1116 conderet*
573 1053 659 1118 Deus
675 1054 845 1129 mundum,
858 1054 1040 1118 innumeras
1055 1049 1177 1116 crearit
1189 1049 1271 1114 cibo-

244 1181 315 1224 rum
330 1159 535 1236 differentias,
548 1185 606 1250 pro
623 1163 855 1227 diversitatibus
866 1159 985 1227 scilicet
1002 1159 1051 1224 vel
1067 1158 1204 1224 humani
1221 1159 1273 1224 de-

244 1269 363 1360 siderii,
375 1267 424 1335 vel
440 1281 560 1334 naturae
575 1269 769 1336 animalium.
786 1269 876 1334 Unde
891 1291 955 1334 non
971 1265 1074 1333 solum
1089 1267 1192 1332 homo
1206 1289 1270 1332 cum

245 1379 354 1443 viderit
369 1378 553 1444 animalium
568 1381 689 1456 cibum,
703 1382 763 1446 scit
773 1404 848 1445 eum
863 1403 927 1444 non
943 1401 1000 1467 pro
1015 1375 1132 1453 se‚'sed
1143 1401 1205 1466 pro
1217 1377 1274 1444 ani-

224 1485 377 1553 malibus
392 1499 548 1564 creatum,
562 1490 617 1554 sed
635 1503 668 1554 et
689 1491 754 1578 ipsa
776 1487 921 1555 animalis
938 1498 1116 1578 agnoscunt
1132 1490 1274 1577 proprios

243 1597 332 1662 cibos
346 1619 354 1680 ς
369 1609 401 1662 et
415 1597 481 1663 aliia
494 1599 636 1686 quidem,
650 1599 737 1664 verbi
753 1621 860 1673 causa,
873 1599 973 1662 utitur
987 1595 1049 1672 leo,
1066 1594 1136 1660 aliis
1152 1619 1273 1672 cerrus,

242 1703 310 1772 aliis
322 1706 392 1780 bos,
406 1706 473 1771 aliis
485 1730 560 1772 vcro
571 1731 654 1773 ares.
671 1709 736 1774 Sed
750 1721 782 1773 et
796 1709 879 1773 inter
889 1709 1033 1774 homines
1044 1721 1120 1772 sunt
1132 1709 1273 1795 quaedam

243 1814 427 1880 differentiae
449 1816 480 1880 in
502 1817 686 1904 appetendis
706 1817 785 1882 cibis
803 1842 811 1881 :
829 1827 861 1880 et
877 1814 956 1880 alius
972 1816 1102 1904 quidem
1123 1817 1181 1904 qui
1195 1817 1272 1880 bene

242 1945 336 1988 sanus
350 1936 397 1987 est
413 1936 445 1989 et
463 1923 649 1990 habitudine
668 1927 811 2015 corporis
828 1922 946 2000 valens,
964 1923 1077 1988 fortem
1099 1924 1214 1990 cibum
1229 1947 1275 1988 re·

242 2031 350 2120 quirit,
363 2044 395 2098 et
406 2033 506 2098 credit
518 2033 712 2123 confiditque
724 2035 819 2100 cdere
836 2036 954 2108 omnia,
969 2030 1053 2097 velut
1065 2035 1274 2099 robustissimi

242 2143 359 2229 quique
370 2142 570 2209 athletarum.
586 2143 619 2209 Si
631 2146 701 2232 quis
717 2169 792 2212 vero
808 2143 1014 2210 infirmiorem
1030 2167 1063 2208 se
1079 2145 1181 2210 sentit
1193 2145 1274 2209 etin·

241 2248 391 2327 validum,
411 2251 585 2318 delectatur
604 2253 755 2330 oleribus,
776 2268 808 2319 et
831 2253 946 2320 sortem
963 2253 1071 2319 cibum
1087 2277 1149 2342 pro
1166 2255 1216 2320 sni
1232 2255 1278 2320 in-

242 2359 389 2427 firmitate
405 2364 546 2450 corporis
562 2387 626 2429 non
644 2365 765 2454 recipit.
783 2365 815 2430 Si
832 2389 906 2430 vero
925 2365 965 2429 sit
983 2364 1095 2451 aliquis
1112 2365 1278 2452 parvulus,

242 2469 362 2538 etiamsi
372 2493 449 2537 voce
459 2471 597 2537 indicare
611 2498 675 2539 non
687 2476 797 2562 possit,
807 2497 841 2539 re
854 2487 960 2540 tomen
973 2475 1037 2562 ipsa
1048 2471 1174 2538 nullam
1187 2475 1280 2541 aliam

242 2601 337 2665 qoam
351 2577 440 2646 lectis
456 2582 588 2670 requirit
603 2581 794 2650 alimoniam.
813 2585 853 2648 Et
868 2585 911 2648 ita
929 2583 1147 2671 unusquisque
1160 2583 1216 2649 vel
1228 2609 1281 2674 pro

243 2699 346 2764 aetate,
359 2687 407 2754 vel
423 2713 481 2778 pro
499 2691 630 2768 viribus,
648 2690 697 2757 vel
720 2714 778 2780 pro
794 2692 935 2786 corporis
956 2687 1150 2768 valetudine,
1170 2707 1283 2783 aptum

242 2797 341 2862 sibiet
354 2811 588 2887 competentem
601 2801 718 2865 viribus
731 2799 794 2866 suis
807 2801 925 2889 expetit
938 2801 1057 2868 cibum.
1073 2799 1107 2865 Si
1120 2801 1286 2868 sufficien-

243 2919 408 2972 terrerum
421 2907 633 2997 corporalium
647 2911 868 2976 considerastis
879 2909 1072 2998 exemplum,
1087 2933 1176 2978 nunc
1192 2915 1238 2977 ab
1250 2913 1285 2976 iis

242 3013 281 3080 ad
297 3011 532 3103 intelligentium
548 3015 758 3105 spiritualium
776 3019 946 3084 veniamus.
968 3017 1080 3082 Omnis
1097 3029 1220 3084 natura
1239 3045 1285 3084 ra-

242 3119 397 3186 tionabilis
414 3125 548 3211 propriis
563 3136 595 3188 et
615 3125 673 3190 sibi
691 3129 944 3214 competentibus
962 3125 1074 3190 nutriri
1093 3127 1222 3215 indiget
1239 3131 1284 3194 ci-

241 3229 299 3293 bis.
315 3227 411 3294 Cibus
428 3242 532 3294 nutorn
557 3257 648 3298 verus
672 3247 791 3298 natura}
808 3232 1003 3300 rationabilis
1019 3257 1124 3299 sermo
1141 3235 1206 3301 Dei
1225 3251 1278 3304 eet.

241 3335 305 3402 Sed
327 3337 407 3403 sicut
426 3341 456 3404 in
475 3341 674 3407 nutrimentis
696 3345 837 3432 'corporis
854 3342 969 3409 multos
985 3341 1079 3431 paulo
1095 3355 1173 3409 ante
1191 3347 1288 3412 dedi-

240 3467 309 3509 inns
329 3445 533 3521 differentias,
552 3447 593 3512 itn
610 3461 642 3514 ot
663 3465 774 3516 natura
797 3451 1087 3539 rationabilisque
1104 3453 1239 3520 ratione
1256 3471 1289 3519 et

240 3553 334 3618 verbo
350 3555 419 3630 Dei,
437 3567 472 3619 ut
491 3555 639 3632 dixinrns,
659 3561 811 3648 pascitur,
830 3585 893 3628 non
910 3563 1011 3628 ornnis
1031 3585 1095 3626 uno
1113 3573 1220 3651 atque
1237 3589 1291 3631 eo-

271 3707 277 3738 ¹
290 3709 364 3756 l'orn.
378 3709 415 3762 lt,
429 3727 452 3772 p.
466 3711 511 3772 574
525 3723 549 3758 rt
561 3731 635 3777 seqq.

267 3781 363 3831 2Νιηιι.
379 3799 466 3830 xxxiii.

268 3856 275 3886 ὖ
292 3856 319 3903 N.
338 3874 358 3914 i,
370 3875 392 3914 a,
405 3857 427 3910 5.
441 3873 466 3919 p.
479 3859 593 3921 :apl-576.
