2744 4624
253 245 294 328 74
696 269 839 315 carenam

260 405 273 437 r
291 381 441 450 odibilem
462 409 512 451 me
534 387 651 454 lecistis
672 389 704 452 in
724 387 786 454 boc
801 383 964 452 mundo¹:
981 413 993 446 ι
1008 381 1213 450 maledictum
1228 405 1300 448 ee-

251 512 323 554 rum
338 492 436 559 furori
453 499 685 586 temeritatique
700 499 907 585 imprecatur,
920 507 952 560 et
963 495 1147 560 dividendos
1159 517 1214 558 eos
1227 517 1298 581 per

251 600 406 686 populum
421 604 517 672 lsrodl
536 619 746 694 protestatum
769 618 878 694 utpote
897 628 935 670 ex
953 605 1026 692 ipsis
1046 604 1169 670 Levitae
1183 615 1218 668 et
1236 627 1298 668 sa-

251 709 395 776 cerdotes
413 713 549 792 futuros,
573 719 627 805 qui
650 729 735 783 sorte
756 730 875 782 terram
896 715 1058 804 propriam
1077 736 1142 778 non
1161 713 1299 778 babue-

252 831 338 883 runt.
355 821 532 910 Spiritunlis
543 841 651 894 antem
663 828 703 893 de
718 827 767 894 his
779 825 957 914 explanatio
969 823 1038 890 talia
1050 823 1128 890 mibi
1140 823 1299 910 quaedum

251 951 343 1014 posse
363 932 488 998 videtur
503 937 617 1024 aptari,
636 937 724 1023 quod
741 935 881 1023 Symeon
898 945 931 998 et
947 933 1036 1007 Levi,
1053 931 1244 998 Scribarum
1261 945 1298 996 et

251 1035 480 1108 Pharisaeorum
491 1043 511 1109 J
514 1044 616 1110 udaiei
628 1042 736 1133 populi
748 1045 869 1132 possint
879 1043 962 1108 serre
974 1059 1155 1130 personam,
1166 1042 1206 1108 de
1218 1042 1297 1128 qui-

253 1147 311 1212 bus
323 1148 503 1217 dictumest
515 1174 524 1215 τ
536 1181 550 1213 r
562 1153 737 1220 Consilium
749 1153 893 1218 lecerunt
909 1151 1029 1217 Scribae
1042 1163 1075 1215 et
1086 1149 1236 1216 Phariooei
1257 1164 1296 1216 ut

253 1283 266 1315 ι
281 1256 391 1324 lesum
404 1273 548 1327 tenerent
556 1262 584 1337 ²3
595 1264 656 1328 »de
666 1286 730 1351 quo
742 1262 874 1329 consilio
885 1261 963 1328 dicit
973 1271 1100 1326 sanctus
1112 1260 1166 1346 qui
1177 1272 1294 1326 mente

252 1363 355 1431 Deum
374 1369 524 1434 videbat:
543 1398 556 1430 r
573 1373 610 1438 ln
626 1369 794 1437 consilium
812 1393 923 1436 eorum
940 1391 1005 1436 non
1024 1369 1159 1434 introeat
1181 1371 1291 1434 anima

253 1495 349 1540 »mea
361 1476 384 1542 ⁸.
405 1477 535 1544 »Falsis
559 1481 691 1546 testibus
711 1479 859 1546 adhibitis
882 1478 1138 1544 condemnabant
1160 1478 1285 1544 Jeaum.

262 1585 369 1660 «Non,
385 1588 509 1671 inquit,
523 1589 557 1652 in
572 1586 703 1654 consilio
718 1609 829 1653 eorum
845 1589 1020 1653 innitantur
1033 1587 1150 1651 viscera
1166 1609 1246 1651 mee.
1264 1616 1281 1648 ι

253 1692 324 1758 Νοιι
340 1695 396 1759 tibi
411 1695 475 1762 hoc
488 1696 613 1762 videtur
628 1697 734 1762 dicere
747 1719 756 1760 t
770 1697 930 1762 «blundus
944 1719 1003 1784 ego
1018 1719 1118 1779 suma
1134 1695 1283 1782 sanguine

253 1804 354 1890 »justi
372 1805 467 1893 hujus
477 1805 526 1882 ’,ι
543 1807 681 1872 mundus
695 1831 754 1897 ego
770 1831 840 1874 sum
856 1830 873 1872 n
890 1807 1045 1873 sententia
1061 1827 1154 1893 qnam
1168 1804 1279 1870 decer-

253 1912 325 1977 nitis
343 1913 491 1981 adversus
508 1917 720 1984 innocentem.
735 1945 747 1977 r
760 1919 842 1998 Quia
858 1917 891 1983 in
907 1918 953 1982 iro
972 1939 1041 1991 sua,
1058 1916 1181 2001 inquit,
1202 1914 1285 1980 occi·

214 2053 218 2056 ·
253 2049 266 2080 ι
281 2022 396 2088 derunt
412 2025 568 2102 homines,
580 2039 612 2091 et
628 2028 660 2092 in
675 2027 848 2115 cupiditate
863 2050 919 2092 sua
934 2027 1204 2091 subnervaverunt
1219 2035 1286 2090 tau

254 2161 266 2193 v
281 2156 363 2199 rum.
379 2134 539 2224 »Requiro
553 2161 633 2226 quos
648 2137 793 2204 homiues
809 2137 1008 2211 oeciderunt,
1021 2158 1096 2202 cum
1113 2145 1235 2201 eertum
1248 2135 1289 2200 sit

253 2255 325 2308 ante
337 2246 515 2332 passionem
526 2248 652 2313 Domini
661 2249 821 2314 neminem
834 2246 1032 2314 credentium
1045 2269 1112 2311 esse
1124 2245 1288 2333 punitum:

254 2351 313 2417 nisi
334 2353 415 2418 sorte
433 2356 503 2443 quis
522 2356 596 2444 ipsis
618 2357 777 2423 adscribat
795 2355 890 2421 etiam
909 2355 1094 2441 sanguinem
1109 2354 1285 2441 Prophete-

227 2472 228 2475 ’
254 2485 341 2536 rum;
356 2465 444 2552 quia,
456 2478 491 2530 ut
502 2466 579 2533 dicit
590 2467 784 2539 Dominum
797 2465 948 2554 sanguine
957 2463 1037 2530 Abel
1046 2465 1122 2552 justi
1135 2487 1232 2552 usque
1246 2465 1288 2528 ad

253 2557 438 2662 sanguibcm
449 2575 610 2643 zacharie
622 2576 724 2641 omnis
736 2575 791 2662 qui
802 2573 921 2640 effusus
932 2586 980 2638 est
991 2574 1117 2661 sanguis
1127 2575 1287 2660 justorum

253 2684 294 2747 nb
309 2683 375 2770 ipsa
391 2685 593 2770 generatione
608 2685 786 2770 requiratur
798 2682 820 2748 ‘·.
843 2682 907 2748 Sed
926 2683 1088 2748 videamus
1103 2707 1143 2748 ne
1157 2683 1239 2749 sorte
1255 2695 1290 2748 ct

254 2788 322 2856 illos
337 2791 482 2858 homines
497 2794 672 2860 occiderint
686 2816 765 2880 quos
777 2801 1000 2879 persuaserunt
1012 2789 1147 2858 clamare
1160 2813 1169 2854 ε
1180 2817 1193 2849 ι
1204 2790 1290 2856 San.-

256 2929 268 2960 »
280 2901 349 2988 guis
361 2899 442 2968 illius
454 2925 549 2990 super
559 2925 617 2968 nos
627 2914 660 2966 et
671 2924 766 2989 super
777 2899 858 2966 salios
868 2898 1017 2966 nostros⁸.
1028 2931 1061 2956 »a
1070 2903 1112 2966 Et
1121 2900 1153 2964 in
1164 2898 1290 2986 cupidir

256 3038 268 3070 ι
282 3021 345 3074 tate
354 3012 684 3076 sunsubnervaverunt
691 3023 829 3075 taurum.
839 3037 853 3073 ι
862 3008 1003 3074 Taurum
1011 3008 1163 3098 appellari
1169 3007 1286 3076 Filium

254 3119 313 3183 Dei
328 3117 459 3208 legimus
475 3121 506 3184 in
519 3119 756 3210 Scripturarum
768 3119 888 3208 liguris,
901 3119 1053 3184 nimirum
1068 3119 1100 3184 in
1116 3118 1288 3208 Evangelio

256 3229 310 3293 ubi
322 3229 475 3317 scriptum
486 3243 534 3294 est
545 3253 584 3294 ex
595 3253 727 3318 persona
740 3227 797 3294 lilii
809 3228 939 3294 senioris
951 3227 1085 3293 dicentis
1095 3229 1137 3294 ad
1148 3241 1284 3317 patrem:

263 3367 275 3399 r
286 3341 354 3428 Ego
366 3362 490 3429 semper
502 3353 607 3406 tecum
620 3341 677 3416 sui,
689 3351 721 3406 et
733 3339 918 3405 mandatum
930 3349 1022 3402 tunm
1034 3361 1197 3424 nunquam
1210 3361 1289 3426 prae·

256 3450 386 3526 aterivi‚
409 3462 442 3514 et
462 3471 626 3537 nunquam
648 3449 760 3514 dedisti
784 3447 860 3513 mihi
877 3446 1006 3512 haedum
1025 3457 1060 3512 ut
1081 3470 1156 3512 cum
1175 3448 1289 3514 amicis

255 3562 361 3626 »meis
383 3560 537 3650 epularer.
562 3562 645 3628 Cum
665 3572 770 3626 autem
793 3559 878 3624 venit
900 3556 983 3624 filius
1004 3571 1078 3624 tuus
1097 3558 1150 3622 hic
1166 3541 1288 3644 junior,

256 3699 268 3732 a
286 3672 339 3760 qui
355 3670 535 3760 dilapidavit
550 3693 678 3737 omnem
697 3652 906 3736 substantiam
921 3693 1024 3745 suam,
1040 3667 1183 3736 occidisti
1199 3669 1229 3733 ei
1247 3671 1290 3734 v‘i-

290 3828 298 3862 ¹
309 3830 401 3880 (leuet.
414 3848 498 3891 xxxiv,
511 3833 548 3879 50.
563 3857 593 3868 -
607 3828 720 3877 2ΜιιιΙι.
735 3843 803 3884 uvi,
815 3827 838 3886 4.
849 3855 879 3864 -
890 3825 899 3860 ³
912 3815 1008 3877 Genea.
1022 3843 1087 3883 χιιι,
1097 3825 1160 3876 6.-
1171 3825 1181 3856 l
1193 3826 1288 3879 Mattlr.

257 3917 334 3962 mvn,
346 3904 384 3962 ad.
395 3933 426 3943 -
436 3906 446 3940 ⁸
456 3905 541 3965 Idem,
553 3919 625 3964 xxm,
635 3903 677 3952 35.
686 3929 715 3939 -
725 3901 735 3935 ⁶
747 3902 833 3958 ldom,
842 3917 922 3963 nvn,
934 3903 972 3950 25.
