2744 4600
254 299 329 390 ·5.¹3
708 313 876 359 urrunnu·

265 439 398 504 tuissent
412 457 525 523 cupere
541 457 580 500 ex
596 436 641 499 eis
662 435 817 522 captivos,
841 455 970 501 omnem
991 437 1078 504 lruno
1098 437 1290 504 credentium

266 568 447 620 numerum,
468 558 502 610 et
527 545 703 632 perducere
728 538 784 610 eos
813 545 855 610 ed
877 545 1090 612 obedientiam
1109 547 1238 622 Christi,
1262 559 1291 613 et

265 659 401 725 subdere
421 679 475 722 eos
497 657 574 744 jugo
596 656 665 740 ejus
685 658 786 732 suavi,
810 668 843 722 et
866 657 1029 745 imponere
1053 657 1097 722 eis
1125 681 1205 723 onus
1227 660 1290 745 ojus

265 767 342 832 lere.
363 764 442 842 Quis
458 785 533 851 ergo
547 763 590 827 ita
604 764 717 828 beatus
731 774 792 838 est,
808 763 862 850 qni
874 763 1025 829 succedat
1040 766 1086 848 eie
1102 766 1134 829 in
1152 765 1200 829 his
1213 789 1290 854 prte-

265 874 326 950 liiu,
341 885 374 938 et
388 872 557 938 interliciat
574 895 683 937 omnes
698 872 896 944 llndienitns‚
919 883 951 935 et
966 869 1160 959 justificetur
1174 893 1214 935 ex
1229 895 1290 938 son-

264 985 359 1074 guine
370 1005 480 1048 eorum
490 981 504 1044 l
515 981 714 1068 Sanguinem·
724 983 810 1045 eninr
826 981 1008 1045 dromonum
1020 981 1154 1045 fundere
1166 982 1289 1055 dieitur,

264 1095 318 1182 qui
329 1093 422 1180 eripit
433 1113 487 1156 eos
501 1089 617 1177 quibus
634 1087 677 1153 illi
689 1089 905 1154 dominantur.
925 1088 1097 1153 Invehitur
1110 1102 1218 1154 nutem
1232 1091 1292 1156 hoc'

264 1203 425 1290 sunguine.
448 1213 482 1265 et
503 1197 724 1286 purificabitur
748 1198 780 1262 in
796 1217 895 1284 regno
912 1193 981 1271 Dei,
1005 1209 1039 1260 ut
1062 1197 1250 1285 purificatus
1263 1211 1291 1262 et

262 1311 400 1377 mundus
409 1309 542 1376 effeetus
553 1308 651 1397 possit
662 1306 784 1394 ingredi
796 1317 937 1370 sonetum
954 1305 1113 1372 eivitotem
1132 1305 1207 1382 Dei,
1227 1331 1292 1396 ope

261 1422 361 1486 riente
375 1420 564 1485 sihiostium
580 1416 705 1482 Christo
717 1413 794 1480 Jesu
809 1414 947 1480 Domino
961 1425 1082 1489 nostro,
1096 1415 1161 1479 imo
1178 1417 1234 1502 qui
1249 1429 1293 1482 est

261 1530 376 1594 ostium
395 1526 530 1592 civitatis
547 1524 643 1612 ipsius
663 1523 720 1587 llei
744 1523 823 1586 :oui
839 1532 886 1586 est
906 1519 1003 1608 glorlu
1020 1534 1052 1585 et
1075 1522 1250 1610 imperium
1265 1523 1294 1589 in

261 1635 713 1704 seculusaeeulornmtilmer.
1286 1618 1289 1624 ’

269 1863 1066 1898 wtmauu-munnemmmmuummwnuuu
1072 1869 1284 1888 uuum-mm

552 2021 777 2096 HOMILIA
807 2022 984 2096 xxv1¹.

497 2235 543 2292 De
553 2253 661 2292 sturmo
671 2235 780 2290 numeri
782 2229 918 2311 filiorum
929 2231 1020 2289 Israel
1031 2244 1050 2284 2.

315 2425 338 2491 l.
358 2419 559 2489 Differentiae
575 2438 642 2482 esse
656 2416 856 2506 profectuum
872 2429 903 2498 et
916 2417 1104 2480 meritorum
1124 2419 1159 2481 in
1176 2422 1295 2508 populo

255 2533 411 2607 fidelium,
427 2533 452 2596 si
468 2531 538 2618 quis
562 2527 741 2616 diligentius
757 2527 901 2591 intendat
912 2525 1053 2598 lectioni,
1070 2521 1183 2592 multis
1203 2528 1239 2592 in
1255 2527 1297 2594 lo·

255 2647 299 2711 cie
319 2641 430 2709 divinis
447 2640 477 2704 in
493 2636 706 2702 voluminibus
720 2633 944 2723 deprehendet.
969 2633 1038 2700 Non
1060 2633 1170 2699 minus
1187 2651 1298 2702 nutem

253 2754 334 2827 hee,
351 2763 383 2814 et
398 2773 436 2814 ex
451 2747 596 2837 praesenti
616 2743 754 2810 lectione
775 2743 950 2832 colligimus
973 2743 1012 2808 de
1033 2765 1071 2807 eo
1087 2745 1178 2830 quod
1194 2747 1297 2835 scrip·

253 2874 322 2926 tum
339 2871 408 2925 est:
432 2887 444 2919 r
458 2859 498 2923 Et
513 2867 714 2922 accesserunt
730 2855 770 2919 ad
783 2839 910 2942 lloysen
924 2875 1034 2919 omnes
1050 2855 1105 2942 qui
1122 2857 1298 2921 constituti

254 2979 371 3034 »erant
388 2967 546 3057 principos
563 2987 620 3053 per
638 2963 739 3028 tribus
755 2963 786 3027 in
798 2963 952 3037 exercitu,
970 2961 1101 3035 tribuni,
1123 2973 1160 3025 et
1182 2978 1299 3029 eentu-

254 3109 271 3140 ν
281 3079 398 3152 rienes,
411 3089 443 3142 et
455 3077 602 3141 dixerunt
613 3074 653 3138 nd
665 3071 794 3158 Moysen
815 3093 823 3135 τ
845 3071 908 3138 Nos
925 3071 1015 3159 pueri
1033 3070 1079 3133 tui
1100 3069 1299 3160 collegimus

252 3205 438 3256 »summum
453 3187 593 3250 virorum
606 3179 795 3248 bellatorum
808 3193 1005 3254 nostrorum,
1017 3192 1049 3243 ¹et
1062 3168 1127 3244 non
1142 3172 1299 3247 dissensit

252 3315 317 3365 rex
333 3293 423 3364 nolris
438 3297 622 3384 quisquam
641 3305 672 3357 et
688 3289 860 3356 obtulimus
880 3308 996 3355 munus
1013 3284 1167 3363 Domino,
1190 3313 1300 3355 unus-

251 3395 409 3496 »quisque
431 3407 479 3470 vir
502 3403 726 3492 quodcumque
743 3399 863 3466 invenit
881 3417 934 3464 vos
955 3398 1101 3470 aureum.
1122 3411 1300 3486 torquem.

249 3531 331 3583 »rut
348 3513 502 3588 vidulam,
521 3523 576 3577 aut
596 3508 762 3583 annulum,
782 3521 837 3574 out
850 3497 1074 3580 dextrale‚‘aut
1086 3505 1299 3579 catenulam,

249 3656 262 3689 2
280 3625 320 3688 ad
333 3621 569 3711 propitiandum
581 3643 639 3708 pro
651 3621 742 3685 nobis
755 3639 864 3684 eoram
876 3617 1013 3684 Domino
1025 3615 1048 3679 ⁸.
1065 3644 1078 3676 ι
1093 3607 1301 3704 loquuntur

248 3754 325 3822 ergo
344 3731 384 3795 ud
401 3729 530 3817 ltloysen
550 3727 641 3794 electi
656 3727 828 3820 principes,
850 3727 902 3816 qui
919 3723 1080 3794 constituti
1098 3737 1174 3790 sunt
1194 3750 1302 3816 super

281 3856 377 3909 'Tem
394 3859 431 3919 ll,
443 3873 470 3922 p.
485 3857 532 3921 569
542 3865 568 3903 et
580 3863 652 3921 srqq'.

208 3975 212 3982 .
280 3933 380 3982 ’llurrn
394 3949 461 3980 xxxi.
472 3930 522 3969 ,t
535 3931 603 3978 llrid.
614 3931 655 3989 48,
665 3932 707 3994 49,
722 3936 760 3978 50.
