2660 4610
341 297 371 338 rs
396 297 786 341 cenrroun‘osnrruonuu
809 299 869 342 rm.
898 301 931 342 n.
1090 278 1151 355 461

111 433 246 492 rerum,
259 428 292 482 et
306 441 515 508 quaecumque
530 421 758 509 contingebant
770 419 831 486 illis
848 421 902 508 qui
918 422 950 487 in
970 422 1053 510 Lege
1072 422 1155 490 rele-

114 537 256 602 rentur,
272 527 303 590 in
316 525 418 615 ligure
433 539 466 592 et
476 551 541 593 non
555 521 589 593 in
603 511 734 595 veritate
745 530 992 626 contingebant,
1009 529 1068 596 ista
1084 553 1156 596 omn

118 635 174 702 uis
196 634 412 702 similitudines
433 636 501 702 auri
520 636 666 712 luerunt,
685 659 749 703 non
774 660 885 702 eurum
909 659 1030 702 verum.
1057 637 1152 718 Quod

119 741 240 810 scilieet
251 765 364 809 surum
376 765 485 810 verum
500 744 534 810 in
549 743 609 810 illis
624 768 695 833 quae
711 745 899 833 incorporea
914 747 1034 810 suntet
1046 745 1153 811 invisi-

11 901 12 934 ,
120 847 194 917 bilia
210 873 247 917 se
261 849 411 940 spiritulia
426 850 619 942 intelligatur
640 875 647 917 ε
673 850 846 919 similitudo
861 875 937 918 vero
955 853 1023 918 auri
1043 853 1077 919 in
1091 876 1155 941 quo

115 979 181 1023 non
196 969 245 1024 est
264 959 331 1048 ipsa
347 960 478 1036 veritus,
498 960 554 1026 sed
568 960 681 1026 umbre
696 960 852 1036 veritutis,
874 959 933 1026 istu
949 982 1101 1049 corporea
1121 971 1155 1026 et

112 1063 249 1134 visibilia
261 1067 467 1155 accipiantur.
481 1065 577 1134 Verbi
592 1065 712 1156 gratie,
729 1065 901 1134 similitudo
916 1067 984 1133 suri
999 1066 1059 1132 luit
1069 1067 1154 1134 istud

111 1171 360 1241 tabernaculum
371 1169 619 1250 munufactum,
631 1174 670 1239 de
681 1197 745 1262 quo
756 1174 834 1241 dicit
848 1172 1016 1265 Apostolus
1031 1199 1039 1240 :
1057 1175 1152 1243 «Non

114 1283 225 1350 renim
240 1281 275 1349 in
297 1293 405 1349 sanctu
422 1305 519 1349 manu
533 1281 616 1349 sueta
630 1283 772 1349 introivit
786 1282 879 1348 «lesus
894 1281 1083 1371 exemplaria
1098 1306 1153 1349 ve-

117 1415 249 1457 »rorum
259 1440 269 1469 ,
288 1390 343 1456 sed
363 1391 396 1456 in
412 1391 516 1481 ipsum
531 1389 680 1458 coelum¹.
698 1419 710 1453 s
728 1393 811 1480 Ergo
830 1414 901 1478 quse
918 1392 951 1457 in
973 1391 1061 1458 ecelis
1080 1404 1154 1458 sunt

117 1494 283 1562 invisibilis
302 1508 335 1561 et
349 1496 554 1585 incorpores,
571 1495 624 1562 ille
643 1507 717 1561 sunt
732 1519 804 1563 vera
820 1520 828 1562 τ
845 1497 903 1562 ista
915 1508 1021 1562 entem
1035 1519 1105 1584 quse
1121 1497 1154 1563 in

118 1605 210 1671 terris
232 1615 305 1670 sunt
326 1604 458 1671 visibilia
477 1617 510 1670 et
531 1627 700 1694 corporee,
725 1603 914 1696 exemplaria
933 1626 1081 1671 verorum
1103 1586 1154 1671 (ἰί-Ι
1195 1615 1197 1618 ’

122 1727 238 1780 cuntur
256 1736 349 1790 esse,
372 1736 437 1779 non
460 1737 543 1780 vere.
570 1712 634 1780 Ista
656 1735 732 1803 ergo
750 1725 824 1780 sunt
842 1737 912 1801 quse
933 1711 1152 1780 similitudines

119 1822 189 1888 auri
205 1820 420 1911 appellentur:
438 1821 601 1910 inquibus
623 1832 720 1887 estet
742 1843 814 1888 erce
831 1821 1010 1888 testamenti
1028 1832 1061 1888 et
1076 1843 1152 1910 pro-

112 1929 330 2020 pitiatorium,
342 1941 375 1994 et
390 1929 585 2006 Cherubim,
600 1940 635 1994 et
649 1926 746 1995 ultore
761 1928 880 1994 incensi
892 1979 901 2006 ,
914 1940 947 1994 et
956 1951 1065 1996 mensu
1076 1953 1153 2018 pro-

114 2039 300 2129 positionis,
316 2047 349 2104 et
359 2035 475 2127 pones,
493 2037 548 2103 sed
558 2048 591 2102 et
602 2036 764 2112 velamen,
784 2049 816 2101 et
831 2035 988 2104 columnae
1000 2061 1037 2104 uo
1048 2037 1151 2127 berne,

114 2158 149 2210 et
166 2142 265 2210 altare
280 2141 556 2218 holocaustorum,
572 2151 605 2207 et
618 2141 722 2229 ipsum
744 2138 919 2229 templum,
936 2153 1031 2230 etque
1046 2144 1152 2210 omnia

114 2275 186 2342 quse
209 2252 243 2317 in
260 2251 344 2340 Lege
359 2250 474 2339 seripts
495 2259 579 2314 sunt.
600 2247 716 2315 Omnia
735 2247 803 2314 bsee
822 2246 1041 2314 similitudines
1062 2263 1153 2318 erant

119 2361 196 2430 anri.
220 2360 337 2427 Sedet
357 2359 463 2448 ipsum
484 2379 597 2424 eurum
617 2353 758 2432 visibile,
781 2378 841 2445 pro
864 2379 902 2422 eo
924 2357 1011 2445 quod
1032 2357 1152 2424 visibile

114 2480 202 2546 eret,
219 2490 286 2534 non
299 2477 367 2532 erut
383 2489 496 2532 surum
510 2487 621 2532 verum
633 2514 642 2541 ,
655 2464 711 2563 sed
725 2462 899 2530 similitudo
913 2477 982 2531 erut
993 2464 1076 2532 illius
1087 2466 1152 2534 veri

114 2577 185 2645 euri
196 2573 369 2643 invisibilis.
382 2573 461 2641 Istus
472 2595 547 2663 ergo
559 2570 778 2638 similitudines
796 2572 864 2638 suri
874 2573 1020 2640 lecerunt
1031 2596 1153 2662 sponsae

113 2681 268 2756 Ecclesise
282 2680 388 2770 sponsi
406 2679 499 2746 emiei
523 2677 636 2769 Angeli
659 2676 803 2746 videlieet
825 2690 857 2745 et
879 2680 1073 2769 Prophetes
1098 2682 1153 2768 qui

116 2792 373 2859 ministraverunt
384 2789 417 2853 in
431 2789 513 2878 Lege
525 2788 709 2875 oaeterisque
725 2787 893 2875 mysteriis.
907 2789 983 2855 llaeo
995 2789 1150 2881 (opinor)

117 2913 150 2968 et
163 2896 280 2967 Paulus
296 2895 472 2986 intelligens
485 2897 632 2964 dicebat:
654 2896 715 2961 «ln
726 2894 878 2984 religione
889 2895 1102 2987 Angelorum,
1118 2901 1152 2968 in

118 3009 187 3077 »his
202 3030 274 3097 quse
290 3005 372 3072 videt
389 3005 504 3071 frustra
520 3003 647 3070 inllutus
667 3025 760 3069 sensu
779 3004 882 3070 cernis
897 3003 991 3070 suae'.
1007 3033 1020 3069 s
1039 3006 1152 3074 Omnis

118 3141 194 3206 ergo
216 3114 361 3205 judaiuns
385 3111 490 3179 eultus
515 3124 548 3177 et
570 3109 705 3200 religio,
728 3110 949 3178 similitudines
971 3125 1046 3179 sunt
1071 3116 1148 3182 suri.

11 3235 12 3248 ἢ
118 3225 203 3290 Cum
213 3232 320 3286 autem
336 3240 505 3284 conversus
515 3215 609 3281 fuerit
620 3216 690 3304 quis
702 3216 742 3282 ad
753 3217 947 3294 Dominum,
963 3230 995 3285 et
1009 3217 1151 3288 oblatum

121 3330 215 3397 fuerit
234 3329 274 3396 ab
290 3349 328 3393 eo
350 3324 511 3400 velamen,
534 3334 612 3390 tune
633 3323 752 3392 videbit
767 3347 879 3392 aurum
904 3349 1036 3394 rerum:
1060 3329 1151 3416 eujus

120 3439 191 3506 auri
204 3450 371 3528 antequem
387 3435 509 3501 adesset
522 3444 556 3498 et
569 3433 824 3522 cognoscendum
836 3457 869 3500 se
879 3437 1053 3524 preberet,
1067 3436 1151 3502 simi·

117 3547 266 3616 litndines
280 3546 424 3612 fecerunt
438 3563 560 3633 sponsse
575 3542 668 3608 amici
683 3543 772 3630 ejus,
789 3554 826 3608 ut
839 3566 878 3608 ex
896 3542 955 3610 illis
970 3541 1151 3610 similitudi-

11 3647 13 3704 l
113 3658 211 3726 nibus
227 3652 420 3722 commonitu
433 3663 466 3717 et
482 3661 670 3741 provocate,
687 3650 752 3718 veri
768 3652 835 3718 suri
851 3651 1040 3719 desiderium
1056 3675 1152 3741 oepe-

113 3778 177 3834 ret.
203 3765 273 3830 Hoo
290 3755 377 3828 enini
398 3759 519 3828 fuctum
540 3757 661 3826 indicet
680 3757 815 3840 Paulus,
836 3783 910 3832 cum
932 3759 1029 3829 dicit:
1051 3761 1152 3832 «Hes

153 3910 425 3974 ¹}1ebr.1x,rd.—²
438 3906 583 3963 Coloten,
600 3907 639 3957 ι8.
