2748 4596
257 263 301 344 to
708 289 851 334 ouranios

257 407 346 474 abiis
361 409 414 496 qui
426 407 529 475 salvus
541 406 650 486 lieret,
667 433 772 499 neque
786 412 841 498 qui
852 409 1007 499 effugeret
1022 435 1030 476 r
1043 433 1109 476 non
1121 404 1279 498 intelligen·

257 511 352 577 tasin
369 512 523 578 iisverbis
540 513 723 579 adumbrari
743 514 921 606 mysteria3
947 527 980 580 et
1002 514 1065 580 hoc
1087 514 1180 580 nobis
1200 513 1288 600 magis

257 619 410 695 indicari,
424 620 511 708 quod
522 644 560 685 ex
576 621 612 686 iis
627 645 765 708 quorum
777 621 874 688 chaos
889 633 938 688 est
948 620 1184 695 habitaculum,
1199 621 1290 708 etqui
1351 653 1355 682 ι

257 742 429 818 regnarunt
438 729 470 796 in
479 732 612 818 abysso,
625 731 844 807 damonibus,
857 730 980 798 nullum
992 732 1117 820 penitus
1125 729 1290 819 relinquere

258 837 431 912 debemus,
448 837 504 904 sed
516 861 627 904 omnes
639 839 834 906 interimere.
849 839 1180 906 luterimimusautem
1189 839 1292 904 mmo
1353 815 1356 856 l

128 939 133 943 ⁴
256 969 330 1020 nes,
347 967 411 1012 non
431 946 532 1033 ipsam
555 969 668 1020 eorum
685 947 897 1014 substantiam
914 947 1107 1035 perimentes
1126 969 1134 1010 t
1158 947 1214 1012 sed
1228 946 1290 1034 quia
1355 965 1356 982 ¹

257 1077 338 1142 opus
353 1077 465 1120 eorum
480 1076 518 1120 ac
533 1055 674 1120 studium
693 1054 757 1122 hoe
774 1066 841 1131 est,
867 1067 903 1120 ut
925 1077 1061 1144 peccare
1084 1053 1232 1120 homiues
1252 1054 1291 1120 la-

256 1163 361 1238 niant,
377 1174 409 1228 et
419 1161 488 1229 luco
503 1175 550 1228 cst
568 1160 696 1228 illorum
713 1164 775 1229 vita
790 1163 815 1228 si
831 1186 889 1228 noe
906 1185 1097 1253 peccemus,
1114 1162 1185 1230 sine
1202 1161 1291 1228 tlubio

257 1271 402 1340 interitus
422 1292 536 1337 eorum
558 1283 605 1336 est
631 1271 749 1336 si-non
778 1291 958 1360 peccemus.
989 1270 1198 1338 lntarliciunt
1226 1293 1292 1358 ergo

256 1379 450 1448 habitatores
468 1381 538 1468 llay
559 1380 658 1445 sancti
686 1380 802 1468 quique
820 1430 829 1455 ,
849 1393 882 1445 et
905 1381 1085 1468 perimunt,
1107 1390 1140 1444 et
1163 1402 1231 1444 non
1251 1379 1292 1444 ‹li-

257 1488 389 1554 mittunt
400 1510 439 1551 ex
461 1485 506 1551 eis
520 1483 645 1552 ullum:
663 1486 767 1552 lisine
782 1485 880 1552 dubio
898 1486 952 1574 qui
970 1507 1044 1552 cum
1064 1484 1153 1550 omni
1173 1481 1292 1572 diligen
1357 1555 1358 1574 χ

258 1597 301 1664 tia
312 1607 438 1662 servant
455 1617 548 1660 suum
564 1618 641 1670 cor,
662 1618 703 1660 ne
725 1595 765 1660 de
784 1617 824 1662 eo
844 1594 1051 1684 cogitationes
1069 1591 1164 1660 malae
1188 1615 1293 1681 prooe-
1357 1579 1358 1598 l

258 1705 335 1770 dant
353 1727 361 1768 τ
380 1703 435 1768 sed
448 1716 481 1768 ct
496 1703 550 1791 qui
565 1703 735 1770 observant
746 1727 781 1770 os
792 1727 886 1770 sunm
898 1752 907 1778 ,
920 1715 956 1767 ut
966 1702 1070 1768 omnis
1081 1724 1191 1768 mmo
1202 1700 1296 1771 melu

148 1850 150 1864 ν
259 1835 324 1880 non
340 1811 492 1900 procedat
506 1833 545 1876 ex
560 1834 616 1877 ore
626 1833 749 1876 eorum.
775 1813 844 1878 Hoc
859 1823 908 1876 est
923 1833 988 1878 non
1004 1809 1186 1898 relinquere
1201 1809 1298 1876 ullmn

261 1921 314 2010 qui
332 1919 476 2008 effugiat,
493 1943 569 1985 oum
584 1944 638 1985 eos
654 1943 714 1986 nee
729 1943 833 1986 sermo
848 1919 960 2009 elingit
977 1918 1093 1988 malus.
1121 1920 1215 2010 Agite
1227 1942 1301 2008 erge

260 2042 293 2095 et
305 2052 378 2106 uos,
395 2052 607 2118 preparemus
618 2053 677 2095 nos
693 2029 734 2096 all
747 2029 933 2117 hujusmodi
948 2027 1075 2118 praelia,
1087 2031 1302 2118 percutiamus

261 2138 331 2226 Hay
345 2137 378 2204 ἰι
394 2160 448 2202 ore
463 2135 575 2225 gladii,
592 2151 625 2202 et
635 2137 857 2226 extinguamus
868 2159 979 2202 omnes
990 2136 1176 2204 habitantes
1192 2137 1301 2211 cbaos.

260 2268 371 2312 omnes
389 2245 563 2310 contrarias
574 2245 716 2311 virtutes.
736 2244 864 2312 Utinam
877 2257 909 2310 et
921 2268 980 2334 ego
991 2245 1089 2312 modo
1102 2243 1184 2312 dum
1196 2243 1305 2333 loquor

261 2355 301 2422 ad
314 2379 368 2420 vos
381 2354 516 2420 verbum
531 2353 609 2430 Dei,
627 2377 684 2419 cor
694 2353 872 2443 peccatoris
887 2351 1014 2442 pulsare
1024 2351 1158 2441 possim.
1175 2353 1304 2433 Quodsi

261 2464 384 2539 lacero,
401 2474 525 2528 certum
540 2462 687 2551 estquod
702 2460 806 2550 gladio
818 2463 882 2527 oris
897 2463 962 2528 mei
972 2459 1154 2550 percutiam
1169 2459 1306 2528 forulos·

261 2573 398 2647 tionem,
415 2570 592 2659 percutiam
607 2569 778 2646 malitiam,
790 2571 961 2658 reprimam
974 2569 1138 2644 furorem,
1156 2580 1192 2635 et
1208 2569 1237 2634 si
1251 2589 1306 2658 qua

258 2678 317 2748 alia
328 2692 402 2746 sunt
413 2677 496 2746 mala
508 2680 542 2745 in
554 2701 609 2743 ore
621 2677 737 2767 gladii,
754 2677 789 2744 id
802 2690 869 2754 est,
883 2677 945 2743 oris
961 2677 1025 2744 mei
1039 2699 1193 2746 sermone
1206 2679 1308 2744 extin-

255 2812 370 2876 guam,
386 2799 419 2852 et
434 2810 499 2852 non
515 2785 693 2873 relinquam
708 2808 748 2850 ex
769 2785 815 2850 eis
834 2786 889 2873 qui
909 2783 1013 2852 salvus
1035 2784 1108 2862 fiat,
1129 2809 1247 2875 neque
1261 2785 1310 2874 qul
1358 2837 1360 2908 p

255 2896 394 2984 effugiat.
416 2895 451 2961 Si
472 2895 558 2960 enim
583 2916 694 2959 omnes
714 2893 773 2959 hos
788 2893 896 2958 hostes
915 2903 1041 2960 nostros
1055 2894 1310 2968 extimeamus,
1359 2909 1360 2914 ’

258 3015 334 3070 tunc
344 3025 419 3068 vere
430 3003 515 3069 diem
528 3001 645 3068 festum
657 3000 893 3068 oelebrabimus
905 3002 975 3068 Deo
986 3050 995 3077 ,
1007 3013 1041 3066 et
1053 2999 1191 3070 devictis
1204 3005 1312 3072 adres*
1358 3009 1360 3112 l

258 3113 345 3177 sar-iis
358 3109 427 3178 laeta
444 3109 644 3176 solemnitate
659 3109 880 3199 gaudebimus.
898 3108 974 3175 Tale
990 3107 1108 3197 aliquid
1123 3111 1211 3177 mihi
1224 3113 1311 3180 vide-

256 3234 309 3287 tur
322 3221 418 3286 etiam
436 3243 453 3284 a
467 3230 577 3284 saneto
592 3216 751 3305 Propheta
766 3218 799 3282 in
816 3215 945 3306 psalmis
962 3217 1138 3306 designari.
1160 3221 1226 3286 ubi
1239 3219 1313 3286 dior

257 3331 297 3396 de
313 3352 368 3394 so:
385 3329 480 3415 quia«
498 3328 530 3393 in
549 3326 712 3394 matutinis
736 3325 970 3394 interficiebam
985 3349 1097 3394 omues
1117 3343 1312 3416 peccatore

257 3450 370 3502 »terrae
382 3487 390 3512 ,
402 3447 438 3500 ut
449 3435 629 3524 ffismrdam
640 3435 681 3500 de
692 3435 820 3500 civitate
834 3433 960 3500 Domini
973 3457 1084 3502 omnes
1097 3438 1156 3526 qui
1168 3461 1315 3527 οροηι-

260 3558 334 3614 stur
352 3541 583 3631 iniquietent
599 3571 612 3606 a
627 3543 702 3610 Sive
718 3545 805 3610 enim
821 3543 931 3610 civitas
945 3543 1075 3610 Domini
1091 3545 1316 3614 Ecclesiam

260 3655 390 3724 viventis
407 3652 581 3741 accipitur,
598 3653 731 3742 ejiciunt
746 3651 1119 3730 dammucensis,
1136 3653 1318 3724 etinteufi-

256 3765 346 3834 oium
360 3785 414 3828 eos
432 3759 487 3848 qui
509 3773 681 3850 operantur
705 3761 1119 3851 iniquitatem,oontrarios
1141 3763 1321 3834 demones

293 3919 301 3953 ¹
317 3914 425 3974 Puta,
436 3911 461 3961 8.
