<?xml version="1.0" encoding="UTF-8"?>
<!DOCTYPE html PUBLIC "-//W3C//DTD XHTML 1.0 Transitional//EN"
    "http://www.w3.org/TR/xhtml1/DTD/xhtml1-transitional.dtd">
<html xmlns="http://www.w3.org/1999/xhtml" xml:lang="en" lang="en">
 <head>
  <title>
</title>
<meta http-equiv="Content-Type" content="text/html;charset=utf-8" />
  <meta name='ocr-system' content='tesseract 3.04.00' />
  <meta name='ocr-capabilities' content='ocr_page ocr_carea ocr_par ocr_line ocrx_word'/>
</head>
<body>
  <div class='ocr_page' id='page_1' title='image "./collectioselect01guilgoog_0077.png"; bbox 0 0 2744 4624; ppageno 0'>
   <div class='ocr_carea' id='block_1_1' title="bbox 388 275 1125 356">
    <p class='ocr_par' dir='ltr' id='par_1_1' title="bbox 388 275 1125 356">
     <span class='ocr_line' id='line_1_1' title="bbox 388 275 1125 356; baseline 0 -18"><span class='ocrx_word' id='word_1_1' title='bbox 388 299 417 340; x_wconf 77' lang='lat' dir='ltr'><strong>rs</strong></span> <span class='ocrx_word' id='word_1_2' title='bbox 443 297 575 340; x_wconf 78' lang='lat' dir='ltr'><strong>cuunsru</strong></span> <span class='ocrx_word' id='word_1_3' title='bbox 598 297 727 340; x_wconf 76' lang='lat' dir='ltr'><strong>nourrii</strong></span> <span class='ocrx_word' id='word_1_4' title='bbox 752 299 828 354; x_wconf 76' lang='lat' dir='ltr'><strong>xrrr.</strong></span> <span class='ocrx_word' id='word_1_5' title='bbox 1085 275 1125 356; x_wconf 75' lang='lat'><strong>75</strong></span> 
     </span>
    </p>
   </div>
   <div class='ocr_carea' id='block_1_2' title="bbox 82 413 1134 2588">
    <p class='ocr_par' dir='ltr' id='par_1_2' title="bbox 82 413 1134 2479">
     <span class='ocr_line' id='line_1_2' title="bbox 85 413 1127 501; baseline -0.013 -11"><span class='ocrx_word' id='word_1_6' title='bbox 85 423 155 490; x_wconf 87' lang='lat' dir='ltr'><strong>rulis</strong></span> <span class='ocrx_word' id='word_1_7' title='bbox 172 421 265 487; x_wconf 81' lang='lat' dir='ltr'><strong>nobis</strong></span> <span class='ocrx_word' id='word_1_8' title='bbox 281 420 314 483; x_wconf 89' lang='lat' dir='ltr'><strong>in</strong></span> <span class='ocrx_word' id='word_1_9' title='bbox 332 418 395 483; x_wconf 86' lang='lat' dir='ltr'><strong>lroc</strong></span> <span class='ocrx_word' id='word_1_10' title='bbox 407 419 449 482; x_wconf 79' lang='lat' dir='ltr'><strong>tta</strong></span> <span class='ocrx_word' id='word_1_11' title='bbox 463 417 651 483; x_wconf 74' lang='lat' dir='ltr'><strong>tractabitur</strong></span> <span class='ocrx_word' id='word_1_12' title='bbox 660 416 760 482; x_wconf 86' lang='lat' dir='ltr'><strong>locus.</strong></span> <span class='ocrx_word' id='word_1_13' title='bbox 776 413 889 482; x_wconf 83' lang='lat' dir='ltr'><strong>Rubcn</strong></span> <span class='ocrx_word' id='word_1_14' title='bbox 902 415 1127 501; x_wconf 76' lang='lat' dir='ltr'><strong>interpretatus</strong></span> 
     </span>
     <span class='ocr_line' id='line_1_3' title="bbox 82 522 1126 617; baseline -0.011 -21"><span class='ocrx_word' id='word_1_15' title='bbox 82 545 132 596; x_wconf 81' lang='lat' dir='ltr'><strong>est</strong></span> <span class='ocrx_word' id='word_1_16' title='bbox 147 557 164 596; x_wconf 82' lang='lat' dir='ltr'><strong>u</strong></span> <span class='ocrx_word' id='word_1_17' title='bbox 181 529 370 617; x_wconf 83' lang='lat' dir='ltr'><strong>majoribus,</strong></span> <span class='ocrx_word' id='word_1_18' title='bbox 391 526 474 591; x_wconf 89' lang='lat' dir='ltr'><strong>lilius</strong></span> <span class='ocrx_word' id='word_1_19' title='bbox 488 527 541 612; x_wconf 91' lang='lat' dir='ltr'><strong>qui</strong></span> <span class='ocrx_word' id='word_1_20' title='bbox 558 527 694 600; x_wconf 80' lang='lat' dir='ltr'><strong>ridetur,</strong></span> <span class='ocrx_word' id='word_1_21' title='bbox 712 526 774 590; x_wconf 90' lang='lat' dir='ltr'><strong>hoc</strong></span> <span class='ocrx_word' id='word_1_22' title='bbox 788 537 849 600; x_wconf 83' lang='lat' dir='ltr'><strong>est,</strong></span> <span class='ocrx_word' id='word_1_23' title='bbox 867 522 994 589; x_wconf 85' lang='lat' dir='ltr'><strong>visibilis</strong></span> <span class='ocrx_word' id='word_1_24' title='bbox 1008 535 1041 587; x_wconf 87' lang='lat' dir='ltr'><strong>et</strong></span> <span class='ocrx_word' id='word_1_25' title='bbox 1056 545 1126 589; x_wconf 77' lang='lat' dir='ltr'><strong>cur-</strong></span> 
     </span>
     <span class='ocr_line' id='line_1_4' title="bbox 85 633 1126 729; baseline -0.009 -22"><span class='ocrx_word' id='word_1_26' title='bbox 85 641 186 715; x_wconf 79' lang='lat' dir='ltr'><strong>nslis3</strong></span> <span class='ocrx_word' id='word_1_27' title='bbox 202 643 270 729; x_wconf 87' lang='lat' dir='ltr'><strong>ipsc</strong></span> <span class='ocrx_word' id='word_1_28' title='bbox 281 638 376 704; x_wconf 83' lang='lat' dir='ltr'><strong>credo</strong></span> <span class='ocrx_word' id='word_1_29' title='bbox 389 637 431 702; x_wconf 89' lang='lat' dir='ltr'><strong>de</strong></span> <span class='ocrx_word' id='word_1_30' title='bbox 443 659 508 724; x_wconf 88' lang='lat' dir='ltr'><strong>quo</strong></span> <span class='ocrx_word' id='word_1_31' title='bbox 519 638 597 704; x_wconf 84' lang='lat' dir='ltr'><strong>dicit</strong></span> <span class='ocrx_word' id='word_1_32' title='bbox 607 634 776 724; x_wconf 73' lang='lat' dir='ltr'><strong>Apostolus</strong></span> <span class='ocrx_word' id='word_1_33' title='bbox 789 657 798 699; x_wconf 77' lang='grc' dir='ltr'><strong><em>ε</em></strong></span> <span class='ocrx_word' id='word_1_34' title='bbox 811 663 824 694; x_wconf 80' lang='grc' dir='ltr'>ι</span> <span class='ocrx_word' id='word_1_35' title='bbox 836 635 960 699; x_wconf 79' lang='lat' dir='ltr'>Primus</span> <span class='ocrx_word' id='word_1_36' title='bbox 974 634 1073 698; x_wconf 88' lang='lat' dir='ltr'><strong>lromo</strong></span> <span class='ocrx_word' id='word_1_37' title='bbox 1087 633 1126 698; x_wconf 89' lang='lat' dir='ltr'><strong>de</strong></span> 
     </span>
     <span class='ocr_line' id='line_1_5' title="bbox 88 745 1127 834; baseline -0.006 -20"><span class='ocrx_word' id='word_1_38' title='bbox 88 781 102 814; x_wconf 78' lang='grc' dir='ltr'><strong>ι</strong></span> <span class='ocrx_word' id='word_1_39' title='bbox 120 765 208 816; x_wconf 85' lang='lat' dir='ltr'><strong>terrs</strong></span> <span class='ocrx_word' id='word_1_40' title='bbox 227 747 400 814; x_wconf 77' lang='lat' dir='ltr'><strong>terrenus¹.</strong></span> <span class='ocrx_word' id='word_1_41' title='bbox 417 749 481 813; x_wconf 76' lang='lat' dir='ltr'><strong>»Et</strong></span> <span class='ocrx_word' id='word_1_42' title='bbox 492 745 565 812; x_wconf 79' lang='lat' dir='ltr'><strong>ulilri</strong></span> <span class='ocrx_word' id='word_1_43' title='bbox 578 769 586 810; x_wconf 77' lang='lat' dir='ltr'>t</span> <span class='ocrx_word' id='word_1_44' title='bbox 601 746 659 812; x_wconf 77' lang='lat' dir='ltr'><strong>«Si</strong></span> <span class='ocrx_word' id='word_1_45' title='bbox 673 747 757 812; x_wconf 92' lang='lat' dir='ltr'><strong>enim</strong></span> <span class='ocrx_word' id='word_1_46' title='bbox 775 747 800 810; x_wconf 92' lang='lat' dir='ltr'><strong>is</strong></span> <span class='ocrx_word' id='word_1_47' title='bbox 815 746 868 834; x_wconf 86' lang='lat' dir='ltr'><strong>qui</strong></span> <span class='ocrx_word' id='word_1_48' title='bbox 885 745 1008 810; x_wconf 84' lang='lat' dir='ltr'><strong>ridetur</strong></span> <span class='ocrx_word' id='word_1_49' title='bbox 1018 757 1127 809; x_wconf 84' lang='lat' dir='ltr'><strong>noster</strong></span> 
     </span>
     <span class='ocr_line' id='line_1_6' title="bbox 94 853 1124 947; baseline -0.004 -23"><span class='ocrx_word' id='word_1_50' title='bbox 94 863 217 928; x_wconf 74' lang='lat' dir='ltr'><strong>»homo</strong></span> <span class='ocrx_word' id='word_1_51' title='bbox 232 859 462 947; x_wconf 81' lang='lat' dir='ltr'><strong>corrumpitur,</strong></span> <span class='ocrx_word' id='word_1_52' title='bbox 479 857 534 922; x_wconf 86' lang='lat' dir='ltr'><strong>sed</strong></span> <span class='ocrx_word' id='word_1_53' title='bbox 550 857 603 945; x_wconf 87' lang='lat' dir='ltr'><strong>qui</strong></span> <span class='ocrx_word' id='word_1_54' title='bbox 621 857 704 923; x_wconf 87' lang='lat' dir='ltr'><strong>intus</strong></span> <span class='ocrx_word' id='word_1_55' title='bbox 716 869 765 920; x_wconf 85' lang='lat' dir='ltr'><strong>est</strong></span> <span class='ocrx_word' id='word_1_56' title='bbox 779 853 971 921; x_wconf 77' lang='lat' dir='ltr'><strong>renovetur²</strong></span> <span class='ocrx_word' id='word_1_57' title='bbox 987 878 995 922; x_wconf 75' lang='grc' dir='ltr'><strong><em>ε</em></strong></span> <span class='ocrx_word' id='word_1_58' title='bbox 1009 884 1023 916; x_wconf 75' lang='lat' dir='ltr'><strong>s</strong></span> <span class='ocrx_word' id='word_1_59' title='bbox 1037 855 1124 920; x_wconf 89' lang='lat' dir='ltr'><strong>hunc</strong></span> 
     </span>
     <span class='ocr_line' id='line_1_7' title="bbox 92 959 1127 1057; baseline -0.009 -20"><span class='ocrx_word' id='word_1_60' title='bbox 92 972 237 1037; x_wconf 86' lang='lat' dir='ltr'><strong>eumdem</strong></span> <span class='ocrx_word' id='word_1_61' title='bbox 264 971 317 1057; x_wconf 90' lang='lat' dir='ltr'><strong>qui</strong></span> <span class='ocrx_word' id='word_1_62' title='bbox 346 969 474 1032; x_wconf 83' lang='lat' dir='ltr'><strong>videtur</strong></span> <span class='ocrx_word' id='word_1_63' title='bbox 496 967 686 1032; x_wconf 77' lang='lat' dir='ltr'><strong>exteriorem</strong></span> <span class='ocrx_word' id='word_1_64' title='bbox 709 966 871 1032; x_wconf 84' lang='lat' dir='ltr'><strong>homiuem</strong></span> <span class='ocrx_word' id='word_1_65' title='bbox 889 959 1060 1053; x_wconf 73' lang='lat' dir='ltr'><strong>appellans.</strong></span> <span class='ocrx_word' id='word_1_66' title='bbox 1087 963 1127 1028; x_wconf 86' lang='lat' dir='ltr'><strong>Et</strong></span> 
     </span>
     <span class='ocr_line' id='line_1_8' title="bbox 92 1069 1126 1164; baseline -0.008 -20"><span class='ocrx_word' id='word_1_67' title='bbox 92 1081 203 1144; x_wconf 84' lang='lat' dir='ltr'><strong>iterum</strong></span> <span class='ocrx_word' id='word_1_68' title='bbox 214 1077 307 1151; x_wconf 82' lang='lat' dir='ltr'><strong>slicit,</strong></span> <span class='ocrx_word' id='word_1_69' title='bbox 319 1078 416 1164; x_wconf 80' lang='lat' dir='ltr'><strong>quin«</strong></span> <span class='ocrx_word' id='word_1_70' title='bbox 431 1097 495 1140; x_wconf 91' lang='lat' dir='ltr'><strong>non</strong></span> <span class='ocrx_word' id='word_1_71' title='bbox 510 1075 613 1164; x_wconf 91' lang='lat' dir='ltr'><strong>primo</strong></span> <span class='ocrx_word' id='word_1_72' title='bbox 629 1073 714 1160; x_wconf 87' lang='lat' dir='ltr'><strong>quod</strong></span> <span class='ocrx_word' id='word_1_73' title='bbox 729 1069 889 1160; x_wconf 73' lang='lat' dir='ltr'><strong>spirituale</strong></span> <span class='ocrx_word' id='word_1_74' title='bbox 901 1085 961 1148; x_wconf 83' lang='lat' dir='ltr'><strong>ost,</strong></span> <span class='ocrx_word' id='word_1_75' title='bbox 974 1073 1030 1137; x_wconf 86' lang='lat' dir='ltr'><strong>sed</strong></span> <span class='ocrx_word' id='word_1_76' title='bbox 1040 1072 1126 1160; x_wconf 90' lang='lat' dir='ltr'><strong>quod</strong></span> 
     </span>
     <span class='ocr_line' id='line_1_9' title="bbox 86 1180 1128 1271; baseline -0.002 -23"><span class='ocrx_word' id='word_1_77' title='bbox 86 1215 99 1248; x_wconf 76' lang='grc' dir='ltr'><strong>ι</strong></span> <span class='ocrx_word' id='word_1_78' title='bbox 116 1184 289 1252; x_wconf 82' lang='lat' dir='ltr'><strong>unimule⁸.</strong></span> <span class='ocrx_word' id='word_1_79' title='bbox 305 1214 320 1247; x_wconf 74' lang='lat' dir='ltr'><strong>s</strong></span> <span class='ocrx_word' id='word_1_80' title='bbox 335 1182 441 1249; x_wconf 87' lang='lat' dir='ltr'><strong>Primo</strong></span> <span class='ocrx_word' id='word_1_81' title='bbox 456 1204 533 1271; x_wconf 78' lang='lat' dir='ltr'><strong>ergo</strong></span> <span class='ocrx_word' id='word_1_82' title='bbox 551 1182 767 1247; x_wconf 87' lang='lat' dir='ltr'><strong>omnishomo</strong></span> <span class='ocrx_word' id='word_1_83' title='bbox 789 1180 820 1246; x_wconf 91' lang='lat' dir='ltr'><strong>in</strong></span> <span class='ocrx_word' id='word_1_84' title='bbox 840 1182 902 1248; x_wconf 90' lang='lat' dir='ltr'><strong>hoc</strong></span> <span class='ocrx_word' id='word_1_85' title='bbox 919 1183 1039 1248; x_wconf 90' lang='lat' dir='ltr'><strong>mundo</strong></span> <span class='ocrx_word' id='word_1_86' title='bbox 1055 1205 1128 1249; x_wconf 83' lang='lat' dir='ltr'><strong>cer-</strong></span> 
     </span>
     <span class='ocr_line' id='line_1_10' title="bbox 85 1293 1128 1380; baseline -0.005 -19"><span class='ocrx_word' id='word_1_87' title='bbox 85 1295 203 1362; x_wconf 77' lang='lat' dir='ltr'><strong>nuliter</strong></span> <span class='ocrx_word' id='word_1_88' title='bbox 219 1296 310 1368; x_wconf 77' lang='lat' dir='ltr'><strong>vivit,</strong></span> <span class='ocrx_word' id='word_1_89' title='bbox 327 1307 360 1358; x_wconf 85' lang='lat' dir='ltr'><strong>et</strong></span> <span class='ocrx_word' id='word_1_90' title='bbox 375 1293 552 1359; x_wconf 79' lang='lat' dir='ltr'><strong>secundum</strong></span> <span class='ocrx_word' id='word_1_91' title='bbox 569 1313 699 1358; x_wconf 88' lang='lat' dir='ltr'><strong>curnem</strong></span> <span class='ocrx_word' id='word_1_92' title='bbox 716 1304 870 1356; x_wconf 86' lang='lat' dir='ltr'><strong>movetur.</strong></span> <span class='ocrx_word' id='word_1_93' title='bbox 889 1295 929 1358; x_wconf 87' lang='lat' dir='ltr'><strong>Et</strong></span> <span class='ocrx_word' id='word_1_94' title='bbox 945 1293 1065 1380; x_wconf 89' lang='lat' dir='ltr'><strong>primus</strong></span> <span class='ocrx_word' id='word_1_95' title='bbox 1080 1305 1128 1358; x_wconf 87' lang='lat' dir='ltr'><strong>est</strong></span> 
     </span>
     <span class='ocr_line' id='line_1_11' title="bbox 90 1401 1128 1491; baseline -0.003 -20"><span class='ocrx_word' id='word_1_96' title='bbox 90 1404 235 1472; x_wconf 75' lang='lat' dir='ltr'><strong>cumulis</strong></span> <span class='ocrx_word' id='word_1_97' title='bbox 246 1417 353 1468; x_wconf 87' lang='lat' dir='ltr'><strong>motus</strong></span> <span class='ocrx_word' id='word_1_98' title='bbox 364 1404 395 1467; x_wconf 87' lang='lat' dir='ltr'><strong>in</strong></span> <span class='ocrx_word' id='word_1_99' title='bbox 409 1401 667 1490; x_wconf 80' lang='lat' dir='ltr'><strong>concupiscentia</strong></span> <span class='ocrx_word' id='word_1_100' title='bbox 683 1401 832 1475; x_wconf 82' lang='lat' dir='ltr'><strong>libidinis,</strong></span> <span class='ocrx_word' id='word_1_101' title='bbox 849 1403 915 1488; x_wconf 85' lang='lat' dir='ltr'><strong>qui,</strong></span> <span class='ocrx_word' id='word_1_102' title='bbox 929 1426 1004 1468; x_wconf 93' lang='lat' dir='ltr'><strong>cum</strong></span> <span class='ocrx_word' id='word_1_103' title='bbox 1019 1404 1128 1491; x_wconf 76' lang='lat' dir='ltr'><strong>primm</strong></span> 
     </span>
     <span class='ocr_line' id='line_1_12' title="bbox 96 1509 1127 1600; baseline -0.003 -23"><span class='ocrx_word' id='word_1_104' title='bbox 96 1512 277 1600; x_wconf 73' lang='lat' dir='ltr'><strong>iuventutis</strong></span> <span class='ocrx_word' id='word_1_105' title='bbox 298 1525 420 1599; x_wconf 88' lang='lat' dir='ltr'><strong>tempus</strong></span> <span class='ocrx_word' id='word_1_106' title='bbox 439 1511 608 1587; x_wconf 84' lang='lat' dir='ltr'><strong>obsederit,</strong></span> <span class='ocrx_word' id='word_1_107' title='bbox 631 1512 745 1577; x_wconf 90' lang='lat' dir='ltr'><strong>durum</strong></span> <span class='ocrx_word' id='word_1_108' title='bbox 763 1524 795 1575; x_wconf 85' lang='lat' dir='ltr'><strong>et</strong></span> <span class='ocrx_word' id='word_1_109' title='bbox 816 1513 1018 1576; x_wconf 80' lang='lat' dir='ltr'><strong>temerarium</strong></span> <span class='ocrx_word' id='word_1_110' title='bbox 1035 1509 1127 1578; x_wconf 87' lang='lat' dir='ltr'><strong>simul</strong></span> 
     </span>
     <span class='ocr_line' id='line_1_13' title="bbox 100 1619 1126 1710; baseline 0.002 -26"><span class='ocrx_word' id='word_1_111' title='bbox 100 1635 133 1685; x_wconf 90' lang='lat' dir='ltr'><strong>et</strong></span> <span class='ocrx_word' id='word_1_112' title='bbox 147 1620 300 1686; x_wconf 80' lang='lat' dir='ltr'><strong>lascivum</strong></span> <span class='ocrx_word' id='word_1_113' title='bbox 315 1621 457 1708; x_wconf 82' lang='lat' dir='ltr'><strong>juvenem</strong></span> <span class='ocrx_word' id='word_1_114' title='bbox 477 1619 595 1696; x_wconf 87' lang='lat' dir='ltr'><strong>reddit,</strong></span> <span class='ocrx_word' id='word_1_115' title='bbox 612 1621 835 1687; x_wconf 81' lang='lat' dir='ltr'><strong>escendentem</strong></span> <span class='ocrx_word' id='word_1_116' title='bbox 849 1623 945 1688; x_wconf 83' lang='lat' dir='ltr'><strong>etium</strong></span> <span class='ocrx_word' id='word_1_117' title='bbox 962 1645 1056 1710; x_wconf 88' lang='lat' dir='ltr'><strong>super</strong></span> <span class='ocrx_word' id='word_1_118' title='bbox 1070 1645 1126 1687; x_wconf 92' lang='lat' dir='ltr'><strong>cu-</strong></span> 
     </span>
     <span class='ocr_line' id='line_1_14' title="bbox 94 1729 1127 1820; baseline 0 -23"><span class='ocrx_word' id='word_1_119' title='bbox 94 1729 160 1797; x_wconf 77' lang='lat' dir='ltr'><strong>ltile</strong></span> <span class='ocrx_word' id='word_1_120' title='bbox 174 1732 286 1819; x_wconf 84' lang='lat' dir='ltr'><strong>putris,</strong></span> <span class='ocrx_word' id='word_1_121' title='bbox 300 1743 332 1795; x_wconf 90' lang='lat' dir='ltr'><strong>et</strong></span> <span class='ocrx_word' id='word_1_122' title='bbox 345 1730 538 1820; x_wconf 76' lang='lat' dir='ltr'><strong>polluentem</strong></span> <span class='ocrx_word' id='word_1_123' title='bbox 555 1731 684 1796; x_wconf 88' lang='lat' dir='ltr'><strong>thorum</strong></span> <span class='ocrx_word' id='word_1_124' title='bbox 700 1744 887 1819; x_wconf 69' lang='lat' dir='ltr'><strong>paternum</strong></span> <span class='ocrx_word' id='word_1_125' title='bbox 905 1731 936 1796; x_wconf 87' lang='lat' dir='ltr'><strong>id</strong></span> <span class='ocrx_word' id='word_1_126' title='bbox 953 1746 1013 1808; x_wconf 75' lang='lat' dir='ltr'><strong>rut,</strong></span> <span class='ocrx_word' id='word_1_127' title='bbox 1031 1733 1127 1798; x_wconf 86' lang='lat' dir='ltr'><strong>etium</strong></span> 
     </span>
     <span class='ocr_line' id='line_1_15' title="bbox 90 1841 1128 1932; baseline 0.002 -26"><span class='ocrx_word' id='word_1_128' title='bbox 90 1855 250 1931; x_wconf 63' lang='lat' dir='ltr'><strong>precepta</strong></span> <span class='ocrx_word' id='word_1_129' title='bbox 272 1853 305 1906; x_wconf 88' lang='lat' dir='ltr'><strong>et</strong></span> <span class='ocrx_word' id='word_1_130' title='bbox 325 1843 444 1907; x_wconf 83' lang='lat' dir='ltr'><strong>monite</strong></span> <span class='ocrx_word' id='word_1_131' title='bbox 465 1841 617 1908; x_wconf 80' lang='lat' dir='ltr'><strong>naturalis</strong></span> <span class='ocrx_word' id='word_1_132' title='bbox 639 1841 730 1932; x_wconf 82' lang='lat' dir='ltr'><strong>legis,</strong></span> <span class='ocrx_word' id='word_1_133' title='bbox 753 1865 823 1930; x_wconf 79' lang='lat' dir='ltr'><strong>quse</strong></span> <span class='ocrx_word' id='word_1_134' title='bbox 847 1844 878 1908; x_wconf 91' lang='lat' dir='ltr'><strong>iu</strong></span> <span class='ocrx_word' id='word_1_135' title='bbox 902 1844 993 1910; x_wconf 84' lang='lat' dir='ltr'><strong>nobis</strong></span> <span class='ocrx_word' id='word_1_136' title='bbox 1015 1856 1076 1919; x_wconf 86' lang='lat' dir='ltr'><strong>est,</strong></span> <span class='ocrx_word' id='word_1_137' title='bbox 1096 1853 1128 1908; x_wconf 91' lang='lat' dir='ltr'><strong>et</strong></span> 
     </span>
     <span class='ocr_line' id='line_1_16' title="bbox 89 1939 1134 2041; baseline 0.001 -23"><span class='ocrx_word' id='word_1_138' title='bbox 89 1975 179 2018; x_wconf 91' lang='lat' dir='ltr'><strong>nunc</strong></span> <span class='ocrx_word' id='word_1_139' title='bbox 195 1965 346 2041; x_wconf 77' lang='lat' dir='ltr'><strong>paternus</strong></span> <span class='ocrx_word' id='word_1_140' title='bbox 362 1953 474 2017; x_wconf 84' lang='lat' dir='ltr'><strong>thorus</strong></span> <span class='ocrx_word' id='word_1_141' title='bbox 490 1953 620 2027; x_wconf 83' lang='lat' dir='ltr'><strong>dicitur,</strong></span> <span class='ocrx_word' id='word_1_142' title='bbox 633 1953 900 2041; x_wconf 75' lang='lat' dir='ltr'><strong>praevuricnntem.</strong></span> <span class='ocrx_word' id='word_1_143' title='bbox 915 1955 970 2018; x_wconf 88' lang='lat' dir='ltr'><strong>Est</strong></span> <span class='ocrx_word' id='word_1_144' title='bbox 986 1955 1069 2019; x_wconf 87' lang='lat' dir='ltr'><strong>enim</strong></span> <span class='ocrx_word' id='word_1_145' title='bbox 1084 1939 1134 2019; x_wconf 69' lang='lat' dir='ltr'><strong>in?</strong></span> 
     </span>
     <span class='ocr_line' id='line_1_17' title="bbox 89 2060 1129 2153; baseline 0.001 -26"><span class='ocrx_word' id='word_1_146' title='bbox 89 2074 138 2127; x_wconf 82' lang='lat' dir='ltr'><strong>trs</strong></span> <span class='ocrx_word' id='word_1_147' title='bbox 149 2085 208 2126; x_wconf 86' lang='lat' dir='ltr'><strong>nos</strong></span> <span class='ocrx_word' id='word_1_148' title='bbox 220 2060 269 2125; x_wconf 83' lang='lat' dir='ltr'><strong>lex</strong></span> <span class='ocrx_word' id='word_1_149' title='bbox 277 2061 422 2149; x_wconf 80' lang='lat' dir='ltr'><strong>quaedum</strong></span> <span class='ocrx_word' id='word_1_150' title='bbox 435 2061 585 2126; x_wconf 81' lang='lat' dir='ltr'><strong>naturalis</strong></span> <span class='ocrx_word' id='word_1_151' title='bbox 595 2085 665 2149; x_wconf 78' lang='lat' dir='ltr'><strong>qum</strong></span> <span class='ocrx_word' id='word_1_152' title='bbox 676 2065 777 2151; x_wconf 80' lang='lat' dir='ltr'><strong>arguit</strong></span> <span class='ocrx_word' id='word_1_153' title='bbox 788 2085 1046 2151; x_wconf 87' lang='lat' dir='ltr'><strong>unumquemque</strong></span> <span class='ocrx_word' id='word_1_154' title='bbox 1058 2087 1129 2153; x_wconf 70' lang='lat' dir='ltr'><strong>pem</strong></span> 
     </span>
     <span class='ocr_line' id='line_1_18' title="bbox 91 2171 1128 2260; baseline 0 -24"><span class='ocrx_word' id='word_1_155' title='bbox 91 2185 233 2247; x_wconf 84' lang='lat' dir='ltr'><strong>cuntem,</strong></span> <span class='ocrx_word' id='word_1_156' title='bbox 248 2187 282 2236; x_wconf 85' lang='lat' dir='ltr'><strong>et</strong></span> <span class='ocrx_word' id='word_1_157' title='bbox 297 2171 416 2235; x_wconf 83' lang='lat' dir='ltr'><strong>malum</strong></span> <span class='ocrx_word' id='word_1_158' title='bbox 431 2172 461 2235; x_wconf 92' lang='lat' dir='ltr'><strong>ei</strong></span> <span class='ocrx_word' id='word_1_159' title='bbox 476 2195 545 2236; x_wconf 86' lang='lat' dir='ltr'><strong>esse</strong></span> <span class='ocrx_word' id='word_1_160' title='bbox 560 2171 698 2260; x_wconf 81' lang='lat' dir='ltr'><strong>sug&#39;gerit</strong></span> <span class='ocrx_word' id='word_1_161' title='bbox 719 2171 807 2259; x_wconf 83' lang='lat' dir='ltr'><strong>quod</strong></span> <span class='ocrx_word' id='word_1_162' title='bbox 828 2171 992 2259; x_wconf 83' lang='lat' dir='ltr'><strong>delinquit.</strong></span> <span class='ocrx_word' id='word_1_163' title='bbox 1014 2171 1128 2236; x_wconf 81' lang='lat' dir='ltr'><strong>Cubile</strong></span> 
     </span>
     <span class='ocr_line' id='line_1_19' title="bbox 99 2280 1127 2369; baseline 0.001 -25"><span class='ocrx_word' id='word_1_164' title='bbox 99 2305 175 2368; x_wconf 79' lang='lat' dir='ltr'><strong>ergo</strong></span> <span class='ocrx_word' id='word_1_165' title='bbox 189 2281 265 2369; x_wconf 77' lang='lat' dir='ltr'><strong>legis</strong></span> <span class='ocrx_word' id='word_1_166' title='bbox 279 2283 371 2369; x_wconf 84' lang='lat' dir='ltr'><strong>hujus</strong></span> <span class='ocrx_word' id='word_1_167' title='bbox 390 2293 538 2356; x_wconf 79' lang='lat' dir='ltr'><strong>temeret,</strong></span> <span class='ocrx_word' id='word_1_168' title='bbox 562 2305 599 2346; x_wconf 81' lang='lat' dir='ltr'><strong>uc</strong></span> <span class='ocrx_word' id='word_1_169' title='bbox 622 2281 729 2346; x_wconf 87' lang='lat' dir='ltr'><strong>sedem</strong></span> <span class='ocrx_word' id='word_1_170' title='bbox 750 2283 863 2347; x_wconf 85' lang='lat' dir='ltr'><strong>secreti</strong></span> <span class='ocrx_word' id='word_1_171' title='bbox 884 2283 952 2369; x_wconf 86' lang='lat' dir='ltr'><strong>ejus</strong></span> <span class='ocrx_word' id='word_1_172' title='bbox 976 2280 1127 2356; x_wconf 77' lang='lat' dir='ltr'><strong>maculet,</strong></span> 
     </span>
     <span class='ocr_line' id='line_1_20' title="bbox 96 2390 762 2479; baseline 0 -25"><span class='ocrx_word' id='word_1_173' title='bbox 96 2393 153 2478; x_wconf 79' lang='lat' dir='ltr'><strong>qui</strong></span> <span class='ocrx_word' id='word_1_174' title='bbox 168 2413 305 2479; x_wconf 82' lang='lat' dir='ltr'><strong>praeceps</strong></span> <span class='ocrx_word' id='word_1_175' title='bbox 318 2403 349 2456; x_wconf 88' lang='lat' dir='ltr'><strong>et</strong></span> <span class='ocrx_word' id='word_1_176' title='bbox 363 2391 495 2456; x_wconf 76' lang='lat' dir='ltr'><strong>infrenis</strong></span> <span class='ocrx_word' id='word_1_177' title='bbox 510 2390 609 2456; x_wconf 81' lang='lat' dir='ltr'><strong>fertur</strong></span> <span class='ocrx_word' id='word_1_178' title='bbox 623 2391 662 2455; x_wconf 91' lang='lat' dir='ltr'><strong>ud</strong></span> <span class='ocrx_word' id='word_1_179' title='bbox 679 2391 762 2454; x_wconf 82' lang='lat' dir='ltr'><strong>vitiu.</strong></span> 
     </span>
    </p>

    <p class='ocr_par' dir='ltr' id='par_1_3' title="bbox 136 2500 1129 2588">
     <span class='ocr_line' id='line_1_21' title="bbox 136 2500 1129 2588; baseline 0.001 -22"><span class='ocrx_word' id='word_1_180' title='bbox 136 2501 193 2568; x_wconf 85' lang='lat' dir='ltr'><strong>lll.</strong></span> <span class='ocrx_word' id='word_1_181' title='bbox 215 2500 378 2587; x_wconf 79' lang='lat' dir='ltr'><strong>«Symeon</strong></span> <span class='ocrx_word' id='word_1_182' title='bbox 391 2501 509 2566; x_wconf 84' lang='lat' dir='ltr'><strong>ethri</strong></span> <span class='ocrx_word' id='word_1_183' title='bbox 523 2501 634 2565; x_wconf 82' lang='lat' dir='ltr'><strong>srutres</strong></span> <span class='ocrx_word' id='word_1_184' title='bbox 646 2501 849 2588; x_wconf 81' lang='lat' dir='ltr'><strong>perfecerunt</strong></span> <span class='ocrx_word' id='word_1_185' title='bbox 864 2503 1061 2586; x_wconf 82' lang='lat' dir='ltr'><strong>iniquitatem</strong></span> <span class='ocrx_word' id='word_1_186' title='bbox 1079 2527 1129 2568; x_wconf 85' lang='lat' dir='ltr'><strong>vo-</strong></span> 
     </span>
    </p>
   </div>
   <div class='ocr_carea' id='block_1_3' title="bbox 91 2609 1243 2685">
    <p class='ocr_par' dir='ltr' id='par_1_4' title="bbox 91 2609 1243 2685">
     <span class='ocr_line' id='line_1_22' title="bbox 91 2609 1243 2685; baseline 0.006 -15"><span class='ocrx_word' id='word_1_187' title='bbox 91 2641 105 2670; x_wconf 76' lang='grc' dir='ltr'><strong>ι</strong></span> <span class='ocrx_word' id='word_1_188' title='bbox 121 2611 253 2677; x_wconf 82' lang='lat' dir='ltr'><strong>luntatis</strong></span> <span class='ocrx_word' id='word_1_189' title='bbox 265 2633 340 2676; x_wconf 81' lang='lat' dir='ltr'><strong>suae.</strong></span> <span class='ocrx_word' id='word_1_190' title='bbox 353 2611 389 2675; x_wconf 92' lang='lat' dir='ltr'><strong>ln</strong></span> <span class='ocrx_word' id='word_1_191' title='bbox 401 2609 570 2675; x_wconf 84' lang='lat' dir='ltr'><strong>consilium</strong></span> <span class='ocrx_word' id='word_1_192' title='bbox 582 2633 694 2678; x_wconf 84' lang='lat' dir='ltr'><strong>eorum</strong></span> <span class='ocrx_word' id='word_1_193' title='bbox 706 2631 769 2674; x_wconf 88' lang='lat' dir='ltr'><strong>non</strong></span> <span class='ocrx_word' id='word_1_194' title='bbox 782 2609 917 2674; x_wconf 80' lang='lat' dir='ltr'><strong>introeat</strong></span> <span class='ocrx_word' id='word_1_195' title='bbox 928 2610 1031 2674; x_wconf 81' lang='lat' dir='ltr'><strong>enimn</strong></span> <span class='ocrx_word' id='word_1_196' title='bbox 1045 2635 1128 2685; x_wconf 82' lang='lat' dir='ltr'><strong>mea,</strong></span> <span class='ocrx_word' id='word_1_197' title='bbox 1240 2629 1243 2636; x_wconf 81' lang='grc'>’</span> 
     </span>
    </p>
   </div>
   <div class='ocr_carea' id='block_1_4' title="bbox 89 2717 1130 3564">
    <p class='ocr_par' dir='ltr' id='par_1_5' title="bbox 89 2717 1130 3564">
     <span class='ocr_line' id='line_1_23' title="bbox 89 2717 1128 2806; baseline 0.003 -25"><span class='ocrx_word' id='word_1_198' title='bbox 89 2749 104 2781; x_wconf 80' lang='grc' dir='ltr'><strong>ι</strong></span> <span class='ocrx_word' id='word_1_199' title='bbox 118 2733 152 2784; x_wconf 90' lang='lat' dir='ltr'><strong>et</strong></span> <span class='ocrx_word' id='word_1_200' title='bbox 165 2721 197 2784; x_wconf 92' lang='lat' dir='ltr'><strong>in</strong></span> <span class='ocrx_word' id='word_1_201' title='bbox 210 2717 345 2785; x_wconf 86' lang='lat' dir='ltr'><strong>consilio</strong></span> <span class='ocrx_word' id='word_1_202' title='bbox 355 2741 467 2784; x_wconf 85' lang='lat' dir='ltr'><strong>eorum</strong></span> <span class='ocrx_word' id='word_1_203' title='bbox 480 2741 544 2783; x_wconf 89' lang='lat' dir='ltr'><strong>nun</strong></span> <span class='ocrx_word' id='word_1_204' title='bbox 556 2719 732 2784; x_wconf 86' lang='lat' dir='ltr'><strong>innituntur</strong></span> <span class='ocrx_word' id='word_1_205' title='bbox 743 2719 859 2783; x_wconf 83' lang='lat' dir='ltr'><strong>viscera</strong></span> <span class='ocrx_word' id='word_1_206' title='bbox 874 2742 941 2783; x_wconf 84' lang='lat' dir='ltr'><strong>meu</strong></span> <span class='ocrx_word' id='word_1_207' title='bbox 957 2741 964 2783; x_wconf 76' lang='grc' dir='ltr'><strong><em>ε</em></strong></span> <span class='ocrx_word' id='word_1_208' title='bbox 979 2722 1128 2806; x_wconf 80' lang='lat' dir='ltr'><strong>quonium</strong></span> 
     </span>
     <span class='ocr_line' id='line_1_24' title="bbox 89 2829 1130 2919; baseline 0.005 -25"><span class='ocrx_word' id='word_1_209' title='bbox 89 2859 103 2894; x_wconf 79' lang='lat' dir='ltr'><strong>s</strong></span> <span class='ocrx_word' id='word_1_210' title='bbox 118 2833 151 2896; x_wconf 89' lang='lat' dir='ltr'><strong>in</strong></span> <span class='ocrx_word' id='word_1_211' title='bbox 173 2833 220 2896; x_wconf 86' lang='lat' dir='ltr'><strong>irn</strong></span> <span class='ocrx_word' id='word_1_212' title='bbox 239 2853 298 2894; x_wconf 80' lang='lat' dir='ltr'><strong>sus</strong></span> <span class='ocrx_word' id='word_1_213' title='bbox 319 2829 505 2894; x_wconf 88' lang='lat' dir='ltr'><strong>occiderunt</strong></span> <span class='ocrx_word' id='word_1_214' title='bbox 522 2829 680 2904; x_wconf 84' lang='lat' dir='ltr'><strong>homines,</strong></span> <span class='ocrx_word' id='word_1_215' title='bbox 698 2842 729 2894; x_wconf 90' lang='lat' dir='ltr'><strong>et</strong></span> <span class='ocrx_word' id='word_1_216' title='bbox 745 2831 776 2894; x_wconf 92' lang='lat' dir='ltr'><strong>iu</strong></span> <span class='ocrx_word' id='word_1_217' title='bbox 793 2832 966 2919; x_wconf 81' lang='lat' dir='ltr'><strong>cupiditate</strong></span> <span class='ocrx_word' id='word_1_218' title='bbox 982 2855 1036 2898; x_wconf 85' lang='lat' dir='ltr'><strong>suu</strong></span> <span class='ocrx_word' id='word_1_219' title='bbox 1053 2835 1130 2899; x_wconf 90' lang='lat' dir='ltr'><strong>sub-</strong></span> 
     </span>
     <span class='ocr_line' id='line_1_25' title="bbox 89 2937 1130 3030; baseline 0.005 -26"><span class='ocrx_word' id='word_1_220' title='bbox 89 2969 103 3004; x_wconf 79' lang='lat' dir='ltr'><strong>s</strong></span> <span class='ocrx_word' id='word_1_221' title='bbox 119 2951 337 3006; x_wconf 77' lang='lat' dir='ltr'><strong>nervuverunt</strong></span> <span class='ocrx_word' id='word_1_222' title='bbox 353 2951 490 3004; x_wconf 83' lang='lat' dir='ltr'><strong>taurum.</strong></span> <span class='ocrx_word' id='word_1_223' title='bbox 507 2937 692 3005; x_wconf 77' lang='lat' dir='ltr'><strong>Maledictus</strong></span> <span class='ocrx_word' id='word_1_224' title='bbox 706 2939 794 3004; x_wconf 83' lang='lat' dir='ltr'><strong>furor</strong></span> <span class='ocrx_word' id='word_1_225' title='bbox 807 2963 932 3016; x_wconf 89' lang='lat' dir='ltr'><strong>corum,</strong></span> <span class='ocrx_word' id='word_1_226' title='bbox 945 2942 1018 3030; x_wconf 82' lang='lat' dir='ltr'><strong>quie</strong></span> <span class='ocrx_word' id='word_1_227' title='bbox 1033 2953 1130 3009; x_wconf 85' lang='lat' dir='ltr'><strong>teme·</strong></span> 
     </span>
     <span class='ocr_line' id='line_1_26' title="bbox 90 3048 1128 3137; baseline 0.009 -25"><span class='ocrx_word' id='word_1_228' title='bbox 90 3051 221 3116; x_wconf 75' lang='lat' dir='ltr'><strong>»rurius</strong></span> <span class='ocrx_word' id='word_1_229' title='bbox 237 3061 304 3122; x_wconf 69' lang='lat' dir='ltr'><strong>este</strong></span> <span class='ocrx_word' id='word_1_230' title='bbox 318 3059 351 3116; x_wconf 87' lang='lat' dir='ltr'><strong>et</strong></span> <span class='ocrx_word' id='word_1_231' title='bbox 366 3050 410 3114; x_wconf 80' lang='lat' dir='ltr'><strong>irs</strong></span> <span class='ocrx_word' id='word_1_232' title='bbox 426 3048 565 3124; x_wconf 91' lang='lat' dir='ltr'><strong>illorum,</strong></span> <span class='ocrx_word' id='word_1_233' title='bbox 579 3049 651 3137; x_wconf 84' lang='lat' dir='ltr'><strong>quin</strong></span> <span class='ocrx_word' id='word_1_234' title='bbox 668 3050 812 3115; x_wconf 77' lang='lat' dir='ltr'><strong>indurata</strong></span> <span class='ocrx_word' id='word_1_235' title='bbox 827 3065 884 3115; x_wconf 86' lang='lat' dir='ltr'><strong>est.</strong></span> <span class='ocrx_word' id='word_1_236' title='bbox 900 3053 1044 3118; x_wconf 79' lang='lat' dir='ltr'><strong>Dividam</strong></span> <span class='ocrx_word' id='word_1_237' title='bbox 1060 3053 1128 3120; x_wconf 91' lang='lat' dir='ltr'><strong>illos</strong></span> 
     </span>
     <span class='ocr_line' id='line_1_27' title="bbox 90 3157 1128 3251; baseline 0.007 -29"><span class='ocrx_word' id='word_1_238' title='bbox 90 3191 102 3222; x_wconf 77' lang='grc' dir='ltr'><strong>ι</strong></span> <span class='ocrx_word' id='word_1_239' title='bbox 115 3162 146 3226; x_wconf 91' lang='lat' dir='ltr'><strong>in</strong></span> <span class='ocrx_word' id='word_1_240' title='bbox 158 3160 279 3234; x_wconf 77' lang='lat' dir='ltr'><strong>Jacob,</strong></span> <span class='ocrx_word' id='word_1_241' title='bbox 292 3171 325 3224; x_wconf 85' lang='lat' dir='ltr'><strong>et</strong></span> <span class='ocrx_word' id='word_1_242' title='bbox 340 3157 519 3248; x_wconf 78' lang='lat' dir='ltr'><strong>dispergam</strong></span> <span class='ocrx_word' id='word_1_243' title='bbox 531 3158 600 3224; x_wconf 87' lang='lat' dir='ltr'><strong>illos</strong></span> <span class='ocrx_word' id='word_1_244' title='bbox 612 3159 644 3224; x_wconf 90' lang='lat' dir='ltr'><strong>in</strong></span> <span class='ocrx_word' id='word_1_245' title='bbox 657 3158 751 3225; x_wconf 76' lang='lat' dir='ltr'><strong>lsrne&#39;l</strong></span> <span class='ocrx_word' id='word_1_246' title='bbox 762 3159 784 3226; x_wconf 79' lang='lat'><strong>⁴.</strong></span> <span class='ocrx_word' id='word_1_247' title='bbox 800 3162 987 3240; x_wconf 77' lang='lat' dir='ltr'><strong>»Quantum</strong></span> <span class='ocrx_word' id='word_1_248' title='bbox 1000 3165 1128 3251; x_wconf 88' lang='lat' dir='ltr'><strong>quidem</strong></span> 
     </span>
     <span class='ocr_line' id='line_1_28' title="bbox 92 3267 1127 3360; baseline 0.006 -25"><span class='ocrx_word' id='word_1_249' title='bbox 92 3271 129 3335; x_wconf 83' lang='lat' dir='ltr'><strong>ud</strong></span> <span class='ocrx_word' id='word_1_250' title='bbox 152 3269 321 3334; x_wconf 74' lang='lat' dir='ltr'><strong>historiam</strong></span> <span class='ocrx_word' id='word_1_251' title='bbox 342 3268 491 3355; x_wconf 85' lang='lat' dir='ltr'><strong>pertinet,</strong></span> <span class='ocrx_word' id='word_1_252' title='bbox 513 3268 637 3333; x_wconf 88' lang='lat' dir='ltr'><strong>videtur</strong></span> <span class='ocrx_word' id='word_1_253' title='bbox 657 3267 735 3333; x_wconf 93' lang='lat' dir='ltr'><strong>illud</strong></span> <span class='ocrx_word' id='word_1_254' title='bbox 754 3293 864 3336; x_wconf 89' lang='lat' dir='ltr'><strong>eorum</strong></span> <span class='ocrx_word' id='word_1_255' title='bbox 889 3270 1016 3360; x_wconf 81' lang='lat' dir='ltr'><strong>culpare</strong></span> <span class='ocrx_word' id='word_1_256' title='bbox 1038 3297 1127 3340; x_wconf 85' lang='lat' dir='ltr'><strong>com-</strong></span> 
     </span>
     <span class='ocr_line' id='line_1_29' title="bbox 96 3377 1128 3468; baseline 0.007 -25"><span class='ocrx_word' id='word_1_257' title='bbox 96 3381 234 3454; x_wconf 81' lang='lat' dir='ltr'><strong>missum,</strong></span> <span class='ocrx_word' id='word_1_258' title='bbox 251 3377 342 3465; x_wconf 87' lang='lat' dir='ltr'><strong>quod</strong></span> <span class='ocrx_word' id='word_1_259' title='bbox 360 3379 492 3442; x_wconf 85' lang='lat' dir='ltr'><strong>Emmor</strong></span> <span class='ocrx_word' id='word_1_260' title='bbox 506 3377 608 3443; x_wconf 89' lang='lat' dir='ltr'><strong>lilium</strong></span> <span class='ocrx_word' id='word_1_261' title='bbox 629 3377 771 3454; x_wconf 87' lang='lat' dir='ltr'><strong>Sichem‚</strong></span> <span class='ocrx_word' id='word_1_262' title='bbox 791 3380 843 3467; x_wconf 91' lang='lat' dir='ltr'><strong>qui</strong></span> <span class='ocrx_word' id='word_1_263' title='bbox 860 3394 930 3468; x_wconf 87' lang='lat' dir='ltr'><strong>post</strong></span> <span class='ocrx_word' id='word_1_264' title='bbox 947 3385 1061 3450; x_wconf 87' lang='lat' dir='ltr'><strong>sororis</strong></span> <span class='ocrx_word' id='word_1_265' title='bbox 1077 3409 1128 3450; x_wconf 92' lang='lat' dir='ltr'><strong>eo-</strong></span> 
     </span>
     <span class='ocr_line' id='line_1_30' title="bbox 100 3485 1127 3564; baseline 0.009 -13"><span class='ocrx_word' id='word_1_266' title='bbox 100 3509 169 3551; x_wconf 93' lang='lat' dir='ltr'><strong>rum</strong></span> <span class='ocrx_word' id='word_1_267' title='bbox 182 3489 390 3554; x_wconf 80' lang='lat' dir='ltr'><strong>concubitum</strong></span> <span class='ocrx_word' id='word_1_268' title='bbox 405 3485 529 3553; x_wconf 82' lang='lat' dir='ltr'><strong>lumiliae</strong></span> <span class='ocrx_word' id='word_1_269' title='bbox 550 3486 645 3553; x_wconf 80' lang='lat' dir='ltr'><strong>lsrael</strong></span> <span class='ocrx_word' id='word_1_270' title='bbox 665 3487 805 3554; x_wconf 79' lang='lat' dir='ltr'><strong>voluerut</strong></span> <span class='ocrx_word' id='word_1_271' title='bbox 822 3491 947 3564; x_wconf 80' lang='lat' dir='ltr'><strong>sociari,</strong></span> <span class='ocrx_word' id='word_1_272' title='bbox 966 3491 1077 3558; x_wconf 76' lang='lat' dir='ltr'><strong>froude</strong></span> <span class='ocrx_word' id='word_1_273' title='bbox 1095 3507 1127 3560; x_wconf 88' lang='lat' dir='ltr'><strong>et</strong></span> 
     </span>
    </p>
   </div>
   <div class='ocr_carea' id='block_1_5' title="bbox 91 3591 1130 3801">
    <p class='ocr_par' dir='ltr' id='par_1_6' title="bbox 91 3591 1130 3801">
     <span class='ocr_line' id='line_1_31' title="bbox 97 3591 1129 3695; baseline 0.006 -31"><span class='ocrx_word' id='word_1_274' title='bbox 97 3591 366 3664; x_wconf 76' lang='lat' dir='ltr'><strong>circumventione</strong></span> <span class='ocrx_word' id='word_1_275' title='bbox 382 3595 578 3685; x_wconf 80' lang='lat' dir='ltr'><strong>jugularunt,</strong></span> <span class='ocrx_word' id='word_1_276' title='bbox 597 3610 692 3686; x_wconf 84' lang='lat' dir='ltr'><strong>utque</strong></span> <span class='ocrx_word' id='word_1_277' title='bbox 708 3621 819 3665; x_wconf 86' lang='lat' dir='ltr'><strong>omnes</strong></span> <span class='ocrx_word' id='word_1_278' title='bbox 834 3603 904 3686; x_wconf 86' lang='lat' dir='ltr'><strong>ejus</strong></span> <span class='ocrx_word' id='word_1_279' title='bbox 922 3603 1055 3691; x_wconf 86' lang='lat' dir='ltr'><strong>populos</strong></span> <span class='ocrx_word' id='word_1_280' title='bbox 1071 3630 1129 3695; x_wconf 92' lang='lat' dir='ltr'><strong>pe-</strong></span> 
     </span>
     <span class='ocr_line' id='line_1_32' title="bbox 91 3705 1130 3801; baseline 0.005 -27"><span class='ocrx_word' id='word_1_281' title='bbox 91 3723 252 3776; x_wconf 85' lang='lat' dir='ltr'><strong>remerunt</strong></span> <span class='ocrx_word' id='word_1_282' title='bbox 270 3733 277 3770; x_wconf 89' lang='lat'><strong>:</strong></span> <span class='ocrx_word' id='word_1_283' title='bbox 300 3706 432 3795; x_wconf 82' lang='lat' dir='ltr'><strong>quando</strong></span> <span class='ocrx_word' id='word_1_284' title='bbox 447 3717 479 3770; x_wconf 86' lang='lat' dir='ltr'><strong>et</strong></span> <span class='ocrx_word' id='word_1_285' title='bbox 496 3705 621 3772; x_wconf 81' lang='lat' dir='ltr'><strong>dicebat</strong></span> <span class='ocrx_word' id='word_1_286' title='bbox 638 3709 682 3772; x_wconf 92' lang='lat' dir='ltr'><strong>eis</strong></span> <span class='ocrx_word' id='word_1_287' title='bbox 698 3708 792 3774; x_wconf 77' lang='lat' dir='ltr'><strong>lsree&#39;l</strong></span> <span class='ocrx_word' id='word_1_288' title='bbox 810 3723 899 3796; x_wconf 79' lang='lat' dir='ltr'><strong>puter</strong></span> <span class='ocrx_word' id='word_1_289' title='bbox 916 3735 1039 3788; x_wconf 87' lang='lat' dir='ltr'><strong>corum,</strong></span> <span class='ocrx_word' id='word_1_290' title='bbox 1058 3717 1130 3801; x_wconf 82' lang='lat' dir='ltr'><strong>quia</strong></span> 
     </span>
    </p>
   </div>
   <div class='ocr_carea' id='block_1_6' title="bbox 89 3863 1131 4002">
    <p class='ocr_par' dir='ltr' id='par_1_7' title="bbox 89 3863 1131 4002">
     <span class='ocr_line' id='line_1_33' title="bbox 120 3863 1131 3986; baseline 0.006 -74"><span class='ocrx_word' id='word_1_291' title='bbox 120 3865 153 3984; x_wconf 55' lang='grc' dir='ltr'><strong>’δι</strong></span> <span class='ocrx_word' id='word_1_292' title='bbox 166 3866 287 3986; x_wconf 62' lang='grc' dir='ltr'><strong>ῦυὸήηίίι.</strong></span> <span class='ocrx_word' id='word_1_293' title='bbox 303 3879 345 3923; x_wconf 75' lang='lat' dir='ltr'><strong>ur,</strong></span> <span class='ocrx_word' id='word_1_294' title='bbox 355 3863 396 3927; x_wconf 64' lang='lat'><strong>47:</strong></span> <span class='ocrx_word' id='word_1_295' title='bbox 408 3879 457 3909; x_wconf 83' lang='lat' dir='ltr'><strong>-r</strong></span> <span class='ocrx_word' id='word_1_296' title='bbox 470 3865 528 3911; x_wconf 79' lang='lat' dir='ltr'><strong>Cor.</strong></span> <span class='ocrx_word' id='word_1_297' title='bbox 541 3879 574 3924; x_wconf 83' lang='lat' dir='ltr'><strong>rr,</strong></span> <span class='ocrx_word' id='word_1_298' title='bbox 588 3866 623 3912; x_wconf 80' lang='lat'><strong>16.</strong></span> <span class='ocrx_word' id='word_1_299' title='bbox 637 3865 686 3902; x_wconf 69' lang='lat' dir='ltr'><strong>-l</strong></span> <span class='ocrx_word' id='word_1_300' title='bbox 699 3883 706 3912; x_wconf 86' lang='lat' dir='ltr'><strong>r</strong></span> <span class='ocrx_word' id='word_1_301' title='bbox 720 3867 776 3915; x_wconf 81' lang='lat' dir='ltr'><strong>Gur.</strong></span> <span class='ocrx_word' id='word_1_302' title='bbox 791 3883 831 3928; x_wconf 79' lang='lat' dir='ltr'><strong>xv,</strong></span> <span class='ocrx_word' id='word_1_303' title='bbox 842 3869 882 3924; x_wconf 69' lang='lat'><strong>46.</strong></span> <span class='ocrx_word' id='word_1_304' title='bbox 894 3897 921 3906; x_wconf 90' lang='lat'>—</span> <span class='ocrx_word' id='word_1_305' title='bbox 934 3869 942 3900; x_wconf 75' lang='lat'><strong>⁴</strong></span> <span class='ocrx_word' id='word_1_306' title='bbox 955 3871 1051 3918; x_wconf 70' lang='lat' dir='ltr'><strong>(lenes.</strong></span> <span class='ocrx_word' id='word_1_307' title='bbox 1065 3886 1131 3931; x_wconf 71' lang='lat' dir='ltr'><strong>xrrr,</strong></span> 
     </span>
     <span class='ocr_line' id='line_1_34' title="bbox 89 3941 225 4002; baseline 0.015 -18"><span class='ocrx_word' id='word_1_308' title='bbox 89 3941 112 3998; x_wconf 82' lang='lat'><strong>5,</strong></span> <span class='ocrx_word' id='word_1_309' title='bbox 143 3971 150 3996; x_wconf 88' lang='lat'>,</span> <span class='ocrx_word' id='word_1_310' title='bbox 164 3957 187 4002; x_wconf 77' lang='lat'><strong>7,</strong></span> <span class='ocrx_word' id='word_1_311' title='bbox 219 3974 225 3986; x_wconf 95' lang='lat'>.</span> 
     </span>
    </p>
   </div>
   <div class='ocr_carea' id='block_1_7' title="bbox 0 0 1377 4624">
    <p class='ocr_par' dir='ltr' id='par_1_8' title="bbox 0 0 1377 4624">
     <span class='ocr_line' id='line_1_35' title="bbox 0 0 1377 4624; baseline 0 0"><span class='ocrx_word' id='word_1_312' title='bbox 0 0 1377 4624; x_wconf 95' lang='lat' dir='ltr'><strong> </strong></span> 
     </span>
    </p>
   </div>
  </div>
 </body>
</html>
