2734 4594
241 250 250 291 1
264 249 301 292 10
636 307 638 311 Ι
683 241 825 286 ΟῇῐῦΙΗΙῦ

239 369 292 455 qui
309 363 357 432 vel
373 362 586 438 Gothonielia,
604 361 652 428 vel
669 361 763 430 Aioth
782 363 886 451 speeie
906 361 1129 452 designantur,
1147 361 1220 450 qnia
1232 363 1267 426 si

237 488 292 540 out
311 495 392 562 aaepe
420 471 633 546 ostendimus,
655 492 720 535 non
746 469 849 534 solum
871 492 889 534 a
911 470 1075 536 contrariis
1101 471 1266 534 virtutibus

237 585 479 670 impugnamur,
496 579 552 644 aed
568 591 601 642 et
621 577 732 642 divinae
745 579 899 662 bonaeque
914 577 1044 644 virtutes
1063 576 1103 641 ad
1119 574 1266 642 auxilium
1339 635 1340 640 ,

236 699 381 754 nostrum
399 687 568 752 mittuntur
582 709 599 751 a
615 685 762 750 Domino.
779 683 951 751 Videamus
970 696 1078 750 tamen
1091 683 1164 773 quia
1178 683 1268 748 suerit

238 797 296 860 iste
308 791 497 869 Gothoniel,
513 794 605 880 cujus
617 792 760 867 familiae,
775 793 865 879 eujus
878 789 1057 857 nobilitatis.
1070 789 1212 866 «Filius,
1224 791 1268 856 in-

239 903 343 989 nquit,
361 898 506 988 Connph,
523 900 620 965 irater
637 897 773 988 Caloph¹
786 922 819 964 :a
840 896 923 964 illius
936 897 1102 963 laudabilia
1121 909 1155 962 et
1172 899 1270 964 admi·

239 1010 329 1076 randi
353 1009 409 1074 viri
425 1005 563 1096 Caleph,
580 1007 633 1094 qui
654 1006 713 1071 suit
731 1029 838 1072 oomea
858 1017 891 1070 et
905 1007 1007 1070 sooiua
1021 1004 1096 1069 ‹leau
1110 1005 1219 1070 Nare:
1234 1005 1268 1070 de

241 1139 325 1204 quo,
345 1127 439 1202 prout
456 1115 634 1203 potuimus,
650 1114 683 1179 iu
705 1113 768 1178 auis
784 1111 884 1189 locis,
898 1136 968 1200 quae
983 1112 1047 1178 visa
1061 1124 1159 1186 aunt,
1178 1111 1270 1178 dinae-

241 1225 370 1290 ιιιίιιιιιε.
382 1222 467 1302 Quid
479 1244 554 1308 ergo
566 1221 643 1286 dicit
652 1221 816 1310 Soriptura
831 1220 870 1286 de
882 1219 942 1284 isto
949 1218 1269 1284 GothonieliPostea·

239 1351 335 1417 quam
345 1329 423 1396 dixit
436 1328 491 1416 qui
504 1325 720 1394 clamaverunt
733 1326 792 1392 filii
804 1324 899 1392 lsrael
915 1327 955 1392 ad
965 1326 1160 1401 Dominum,
1175 1328 1271 1392 iaetm

213 1499 216 1506 .
240 1452 326 1514 reat,
345 1437 459 1524 iuquit,
476 1437 612 1526 Spiritus
626 1437 754 1501 Domini
774 1457 869 1523 super
884 1432 1125 1509 Gothonielem,
1142 1449 1177 1499 et
1192 1435 1272 1523 judi-

242 1546 344 1612 »ouvit
360 1544 484 1610 lsrael².
505 1545 619 1609 »Putea
633 1554 681 1607 ost
696 1543 729 1606 in
746 1543 836 1607 nobis
847 1540 975 1628 aliquia,
987 1542 1042 1629 qui
1056 1542 1100 1605 ita
1116 1541 1270 1617 validum,

238 1661 270 1714 et
285 1651 329 1714 ita
344 1650 463 1734 justum
478 1645 652 1713 clamorem
667 1645 772 1712 mittat
787 1645 828 1710 ad
841 1645 1032 1719 Dominum,
1047 1656 1085 1707 nt
1101 1644 1219 1733 dignus
1236 1647 1272 1709 sit

239 1755 379 1822 exaudiri
390 1804 399 1828 ,
410 1767 444 1818 et
455 1736 614 1818 mereatur
626 1750 760 1841 populna
774 1754 917 1840 aooipere
930 1751 1070 1840 judicem
1085 1763 1120 1816 et
1135 1753 1269 1839 judioem

195 1931 198 1939 y
240 1860 336 1926 talem
359 1881 455 1944 quem
473 1847 608 1946 Spiritus
626 1859 683 1923 Dei
698 1857 834 1947 repleat,
856 1871 891 1923 ut
906 1861 1004 1948 poaait
1021 1871 1148 1927 neotum
1169 1875 1271 1927 tenore

240 1967 396 2054 judicium
405 1965 419 2030 i
428 1965 517 2030 Unde
523 1977 556 2030 et
564 1963 643 2030 liber
654 1967 720 2054 ipse
733 1967 884 2032 lodicum
897 1965 1024 2044 dicitur,
1038 1980 1071 2034 et
1084 1969 1273 2034 describim-

241 2085 295 2137 tua
313 2073 347 2138 in
364 2095 403 2137 eo
423 2071 560 2160 judioea,
578 2073 632 2160 qui
654 2073 874 2160 judicaverunt
894 2073 1058 2163 populum.
1077 2076 1176 2142 Siout
1194 2079 1272 2144 enim

242 2175 292 2242 alii
307 2175 379 2242 libai
393 2177 515 2263 Regum
531 2177 692 2252 dicuntur,
704 2177 753 2242 vel
768 2179 970 2267 Regnorum,
983 2179 1016 2243 in
1030 2181 1150 2267 quibus
1164 2181 1274 2246 deacri-

242 2283 328 2349 bitur
351 2284 566 2372 unusquisque
583 2283 706 2373 Regum
732 2286 892 2372 quomodo
908 2286 1103 2374 regnaverit,
1128 2287 1183 2354 vel
1206 2289 1275 2376 quid

239 2391 338 2480 egerit
362 2414 370 2455 :
387 2391 480 2455 itaet
500 2391 533 2456 in
551 2392 613 2456 hoo
634 2390 741 2457 libello
755 2404 841 2480 gesta
860 2393 1002 2480 judioum
1020 2393 1228 2470 referuntur,
1244 2407 1274 2459 et

241 2497 431 2564 describitur
442 2519 508 2562 aon
523 2495 625 2563 solum
641 2498 667 2562 ai
678 2499 754 2585 quid
764 2501 805 2564 ab
816 2499 861 2564 eia
875 2512 962 2565 reate
976 2511 1009 2565 ot
1020 2499 1142 2568 utiliter
1153 2515 1278 2590 geat-

239 2615 302 2681 est,
318 2626 429 2669 vorum
444 2617 476 2668 et
486 2605 514 2670 si
525 2604 602 2692 quid
613 2603 814 2693 culpabiliter
828 2606 999 2672 admissum
1010 2619 1068 2673 est.
1082 2609 1157 2673 Cur
1172 2622 1279 2676 tamen

241 2716 413 2799 utrumque
433 2711 628 2799 descriptum
643 2711 682 2777 sit
697 2713 723 2777 ai
738 2714 888 2801 requiris,
904 2715 1047 2803 prolecto
1062 2727 1098 2780 ut
1115 2739 1210 2784 nuno
1225 2721 1280 2784 Eo·

241 2816 343 2882 oleaiae
355 2818 513 2906 principes
529 2816 576 2883 vel
592 2817 712 2904 judiees
727 2821 925 2907 pervidentes
943 2843 979 2887 ea
1001 2845 1071 2909 quae
1086 2823 1126 2887 ala
1150 2826 1202 2889 eis
1218 2823 1281 2890 lau

242 2921 387 2990 dabiliter
402 2935 489 3012 gnata
510 2936 607 3000 aunt,
631 2926 772 3012 priorum
791 2939 963 3015 aequantur
979 2926 1123 3017 exempla
1145 2953 1156 2994 ι
1175 2932 1202 2996 ai
1221 2954 1282 3018 qur

241 3052 315 3095 vero
330 3031 364 3095 in
379 3027 438 3096 illia
453 3029 640 3118 culpantur,
657 3043 693 3096 ut
708 3032 757 3097 inti
776 3047 907 3100 ouveant
925 3046 958 3099 et
974 3034 1146 3102 deelinant.
1166 3037 1282 3128 Magna

239 3156 316 3221 ergo
330 3133 397 3200 laus
407 3135 503 3222 primi
514 3135 611 3223 hujus
627 3136 741 3223 judicia
752 3136 921 3204 Gothoniel
936 3138 1089 3216 refertur,
1103 3143 1198 3229 quod
1214 3145 1284 3233 Spi-

241 3253 292 3304 tus
307 3241 365 3306 Dei
381 3241 481 3308 iaotua
493 3256 542 3309 eat
557 3267 651 3332 anper
669 3267 762 3320 aum,
774 3257 806 3308 et
820 3267 877 3333 per
888 3246 1041 3334 Spiritum
1052 3249 1186 3316 Domini
1203 3253 1285 3338 judi-

242 3347 335 3412 cabat
346 3346 442 3413 lsrael
458 3372 466 3413 ε
479 3350 564 3437 quod
576 3373 635 3439 ego
646 3352 686 3417 do
698 3350 759 3417 alio
771 3353 880 3439 quovis
896 3353 1017 3420 dictum
1032 3377 1096 3421 non
1112 3357 1208 3424 valde
1220 3381 1287 3424 me·

241 3454 330 3520 mini.
349 3456 432 3522 Sunt
452 3478 527 3544 ergo
542 3459 685 3524 omnium
700 3458 795 3526 hodie
810 3459 1022 3528 Ecclesiamm
1041 3487 1113 3552 quae
1127 3459 1207 3530 sunt
1222 3467 1286 3530 sul)

241 3559 342 3636 coelo,
354 3561 578 3650 quamplurimi
593 3565 731 3653 judices,
743 3568 857 3656 quibua
866 3593 878 3659 J
884 3569 1023 3636 odicium
1035 3593 1101 3636 non
1116 3571 1227 3638 solum
1240 3595 1286 3636 re·

242 3689 315 3732 rum
330 3680 490 3757 gestarum
505 3670 614 3737 datum
631 3685 697 3750 est,
713 3673 768 3740 aed
782 3687 814 3742 et
831 3675 1017 3743 animarum.
1032 3675 1157 3745 Verum
1172 3680 1287 3746 neseio

279 3809 358 3858 ¹Jud.
370 3827 416 3872 ιιι,
430 3827 453 3875 9.
460 3811 498 3881 2-—
513 3807 598 3861 ²1bid.
610 3828 647 3863 to.
