2748 4596
225 224 263 299 tl
674 237 814 284 narratus

219 380 299 431 tasse
315 387 375 432 nec
387 347 420 430 in
437 362 681 437 endromadem,
697 373 729 426 at
743 362 962 428 incarnatione
974 361 1043 449 ejus
1056 362 1162 429 adhuc
1176 361 1266 448 quod

217 473 395 562 perlectum
410 484 458 536 ast
472 481 505 536 at
521 472 680 558 integrum
697 469 847 534 discimus
865 491 872 532 :
890 468 946 533 sed
961 491 1020 534 neo
1036 471 1061 538 si
1078 470 1118 535 ad
1130 493 1266 536 crucem

218 583 354 648 dueatau
373 582 461 669 jam,
478 591 511 644 et
528 589 768 644 consummetur
784 577 816 642 in
836 577 1002 652 omnibus,
1019 599 1080 643 nec
1098 578 1124 642 si
1141 601 1158 642 a
1173 577 1267 644 mo'r-

218 691 280 755 tuis
295 687 482 763 resurrexit,
497 700 612 753 cuncta
627 686 720 751 nobis
735 709 793 774 per
810 685 1017 772 semetipsum
1034 708 1105 773 quar
1120 688 1266 773 perfecta

218 810 309 872 sunt,
326 797 453 887 pandet.
472 793 543 863 Alio
555 793 660 860 adhue
674 817 751 882 opus
769 794 923 859 habemus
940 795 994 880 qui
1009 793 1101 858 nobis
1119 795 1265 882 aperiat,

219 917 252 970 et
265 904 383 970 revelet
394 905 549 970 universa.
568 903 651 970 Audi
667 904 772 991 ipsum
786 903 961 969 Dominum
975 901 1205 990 in'Evaageliis
1221 903 1268 967 di-

219 1023 345 1080 centem
363 1037 372 1078 τ
389 1040 401 1074 a
418 1011 515 1080 Multa
536 1011 641 1078 adhue
655 1010 759 1076 habeo
782 1033 852 1098 quae
867 1010 955 1074 robis
976 1007 1099 1097 loquar,
1119 1012 1179 1075 sed
1201 1035 1267 1076 non

220 1123 372 1212 »potestis
387 1119 438 1186 illa
451 1120 550 1186 modo
560 1120 671 1187 audire
681 1118 704 1184 ¹.
719 1118 834 1184 Veniet
851 1130 957 1184 autem
973 1119 1108 1207 Spiritus
1123 1119 1268 1184 veritatis

220 1229 295 1318 »qui
311 1253 328 1295 a
343 1230 434 1294 Patre
450 1229 613 1316 procedit,
631 1241 664 1291 et
680 1228 719 1292 de
735 1249 808 1292 meo
825 1227 980 1314 accipiet,
997 1225 1097 1291 atille
1113 1227 1206 1292 vobis
1221 1229 1269 1293 in·

219 1339 361 1404 »dicabit
375 1337 513 1403 omuia².
532 1336 650 1403 »Vides
667 1338 741 1424 quia
757 1359 822 1400 non
839 1334 942 1401 solum
956 1335 1043 1422 apud
1055 1335 1190 1423 Moysen
1206 1336 1267 1401 iste

221 1448 333 1513 tertius
349 1467 501 1513 numerus
519 1469 585 1512 ‘non
602 1446 838 1510 demonstratur
852 1442 1021 1531 impletus,
1038 1444 1094 1508 sad
1110 1445 1219 1512 adbuc
1234 1459 1269 1511 et
1360 1455 1361 1472 ¹

219 1554 313 1622 lasus
334 1555 412 1620 dicit
433 1553 595 1642 discipulis
612 1554 675 1618 suis
694 1577 702 1617 ε
721 1552 871 1618 Nondum
897 1551 1027 1640 potestis
1051 1553 1181 1629 audire,
1207 1555 1268 1619 nisi

219 1661 272 1729 ille
287 1662 469 1730 Paracletus
485 1663 589 1728 veniat
605 1662 731 1749 spiritus
747 1661 886 1726 veritatis
906 1683 913 1724 :
930 1660 1003 1748 quia
1018 1683 1078 1749 per
1092 1664 1215 1749 ipsum,
1234 1676 1267 1727 et
1336 1729 1338 1732 .

219 1773 252 1836 in
275 1772 343 1858 ipso
370 1768 561 1857 adimpletur
582 1769 734 1856 perfactio
745 1769 914 1834 Trinitatis.
946 1769 1025 1834 Nam
1042 1770 1130 1855 quod
1151 1751 1182 1834 et
1203 1795 1261 1834 no-

221 1899 294 1943 vem
309 1878 403 1942 semis
418 1878 519 1942 tribus
547 1890 619 1941 sunt
639 1897 709 1964 quae
731 1879 789 1943 sub
812 1875 887 1942 lesu
909 1878 989 1943 duco
1010 1892 1129 1966 agunt,
1151 1891 1180 1943 at
1194 1901 1259 1944 non

220 1989 352 2073 integrae
363 1987 492 2061 desem,
506 1986 559 2072 qui
576 2006 727 2050 numerus
744 1986 775 2050 in
793 1986 939 2050 omnibus
956 2000 1199 2052 consummatus
1215 1985 1265 2050 di-

223 2095 308 2166 oitur
320 2105 353 2158 et
363 2091 537 2181 pedectus,
552 2095 663 2159 eadem
679 2094 746 2158 sine
761 2094 859 2158 dubio
869 2095 948 2158 ratio
964 2094 1138 2170 invenitur,
1151 2108 1189 2160 ut
1204 2095 1269 2161 buo

223 2201 337 2289 quoda
348 2202 486 2267 Domino
498 2202 573 2271 lesu
588 2203 741 2268 reservari
755 2203 874 2268 dicitur
887 2202 1018 2290 Spiritui
1031 2216 1160 2277 sancta,
1175 2204 1268 2269 semi-

172 2393 174 2398 ,
220 2308 350 2398 plenum
362 2309 506 2376 videatur
522 2333 558 2375 ae
574 2309 727 2375 medium.
747 2310 899 2389 Quamvis
915 2310 1003 2375 enim
1018 2333 1078 2399 per
1090 2311 1269 2377 Dominum

220 2431 255 2482 at
269 2416 464 2484 salvatorem
482 2417 666 2505 penitentia
685 2415 888 2506 praedicetur,
909 2428 942 2481 et
956 2419 1123 2482 conversio
1143 2417 1269 2485 amalis

222 2527 261 2594 ad
277 2530 379 2602 bona,
396 2540 428 2591 ot
444 2529 538 2592 detur
551 2527 700 2592 omnibus
723 2526 927 2592 credentibus
947 2527 1089 2591 remissio
1112 2539 1271 2616 peccato-

221 2653 313 2710 rum,
326 2647 358 2700 et
373 2635 480 2700 omnia
496 2659 565 2722 quae
578 2635 618 2700 ad
634 2633 868 2722 perlectionem
882 2633 1009 2700 decadae
1025 2635 1175 2700 videntur
1199 2649 1271 2702 ten-

222 2743 316 2818 dere,
334 2741 575 2831 compleantur:
590 2754 697 2838 tamen
711 2743 865 2830 perfectio
881 2755 913 2807 et
930 2765 1054 2810 summa
1072 2757 1271 2812 cunctorum

223 2853 382 2917 bonorum
398 2849 487 2918 ineo
501 2851 661 2924 consistit,
679 2851 704 2915 si
719 2861 790 2939 post
805 2850 874 2916 haec
891 2851 996 2917 omnia
1012 2853 1113 2918 sancti
1131 2853 1271 2942 Spiritus

224 2959 294 3046 quis
308 2960 440 3047 gratiam
452 2969 613 3023 mereatur
628 2958 781 3046 accipere.
801 2957 926 3046 Alioqui
943 2957 1021 3024 nibil
1037 2953 1069 3024 iu
1085 2984 1125 3025 eo
1141 2962 1271 3049 perlec-

211 3079 293 3131 ‘tum
305 3065 481 3154 putabitur,
498 3067 550 3132 oui
562 3075 689 3132 sanctus
698 3066 834 3155 Spiritus
849 3067 957 3142 deest,
973 3089 1031 3155 per
1043 3091 1141 3156 quem
1152 3084 1272 3159 myste-

224 3174 307 3238 rium
324 3174 425 3238 beataa
437 3174 598 3239 Trinitatis
610 3173 770 3263 impletur.
789 3175 844 3243 Vis
856 3187 891 3240 ut
904 3174 1008 3242 adbuc
1020 3175 1079 3242 tibi
1090 3179 1271 3244 evidentius

225 3281 380 3370 probem,
399 3282 485 3370 apud
504 3282 642 3370 priorem
661 3282 816 3372 populum
834 3282 943 3359 illum,
970 3308 1065 3372 quem
1088 3285 1217 3374 Moyses
1236 3289 1271 3352 in

225 3388 350 3454 duabus
365 3390 458 3455 semis
475 3390 622 3457 tribubus
644 3392 874 3468 adumbrabat,
891 3382 957 3458 nori
974 3391 1069 3458 luisse
1091 3396 1202 3462 omnia
1219 3397 1271 3461 in-

225 3509 331 3586 tegra,
348 3519 408 3564 nee
419 3499 583 3586 perfecta?
594 3498 735 3566 declarat
749 3501 811 3566 hoc
824 3500 920 3566 etiam
937 3499 989 3567 illa
1004 3499 1136 3568 historia
1151 3528 1225 3593 quae
1236 3506 1271 3569 in

224 3606 287 3673 boe
300 3607 369 3694 ipso
380 3605 489 3671 libello
499 3607 576 3672 ‚lesu
588 3608 672 3675 Nave
684 3609 799 3698 scripta
815 3620 882 3684 est,
900 3630 973 3675 cum
987 3609 1063 3675 dicit
1078 3611 1153 3700 quia
1169 3611 1271 3678 altare

224 3715 355 3803 quidem
381 3733 492 3780 venam
507 3727 575 3781 erat
594 3717 626 3781 in
643 3715 694 3782 illa
711 3729 795 3783 terra
812 3739 907 3805 quam
928 3715 1020 3783 destas
1043 3716 1269 3807 dispensabat,

263 3860 611 3926 *Jonn.xv1‚12.-²1bid.
626 3871 665 3924 14,
