2604 4614
219 325 224 338 ·
315 311 349 355 ns
373 311 513 358 ossanna
534 315 652 360 xxxvru
677 317 749 362 non.
778 319 812 362 rr.
1018 297 1083 362 515

53 449 117 494 mus
130 440 281 517 peccata,
305 451 433 498 necesse
454 445 502 498 ost
516 456 574 502 nos
589 437 771 525 exprobrari
787 438 827 503 ob
847 431 1035 527 insipiente,
1052 450 1086 503 et

44 549 229 604 accusatore
244 551 352 611 nostro
366 540 494 608 diaholo
508 565 516 608 t
533 555 566 608 ct
580 545 605 609 si
619 545 822 611 inveniantur
832 559 966 635 peccata
977 558 1087 612 nostra

54 669 115 710 non
128 668 193 712 csse
205 644 325 722 deleta,
340 648 396 713 sed
411 649 527 739 scripta
542 652 574 716 in
589 653 681 717 uobis
696 651 779 741 stylo
790 651 928 731 diaboii,
945 677 1003 743 per
1018 655 1087 721 haec

55 753 118 842 ipsa
138 776 205 840 quae
225 755 378 842 gessimus
399 759 604 846 exprobrabit
626 783 684 825 nos
707 761 863 827 inimicus.
888 761 980 828 Sicut
1002 763 1089 829 enim

57 864 136 928 bona
149 883 280 949 qusequo
296 864 411 951 scripta
431 865 581 932 dicamur
595 887 659 933 non
682 880 876 948 atramento,
894 872 951 936 sed
969 870 1090 960 Spiritu

55 972 110 1038 Dei
124 970 204 1046 sisi,
223 971 267 1036 ita
285 971 367 1038 maia
387 997 519 1063 qumque
534 976 780 1043 conscribuntur
795 991 972 1045 atramento
987 991 1019 1046 ct
1037 1001 1094 1046 ca·

52 1079 133 1146 lamo
156 1079 284 1146 diaboli.
310 1081 445 1170 Propter
465 1084 552 1173 quod
578 1087 732 1151 Dominus
754 1097 787 1152 et
814 1085 959 1154 Salvator
981 1097 1089 1154 noster

54 1187 164 1256 delerit
185 1186 431 1279 chirographum
454 1206 659 1280 peccatorum
680 1206 887 1272 nostrorum,
913 1197 999 1284 quod
1022 1208 1092 1262 erat

55 1296 219 1364 adversum
242 1319 299 1362 nos
321 1297 450 1365 diabolo
475 1300 663 1389 astipulante
685 1304 900 1392 conscriptum
923 1352 932 1378 ,
955 1304 1038 1369 sicut
1063 1315 1096 1370 ct

25 1445 28 1455 ·
59 1415 125 1470 ante
139 1405 325 1493 praedixerat
340 1429 396 1494 per
410 1408 596 1497 prophetam
613 1410 796 1476 dicentem:
823 1413 931 1478 «Ecce
946 1411 1039 1477 deleo
1055 1413 1099 1477 si·

62 1523 135 1579 scut
146 1515 262 1580 nubem
277 1514 458 1602 iniquitates
470 1527 559 1593 tuas,
571 1529 604 1582 et
618 1519 700 1584 sicut
711 1517 864 1584 nebulam
881 1530 1011 1607 peccata
1024 1529 1097 1594 tua,

63 1634 115 1686 »et
128 1620 205 1686 nitra
221 1644 285 1688 non
301 1641 356 1688 ero
372 1623 526 1690 memor¹.
543 1653 556 1687 s
576 1625 617 1692 Ut
631 1649 708 1716 ergo
730 1649 794 1692 non
810 1627 1044 1714 exprobremus·
1059 1628 1100 1692 eb

62 1729 241 1818 insipiente,
259 1743 480 1797 convertamus
495 1756 553 1798 nos
569 1734 609 1798 ab
626 1733 774 1800 omnibus
795 1734 1014 1822 iniquitatibus
1029 1753 1101 1799 uos-

57 1838 135 1914 tris,
160 1861 202 1904 nc
225 1838 516 1927 reprehensionem
536 1841 629 1908 nobis
650 1840 791 1908 maculas
815 1853 1043 1931 peccatorum,
1067 1843 1100 1907 it

55 1958 120 2022 est,
135 1969 201 2012 suae
218 1944 388 2014 voluntatis
401 1947 552 2036 insignia,
569 1950 757 2039 exprobret,
772 1959 805 2014 et
822 1951 929 2017 dicate
947 1949 1032 2017 Ecce
1047 1950 1101 2017 hic

57 2051 257 2118 Christianus
269 2050 453 2128 dicebatur,
466 2066 499 2120 et
510 2054 599 2142 signo
612 2054 730 2120 Christi
738 2055 921 2143 signabatur
931 2056 964 2120 in
976 2055 1100 2133 fronte,

57 2172 263 2228 messanum
275 2159 452 2228 voluntates
463 2174 497 2226 et
507 2185 578 2228 mea
587 2162 796 2252 chirographa
804 2164 933 2251 gerebat
946 2163 978 2228 in
990 2163 1097 2229 corde.

59 2269 147 2336 Ecce
164 2271 222 2334 iste
247 2270 301 2357 qui
322 2270 400 2336 mihi
422 2281 454 2336 et
471 2271 622 2359 operibus
643 2271 721 2336 mois
745 2271 943 2337 renunciavit
966 2270 998 2335 in
1023 2271 1103 2359 bap-

63 2377 174 2453 tismo,
189 2378 268 2442 meis
284 2399 409 2444 rursum
427 2378 575 2465 operibus
594 2401 627 2444 se
649 2378 800 2453 inscruit,
823 2378 965 2465 meisque
981 2375 1102 2466 iegibus

58 2486 176 2574 paruit.
195 2486 334 2552 Liberuti
350 2509 426 2574 ergo
442 2488 481 2552 ab
497 2486 646 2550 omuibus
663 2485 900 2573 iniquitatibus,
920 2486 1103 2552 studeamus

56 2617 98 2664 tte
114 2594 149 2660 iu
166 2593 217 2658 die
236 2593 347 2681 judicii
362 2593 584 2681 hujuscemodi
602 2594 779 2683 opprobriis
794 2594 969 2683 insipientis
985 2594 1101 2661 diaboii

54 2700 318 2766 succumbamus.

101 2814 160 2880 VI.
183 2813 363 2880 ‹Obmutui
384 2826 500 2882 utnon
522 2815 630 2904 aperui
645 2839 680 2880 os
696 2837 824 2890 meum,
841 2814 914 2903 quia
935 2827 970 2880 tu
992 2836 1027 2881 es
1048 2817 1104 2903 qui

52 2923 198 2990 »fecisti
213 2950 227 2984 a
242 2919 315 2988 Jam
335 2935 368 2988 et
383 2923 446 2992 hoc
462 2924 606 3011 superius
621 2923 840 3013 exposuimus,
857 2945 931 2989 oum
950 2935 1106 2992 tractem·

52 3011 130 3098 mus
149 3028 240 3096 illum
252 3027 442 3097 versiculum
457 3030 511 3118 qui
524 3031 588 3098 ait:
608 3032 717 3096 «Dum
730 3030 872 3096 consistit
884 3043 1035 3119 peccator
1052 3033 1104 3099 ad·

53 3160 212 3204 aversum
225 3161 295 3216 me,
313 3138 459 3204 obmutui
475 3150 508 3204 et
521 3138 705 3206 humiliatus
720 3161 792 3203 sum
803 3151 835 3204 et
850 3137 921 3204 silui
937 3140 1068 3208 abonis.
1085 3167 1098 3204 s

51 3249 190 3318 Bonum
206 3257 254 3312 est
265 3247 351 3312 enim
365 3268 405 3311 eo
416 3258 559 3335 tempore
575 3269 649 3314 cum
669 3248 929 3325 adversumnos,
946 3247 995 3314 vel
1011 3250 1105 3316 dero·

55 3355 226 3445 gotionum
238 3405 247 3431 ,
261 3353 311 3419 vel
325 3354 562 3430 conviciorum,
575 3352 624 3420 rcl
639 3354 831 3443 probrorum
846 3354 908 3420 tela
925 3356 1102 3444 jaciuntur,

52 3489 117 3532 nos
132 3464 234 3553 hujus
248 3462 393 3530 versiculi
407 3463 608 3540 meminisse,
621 3464 674 3551 qui
689 3464 732 3530 ait
747 3488 756 3530 ε
777 3464 958 3530 ‹Obmutui
970 3513 979 3541 ,
992 3477 1024 3530 et
1040 3485 1104 3531 non

50 3573 195 3664 ‚aperui
211 3597 247 3640 os
262 3595 390 3650 meum,
409 3573 482 3661 qnia
499 3559 532 3638 tu
547 3595 581 3640 es
596 3572 650 3661 qui
665 3571 776 3640 iecisti.
793 3599 806 3632 a
822 3573 891 3638 Hoc
907 3595 984 3640 sane
998 3575 1108 3660 roqui-

46 3682 199 3750 rendum
213 3681 356 3757 ridetur,
367 3682 445 3770 quid
461 3693 509 3747 est
523 3681 611 3770 quod
625 3681 704 3746 dixit
718 3705 726 3746 s
744 3682 793 3748 Tu
803 3705 833 3747 es
850 3681 902 3768 qui
912 3679 1011 3772 fecisti
1018 3729 1029 3756 ,
1047 3667 1107 3748 hec

47 3807 173 3860 tamen
188 3791 335 3881 adjunxit
350 3791 428 3880 quid
439 3790 558 3858 iecerit.
578 3791 641 3858 Sed
656 3790 736 3857 ordo
752 3793 818 3882 ipse
834 3815 890 3857 nos
907 3792 1018 3868 docet,
1031 3813 1112 3882 quo-

90 3936 168 3987 ιΙιτὶ
190 3955 264 4000 xorv,
284 3955 326 3989 aa.
