2744 4600
253 238 315 314 504
696 259 840 304 careatus
931 225 933 228 ⁵

252 375 426 444 festivitatis
438 377 567 444 Paschae
579 376 723 444 immolat
738 375 943 453 sacrificium,
956 387 988 442 et
1001 375 1085 442 diem
1096 372 1208 440 festum
1218 373 1278 462 agit

252 507 326 552 cum
342 487 409 551 Deo
421 499 454 550 ct
469 485 597 575 Angelis
608 489 690 574 ejus.

295 595 365 661 Vll.
385 595 569 672 posthanc,
590 596 654 661 imo
673 597 856 662 continuata
874 595 951 662 huic
971 592 1122 660 festivitas
1143 591 1278 678 sequitur

254 705 466 792 Azymorum,
482 728 576 792 quam
594 707 708 771 merito
728 705 918 781 celebrabis,
937 706 962 769 si
982 703 1172 768 extermines
1190 725 1279 768 omne

254 813 447 882 fermentum
468 813 593 882 malitiae
618 827 651 881 et
676 816 824 904 nequitiae
847 818 887 882 ab
909 815 1012 880 anima
1035 827 1103 888 tua,
1124 823 1157 878 et
1176 835 1279 899 azyma

254 923 442 988 sinceritatis
460 925 661 1012 veritatisque
681 926 851 990 custodias.
873 923 983 1010 Neque
1004 923 1089 987 enim
1109 922 1280 1009 putendum

254 1044 315 1108 est,
328 1035 577 1122 omnipotentem
593 1034 697 1101 Deum
712 1033 796 1124 leges
812 1033 933 1100 bomini
950 1055 1010 1121 pro
1030 1032 1187 1097 fermento
1208 1033 1281 1098 scri-

253 1143 343 1219 bere,
360 1153 392 1208 et
406 1155 573 1232 propterea
594 1145 707 1232 jubere
727 1143 930 1210 exterminari
951 1142 1090 1207 enimam
1111 1141 1151 1206 de
1169 1141 1281 1230 populo

253 1274 324 1326 suo,
339 1253 364 1317 si
385 1276 444 1339 qua
467 1251 549 1317 forte
568 1274 682 1339 parum
702 1249 821 1337 aliquid
844 1250 990 1315 fermenti
1011 1249 1108 1337 bujus
1129 1269 1169 1314 cr
1190 1249 1281 1316 ferina

252 1362 414 1448 conspersi
437 1361 469 1426 in
496 1362 593 1426 vlomo
615 1385 671 1427 sua
692 1360 841 1426 babuisse
865 1359 1114 1448 deprehenditur
1121 1384 1132 1432 ;
1154 1381 1282 1448 eamque

253 1493 363 1537 curam
375 1495 568 1560 magnopere
580 1471 674 1536 fuisse
686 1470 800 1535 divinae
814 1469 983 1557 majestati,
997 1491 1058 1555 qua
1073 1469 1221 1535 fermenti
1231 1470 1285 1535 bu-

254 1580 305 1667 jus
317 1603 411 1646 causa
428 1580 459 1645 in
476 1592 600 1646 tautum
616 1603 649 1644 sc
662 1581 747 1646 dicut
757 1578 889 1652 offendi,
904 1590 937 1642 ut
949 1579 1101 1653 animam,
1113 1599 1211 1666 quem
1222 1580 1284 1666 ipse

136 1735 138 1744 κ
255 1690 297 1754 orl
315 1690 486 1778 imaginem
500 1701 534 1752 et
549 1686 788 1754 similitudinem
805 1710 894 1752 suam
911 1687 998 1762 fecit,
1012 1687 1216 1752 exterminari
1230 1711 1284 1776 pru

254 1798 318 1864 boc
331 1799 456 1886 jubeat,
472 1809 504 1861 et
519 1798 629 1870 everti,
643 1821 707 1863 non
723 1798 800 1863 mibi
817 1797 941 1862 videtur
957 1796 1026 1862 baec
1040 1797 1155 1862 divinis
1168 1796 1285 1886 legibus

256 1906 356 1994 digna.
366 1929 434 1970 esse
449 1904 653 1995 intelligentia
668 1930 678 1972 .·
695 1906 749 1972 sed
766 1905 845 1971 illud
860 1906 957 1995 magis
970 1917 1017 1972 est
1032 1907 1118 1992 quovl
1134 1906 1287 1974 horrescit

257 2025 290 2079 et
304 2015 418 2078 merito
433 2013 588 2082 horrescit
600 2017 698 2093 Deus,
712 2018 737 2082 si
749 2015 889 2091 malitiae,
902 2016 926 2081 si
942 2018 1009 2091 irae,
1022 2015 1047 2081 si
1064 2019 1214 2104 nequitie
1225 2020 1287 2106 spi-

256 2122 322 2186 ritu
340 2121 581 2189 infermentatur
601 2125 719 2201 anima,
737 2137 770 2189 et
788 2125 979 2190 intumescat
1000 2124 1042 2188 ad
1064 2123 1194 2213 flagitia.
1217 2128 1287 2193 blec

257 2254 323 2297 non
338 2230 406 2298 vult
419 2255 487 2298 essc
504 2234 535 2299 in
557 2235 661 2300 anima
681 2234 779 2310 Deus,
792 2247 825 2299 et
841 2233 902 2298 tole
918 2233 1108 2300 fermentum
1124 2236 1186 2300 nisi
1203 2238 1288 2325 abje·

257 2341 397 2407 carimus
412 2343 453 2407 de
468 2342 563 2406 domo
580 2343 693 2408 animae
715 2354 843 2417 nostrae,
861 2342 974 2406 merito
994 2343 1287 2409 exterminabimur.

257 2449 378 2516 sedne
393 2463 578 2518 contemnas
594 2453 715 2518 etiamsi
732 2475 862 2541 parvom
878 2450 992 2517 videris
1007 2453 1088 2516 intra
1106 2463 1137 2516 te
1153 2452 1291 2520 fermen-

255 2561 316 2626 tari
337 2560 503 2636 malitiam,
522 2563 594 2650 quia
610 2562 773 2628 modicum
788 2562 934 2629 fermenti
950 2571 1051 2626 totam
1066 2584 1206 2629 massam
1222 2587 1293 2630 cor·

199 2667 207 2682 '
258 2673 400 2760 rumpit:
415 2684 448 2737 et
464 2673 534 2738 ideo
549 2695 654 2761 neque
669 2673 709 2737 de
723 2695 821 2762 parvo
834 2685 966 2761 peccato
977 2670 1129 2761 negligas,
1142 2675 1294 2760 quoniam

257 2805 298 2847 ex
314 2805 378 2847 uno
393 2795 526 2870 peccato
547 2793 718 2870 generatur
733 2793 765 2848 et
780 2781 875 2847 eliud.
897 2781 988 2846 Sicut
1008 2781 1094 2846 enim
1113 2805 1154 2848 ex
1173 2785 1296 2871 justitia

259 2903 428 2977 generatur
438 2891 571 2978 justitia,
581 2903 613 2956 et
621 2913 660 2956 ex
668 2889 813 2957 castitate
823 2890 948 2956 castitas
960 2889 998 2977 (si
1010 2889 1080 2977 quis
1091 2892 1179 2956 enim
1192 2895 1296 2982 primo

259 2997 398 3061 tenuiter
417 3009 523 3064 castus
544 3022 613 3064 esse
633 3000 779 3087 coeperit,
802 3011 935 3088 accepto
960 3000 1111 3065 castitatis
1137 3000 1300 3070 fermento

260 3106 401 3192 quotidie
413 3107 528 3173 castior
539 3107 688 3195 efficitur)
702 3131 711 3172 a
725 3108 768 3171 ita
780 3119 813 3172 et
826 3108 879 3194 qui
891 3105 988 3172 semel
1000 3108 1081 3172 intra
1093 3131 1127 3173 se
1140 3107 1218 3175 licet
1229 3135 1302 3200 per·

260 3239 336 3280 vum
352 3214 477 3281 mulitiae
492 3217 671 3304 reposuerit
684 3215 888 3291 fermentum,
902 3214 1042 3302 quotidie
1053 3217 1228 3304 semetipso
1243 3243 1303 3284 ne-

262 3324 354 3410 quior
368 3323 505 3389 eflicitur
520 3346 557 3388 ac
573 3322 721 3387 deterior.
740 3323 779 3386 Et
795 3323 866 3387 ideo
887 3323 913 3388 si
934 3323 979 3387 vie
998 3345 1091 3410 agere
1108 3347 1303 3411 azymorum

259 3432 458 3500 festivitatem
474 3457 547 3499 cum
563 3433 643 3508 Deo,
661 3456 701 3498 ne
716 3456 850 3520 parvum
865 3433 997 3520 quidem
1011 3431 1138 3499 malitias
1154 3434 1304 3502 fermen-

262 3556 331 3607 tum
346 3545 427 3609 intra
445 3555 476 3607 te
491 3542 628 3607 residere
644 3543 782 3630 patiaris.

306 3652 391 3719 Vlll.
406 3653 481 3718 Post
490 3653 575 3718 banc
589 3652 731 3739 sequitur
742 3662 828 3717 sexta
840 3651 1002 3727 festivitas,
1014 3674 1085 3740 quae
1101 3652 1224 3720 dicitur
1241 3657 1305 3724 No·

262 3785 387 3840 vorum,
400 3762 434 3828 id
448 3773 507 3840 est,
519 3784 596 3828 cum
610 3761 758 3850 primitias
773 3763 813 3828 de
830 3761 919 3848 novis
932 3761 1089 3828 fructibus
1103 3763 1305 3832 offeruntur.

263 3872 320 3940 Ubi
336 3872 420 3938 enirn
436 3871 607 3936 seminatus
622 3869 717 3936 fuerit
732 3891 818 3959 ager,
838 3879 870 3935 et
890 3868 1057 3959 diligenter
1073 3870 1237 3948 excultus,
1253 3886 1308 3938 at·
