2734 4594
257 263 267 304 l
279 259 315 302 12
704 255 845 302 OlthBNlh

253 409 311 476 per
325 397 455 474 peccata
473 395 579 450 nostra
598 382 705 450 locum
724 385 904 449 introeundi
918 395 951 450 et
967 385 1151 454 dominandi
1168 387 1289 476 iuveni-

253 507 304 560 ret
317 495 349 559 in
365 493 467 558 nohis.
482 492 651 578 Propterea
667 502 700 554 et
715 489 882 578 Apostolus
899 492 1036 580 (lenique
1051 506 1234 579 praemonet
1251 494 1289 560 ‹li-

236 683 238 685 .
255 625 330 668 cens
344 625 351 665 :
365 598 491 665 «Nolite
506 597 613 663 locum
629 597 704 663 dare
718 583 859 664 Zabulo¹
876 621 884 662 ε
900 625 912 657 ι
928 599 1010 664 sicut
1020 611 1053 664 et
1063 599 1117 665 hic
1132 601 1237 666 modo
1248 601 1290 666 le-

254 711 374 798 gimus,
390 707 464 793 qnia
485 717 689 794 posteaquam
705 705 849 770 feceruut
867 703 922 770 filii
944 704 1039 771 lsrael
1060 705 1242 795 malignum
1261 709 1288 774 in

254 825 427 902 conspectu
446 811 591 886 Domini,
612 811 717 878 locum
737 812 893 877 dederunt
909 811 1042 878 Zabulo.
1062 841 1074 873 ι
1092 813 1290 878 Consortnrit

254 922 361 990 »euim
374 919 528 986 Dominus
543 917 642 1006 Eglon
664 941 770 1006 regem
785 918 899 994 Moab,
918 930 950 983 et
964 919 1108 1008 adjunxit
1127 921 1160 985 ei
1181 944 1288 987 omnes

252 1029 357 1096 »filios
364 1027 502 1094 Ammon
511 1038 544 1091 et
550 1023 703 1092 Amalech
714 1025 736 1089 ¹.
748 1054 761 1086 ι
782 1025 852 1092 Non
864 1025 984 1102 solnm,
994 1026 1115 1112 iuquit,
1128 1027 1202 1115 ipse
1215 1052 1289 1094 cou-

253 1139 386 1204 fortatus
400 1147 448 1200 est
463 1157 503 1198 ex
517 1134 657 1221 peccatis
672 1131 812 1198 liliorum
827 1131 942 1209 lsrael,
961 1133 1016 1198 sed
1028 1133 1289 1222 adjungunturei

252 1245 329 1312 socii
347 1264 483 1332 nequam
498 1263 537 1305 ex
555 1239 626 1305 filiis
641 1238 798 1314 Ammon,
814 1249 847 1304 ct
862 1237 1035 1314 Amalech,
1052 1240 1105 1327 qui
1127 1263 1209 1306 cum
1227 1243 1289 1330 ipso

252 1353 369 1443 pariter
385 1352 572 1438 impugnent
590 1345 694 1412 lsrael.

293 1459 333 1526 V.
351 1485 364 1518 t
382 1459 422 1522 Et
439 1454 632 1528 servierunt,
653 1452 767 1539 inquit,
786 1449 842 1517 filii
863 1452 958 1519 lsrael
973 1452 1072 1542 Eglon
1093 1455 1163 1543 regi
1177 1455 1288 1530 Moab.

251 1569 385 1634 »decem
395 1577 429 1629 et
440 1577 513 1631 octo
522 1562 641 1628 annis¹.
655 1561 898 1648 »Observaquia
906 1562 1001 1628 etiam
1012 1585 1182 1630 mensuras
1190 1587 1289 1652 prena

251 1671 370 1737 indicet
385 1668 548 1755 Scriptura
569 1665 672 1731 divina
691 1687 766 1731 cum
785 1677 857 1730 ante
874 1678 946 1731 octo
964 1689 1083 1740 annos,
1104 1679 1139 1731 et
1158 1668 1216 1734 hic
1237 1670 1289 1734 de-

250 1800 321 1843 cem
340 1787 373 1839 et
391 1785 464 1838 octo
482 1772 570 1837 dicit.
585 1771 718 1836 Certum
728 1782 776 1835 est
795 1782 900 1836 autem
914 1772 1000 1858 quod
1016 1775 1201 1841 seeundum
1219 1799 1289 1864 pec-

250 1881 313 1946 eati
335 1877 466 1941 modum
484 1885 516 1938 et
537 1873 748 1939 conversionis
772 1885 886 1950 nostrae
908 1897 1048 1952 moram,
1070 1873 1170 1944 etiam
1195 1881 1289 1944 casti-

251 1983 385 2073 gationis
410 1993 551 2068 tempora
585 1992 809 2068 temperuntur.
831 1981 1035 2047 Transierunt
1062 1983 1151 2048 euim
1184 1998 1221 2050 et
1242 1988 1288 2051 isti

252 2093 362 2156 decem
384 2101 417 2153 et
437 2099 511 2154 ceto
531 2088 605 2152 anni
625 2089 800 2163 servitutis,
821 2101 853 2152 et
875 2111 940 2154 non
967 2088 1103 2154 refertur
1123 2094 1204 2178 qnia
1232 2092 1288 2160 cle

249 2183 414 2264 moverunt
429 2195 469 2262 ad
481 2196 652 2261 Dominum
667 2193 715 2260 vel
727 2196 869 2262 conversi
885 2208 987 2261 sunta
1000 2195 1121 2262 malitia
1137 2223 1199 2264 sna
1214 2225 1223 2264 :
1236 2201 1285 2266 sed

246 2318 317 2395 post
339 2305 450 2370 decem
465 2315 498 2368 et
511 2316 587 2369 octo
603 2325 701 2370 anuos
721 2303 836 2368 iterum
853 2304 986 2379 dicitur,
1004 2305 1105 2393 «qnia
1125 2306 1287 2376 clamare

246 2425 343 2478 ‚runt
354 2410 409 2476 filii
420 2409 515 2476 lsrsel
524 2410 563 2475 ad
571 2411 802 2485 Dominum,et
812 2411 1025 2477 suscitariteis
1033 2412 1197 2478 Dominus
1207 2417 1286 2481 Dens

246 2519 460 2587 »salvatorem
480 2515 574 2582 Aioth
593 2515 693 2581 filium
712 2516 814 2590 Gera,
830 2515 886 2582 lilii
903 2517 1047 2592 Gemini,
1065 2520 1173 2586 virum
1192 2523 1287 2590 ambi-

245 2627 413 2692 »dcxtrum
423 2624 444 2688 ⁸.
462 2651 474 2684 ι
489 2625 572 2688 Ecce
591 2621 690 2709 qualis
705 2635 753 2687 est
771 2623 829 2688 iste
845 2625 899 2710 qni
915 2625 1085 2690 suscitatur
1104 2628 1145 2692 ad
1161 2629 1288 2696 salvan-

244 2737 321 2801 dum
337 2731 432 2800 lsrael
447 2755 454 2798 :
469 2730 546 2796 nihil
562 2729 657 2796 habet
672 2732 703 2795 in
720 2753 753 2796 se
769 2731 947 2806 sinistrum,
960 2732 1016 2796 sed
1032 2745 1210 2823 utrumqne
1226 2763 1288 2806 ms·

243 2865 322 2908 num
333 2841 475 2906 dextram
487 2837 593 2903 hahet.
610 2837 679 2902 Hoc
690 2849 737 2902 est
748 2838 832 2902 enim
842 2839 929 2925 quod
941 2839 1056 2904 dicitur
1067 2843 1284 2910 ambidexter.

243 2949 362 3037 Dignus
369 2969 444 3012 vero
452 2943 560 3034 populi
569 2944 730 3032 princeps,
740 2957 772 3008 et
783 2943 932 3010 Ecclesiae
943 2946 1038 3034 judex
1053 2949 1107 3035 qui
1120 2950 1206 3016 nihil
1217 2965 1288 3042 agat

243 3056 422 3130 sinistrum,
439 3053 531 3140 cujus
545 3051 623 3138 quid
635 3051 697 3139 egit
709 3052 854 3127 dextera,
872 3052 991 3118 nesciat
1009 3054 1135 3122 sinistro
1156 3082 1238 3135 sua,
1256 3063 1287 3124 in

242 3176 376 3248 utraque
389 3172 478 3250 purte
495 3159 603 3225 dexter
614 3170 680 3232 est,
693 3159 725 3223 in
742 3157 804 3222 lide
820 3158 930 3224 dexter
940 3170 1003 3235 est,
1019 3161 1052 3226 in
1065 3164 1197 3232 ectihns
1213 3169 1288 3232 dex-

242 3285 291 3336 ter
304 3282 370 3344 est,
387 3266 465 3333 nihil
479 3266 576 3332 hehet
591 3266 631 3330 tle
646 3264 706 3330 illis
722 3265 775 3353 qui
792 3263 1019 3332 collocantura
1034 3268 1194 3348 sinistris,
1211 3278 1287 3363 qui-

240 3379 300 3443 hus
308 3376 425 3441 dicitur
438 3397 446 3437 t
458 3372 638 3437 «Discedite
651 3397 667 3436 a
679 3395 731 3436 me
742 3372 875 3458 operarii
885 3372 1057 3458 iniqnitatis
1068 3425 1077 3451 ,
1088 3380 1204 3444 nescio
1212 3405 1286 3458 vos,

239 3485 303 3548 »ite
324 3482 480 3568 inignem
500 3491 652 3544 aetrrnum
675 3500 771 3563 quem
791 3479 977 3566 praeparavit
991 3478 1078 3544 Dens
1099 3482 1234 3551 Zabulo
1253 3503 1287 3554 et

240 3587 388 3678 »Angelis
409 3587 478 3672 ejus
489 3585 510 3649 ⁵.
531 3585 655 3664 »Quod
670 3587 695 3649 si
715 3583 787 3648 licet
810 3585 840 3648 in
858 3583 971 3649 talibus
987 3607 1025 3649 ex
1042 3588 1138 3654 simili
1153 3617 1288 3679 praesu-

270 3754 434 3817 tEphes.1v,
453 3745 494 3807 37.
506 3773 537 3782 -
553 3747 633 3795 ²Jud.
646 3761 692 3805 ru,
711 3762 759 3801 ra,
784 3741 960 3793 13.--⁸1bid.
988 3750 1028 3806 ¹¹l·
1044 3775 1069 3783 —
1083 3749 1170 3802 ttotd,
1192 3755 1240 3804 15,
1252 3785 1285 3794 -

235 3845 312 3895 ⁵Lne.
322 3857 385 3901 xm,
403 3854 440 3905 ¹7·
458 3835 620 3895 Machuv,
632 3841 673 3894 άι.
