<?xml version="1.0" encoding="UTF-8"?>
<!DOCTYPE html PUBLIC "-//W3C//DTD XHTML 1.0 Transitional//EN"
    "http://www.w3.org/TR/xhtml1/DTD/xhtml1-transitional.dtd">
<html xmlns="http://www.w3.org/1999/xhtml" xml:lang="en" lang="en">
 <head>
  <title>
</title>
<meta http-equiv="Content-Type" content="text/html;charset=utf-8" />
  <meta name='ocr-system' content='tesseract 3.04.00' />
  <meta name='ocr-capabilities' content='ocr_page ocr_carea ocr_par ocr_line ocrx_word'/>
</head>
<body>
  <div class='ocr_page' id='page_1' title='image "./collectioselect01guilgoog_0172.png"; bbox 0 0 2702 4610; ppageno 0'>
   <div class='ocr_carea' id='block_1_1' title="bbox 219 259 1336 710">
    <p class='ocr_par' dir='ltr' id='par_1_1' title="bbox 224 259 807 326">
     <span class='ocr_line' id='line_1_1' title="bbox 224 259 807 326; baseline -0.002 1"><span class='ocrx_word' id='word_1_1' title='bbox 224 259 284 320; x_wconf 74' lang='lat'><strong>¹08</strong></span> <span class='ocrx_word' id='word_1_2' title='bbox 662 282 807 326; x_wconf 73' lang='lat' dir='ltr'><strong>oniensis</strong></span> 
     </span>
    </p>

    <p class='ocr_par' dir='ltr' id='par_1_2' title="bbox 219 399 1336 710">
     <span class='ocr_line' id='line_1_2' title="bbox 219 399 1254 491; baseline -0.003 -24"><span class='ocrx_word' id='word_1_3' title='bbox 219 403 285 489; x_wconf 79' lang='lat' dir='ltr'><strong>jam</strong></span> <span class='ocrx_word' id='word_1_4' title='bbox 298 401 401 491; x_wconf 71' lang='lat' dir='ltr'><strong>aliquo</strong></span> <span class='ocrx_word' id='word_1_5' title='bbox 416 404 447 468; x_wconf 82' lang='lat' dir='ltr'><strong>ei</strong></span> <span class='ocrx_word' id='word_1_6' title='bbox 460 427 479 466; x_wconf 85' lang='grc' dir='ltr'><strong>ι</strong></span> <span class='ocrx_word' id='word_1_7' title='bbox 496 403 564 468; x_wconf 85' lang='lat' dir='ltr'><strong>Deo</strong></span> <span class='ocrx_word' id='word_1_8' title='bbox 577 401 714 469; x_wconf 72' lang='lat' dir='ltr'><strong>revelato</strong></span> <span class='ocrx_word' id='word_1_9' title='bbox 728 417 817 481; x_wconf 82' lang='lat' dir='ltr'><strong>snnt,</strong></span> <span class='ocrx_word' id='word_1_10' title='bbox 831 404 890 470; x_wconf 85' lang='lat' dir='ltr'><strong>sed</strong></span> <span class='ocrx_word' id='word_1_11' title='bbox 903 405 938 468; x_wconf 92' lang='lat' dir='ltr'><strong>in</strong></span> <span class='ocrx_word' id='word_1_12' title='bbox 952 401 1030 491; x_wconf 67' lang='lat' dir='ltr'><strong>tegis</strong></span> <span class='ocrx_word' id='word_1_13' title='bbox 1044 401 1175 468; x_wconf 73' lang='lat' dir='ltr'><strong>seientia</strong></span> <span class='ocrx_word' id='word_1_14' title='bbox 1192 399 1254 466; x_wconf 76' lang='lat' dir='ltr'><strong>nli-</strong></span> 
     </span>
     <span class='ocr_line' id='line_1_3' title="bbox 220 509 1256 603; baseline -0.004 -27"><span class='ocrx_word' id='word_1_15' title='bbox 220 513 298 601; x_wconf 85' lang='lat' dir='ltr'><strong>quid</strong></span> <span class='ocrx_word' id='word_1_16' title='bbox 312 512 417 578; x_wconf 85' lang='lat' dir='ltr'><strong>meriti</strong></span> <span class='ocrx_word' id='word_1_17' title='bbox 432 511 543 588; x_wconf 79' lang='lat' dir='ltr'><strong>hebet,</strong></span> <span class='ocrx_word' id='word_1_18' title='bbox 558 512 727 580; x_wconf 85' lang='lat' dir='ltr'><strong>eonsilium</strong></span> <span class='ocrx_word' id='word_1_19' title='bbox 742 515 891 603; x_wconf 76' lang='lat' dir='ltr'><strong>dignetur</strong></span> <span class='ocrx_word' id='word_1_20' title='bbox 905 513 1061 578; x_wconf 79' lang='lat' dir='ltr'><strong>inferioris</strong></span> <span class='ocrx_word' id='word_1_21' title='bbox 1075 509 1188 576; x_wconf 72' lang='lat' dir='ltr'><strong>saitem</strong></span> <span class='ocrx_word' id='word_1_22' title='bbox 1207 531 1256 573; x_wconf 82' lang='lat' dir='ltr'><strong>sn·</strong></span> 
     </span>
     <span class='ocr_line' id='line_1_4' title="bbox 220 615 1336 710; baseline -0.004 -24"><span class='ocrx_word' id='word_1_23' title='bbox 220 622 359 686; x_wconf 79' lang='lat' dir='ltr'><strong>sordetis</strong></span> <span class='ocrx_word' id='word_1_24' title='bbox 380 621 549 709; x_wconf 76' lang='lat' dir='ltr'><strong>accipere?</strong></span> <span class='ocrx_word' id='word_1_25' title='bbox 563 623 683 690; x_wconf 78' lang='lat' dir='ltr'><strong>nodum</strong></span> <span class='ocrx_word' id='word_1_26' title='bbox 705 625 839 690; x_wconf 82' lang='lat' dir='ltr'><strong>dixerim</strong></span> <span class='ocrx_word' id='word_1_27' title='bbox 860 622 945 698; x_wconf 70' lang='grc' dir='ltr'><strong>Ιιῐά,</strong></span> <span class='ocrx_word' id='word_1_28' title='bbox 965 620 1013 687; x_wconf 84' lang='lat' dir='ltr'><strong>rel</strong></span> <span class='ocrx_word' id='word_1_29' title='bbox 1036 619 1171 710; x_wconf 82' lang='lat' dir='ltr'><strong>gentilis.</strong></span> <span class='ocrx_word' id='word_1_30' title='bbox 1187 615 1257 682; x_wconf 80' lang='lat' dir='ltr'><strong>sed</strong></span> <span class='ocrx_word' id='word_1_31' title='bbox 1332 699 1336 710; x_wconf 30' lang='lat'><strong>¹</strong></span> 
     </span>
    </p>
   </div>
   <div class='ocr_carea' id='block_1_2' title="bbox 87 725 1257 819">
    <p class='ocr_par' dir='ltr' id='par_1_3' title="bbox 87 725 1257 819">
     <span class='ocr_line' id='line_1_5' title="bbox 87 725 1257 819; baseline -0.003 -25"><span class='ocrx_word' id='word_1_32' title='bbox 87 725 92 735; x_wconf 84' lang='lat'>&#39;</span> <span class='ocrx_word' id='word_1_33' title='bbox 220 729 357 816; x_wconf 74' lang='lat' dir='ltr'><strong>Moyses,</strong></span> <span class='ocrx_word' id='word_1_34' title='bbox 372 733 426 818; x_wconf 86' lang='lat' dir='ltr'><strong>qui</strong></span> <span class='ocrx_word' id='word_1_35' title='bbox 447 745 516 798; x_wconf 78' lang='lat' dir='ltr'><strong>erat</strong></span> <span class='ocrx_word' id='word_1_36' title='bbox 536 732 636 798; x_wconf 88' lang='lat' dir='ltr'><strong>homo</strong></span> <span class='ocrx_word' id='word_1_37' title='bbox 657 745 843 798; x_wconf 72' lang='lat' dir='ltr'><strong>mustus</strong></span> <span class='ocrx_word' id='word_1_38' title='bbox 863 753 959 819; x_wconf 80' lang='lat' dir='ltr'><strong>snper</strong></span> <span class='ocrx_word' id='word_1_39' title='bbox 979 753 1104 806; x_wconf 87' lang='lat' dir='ltr'><strong>omnes,</strong></span> <span class='ocrx_word' id='word_1_40' title='bbox 1126 727 1257 815; x_wconf 75' lang='lat' dir='ltr'><strong>recepit</strong></span> 
     </span>
    </p>
   </div>
   <div class='ocr_carea' id='block_1_3' title="bbox 213 837 1340 1808">
    <p class='ocr_par' dir='ltr' id='par_1_4' title="bbox 213 837 1340 1808">
     <span class='ocr_line' id='line_1_6' title="bbox 219 837 1256 927; baseline -0.004 -24"><span class='ocrx_word' id='word_1_41' title='bbox 219 837 387 906; x_wconf 81' lang='lat' dir='ltr'><strong>consilium</strong></span> <span class='ocrx_word' id='word_1_42' title='bbox 406 841 575 917; x_wconf 75' lang='lat' dir='ltr'><strong>inferioris,</strong></span> <span class='ocrx_word' id='word_1_43' title='bbox 593 852 628 906; x_wconf 92' lang='lat' dir='ltr'><strong>nt</strong></span> <span class='ocrx_word' id='word_1_44' title='bbox 645 854 678 907; x_wconf 88' lang='lat' dir='ltr'><strong>et</strong></span> <span class='ocrx_word' id='word_1_45' title='bbox 698 843 835 908; x_wconf 66' lang='lat' dir='ltr'><strong>formum</strong></span> <span class='ocrx_word' id='word_1_46' title='bbox 853 838 1040 906; x_wconf 73' lang='lat' dir='ltr'><strong>humilitatis</strong></span> <span class='ocrx_word' id='word_1_47' title='bbox 1059 837 1256 927; x_wconf 82' lang='lat' dir='ltr'><strong>populorum</strong></span> 
     </span>
     <span class='ocr_line' id='line_1_7' title="bbox 217 943 1340 1038; baseline -0.005 -24"><span class='ocrx_word' id='word_1_48' title='bbox 217 949 414 1037; x_wconf 79' lang='lat' dir='ltr'><strong>principibus</strong></span> <span class='ocrx_word' id='word_1_49' title='bbox 433 951 536 1026; x_wconf 79' lang='lat' dir='ltr'><strong>daret,</strong></span> <span class='ocrx_word' id='word_1_50' title='bbox 555 964 590 1016; x_wconf 88' lang='lat' dir='ltr'><strong>et</strong></span> <span class='ocrx_word' id='word_1_51' title='bbox 608 951 708 1016; x_wconf 85' lang='lat' dir='ltr'><strong>sntnri</strong></span> <span class='ocrx_word' id='word_1_52' title='bbox 729 950 918 1016; x_wconf 75' lang='lat' dir='ltr'><strong>sacrementi</strong></span> <span class='ocrx_word' id='word_1_53' title='bbox 937 949 1115 1038; x_wconf 75' lang='lat' dir='ltr'>designaret</span> <span class='ocrx_word' id='word_1_54' title='bbox 1137 947 1257 1034; x_wconf 75' lang='lat' dir='ltr'><strong>imagi-</strong></span> <span class='ocrx_word' id='word_1_55' title='bbox 1339 943 1340 946; x_wconf 66' lang='grc'>’</span> 
     </span>
     <span class='ocr_line' id='line_1_8' title="bbox 217 1056 1256 1150; baseline -0.004 -26"><span class='ocrx_word' id='word_1_56' title='bbox 217 1082 292 1124; x_wconf 87' lang='lat' dir='ltr'><strong>nem</strong></span> <span class='ocrx_word' id='word_1_57' title='bbox 301 1058 324 1125; x_wconf 86' lang='lat'><strong>¹.</strong></span> <span class='ocrx_word' id='word_1_58' title='bbox 335 1060 465 1126; x_wconf 75' lang='lat' dir='ltr'>Sciebat</span> <span class='ocrx_word' id='word_1_59' title='bbox 475 1061 562 1126; x_wconf 87' lang='lat' dir='ltr'><strong>enim</strong></span> <span class='ocrx_word' id='word_1_60' title='bbox 574 1059 717 1126; x_wconf 79' lang='lat' dir='ltr'><strong>futurum</strong></span> <span class='ocrx_word' id='word_1_61' title='bbox 727 1059 929 1150; x_wconf 77' lang='lat' dir='ltr'><strong>quandoque,</strong></span> <span class='ocrx_word' id='word_1_62' title='bbox 939 1073 974 1123; x_wconf 89' lang='lat' dir='ltr'><strong>nt</strong></span> <span class='ocrx_word' id='word_1_63' title='bbox 985 1056 1117 1146; x_wconf 71' lang='lat' dir='ltr'><strong>gentiles</strong></span> <span class='ocrx_word' id='word_1_64' title='bbox 1128 1057 1256 1120; x_wconf 87' lang='lat' dir='ltr'><strong>bonum</strong></span> 
     </span>
     <span class='ocr_line' id='line_1_9' title="bbox 216 1165 1254 1259; baseline -0.004 -25"><span class='ocrx_word' id='word_1_65' title='bbox 216 1167 385 1236; x_wconf 82' lang='lat' dir='ltr'><strong>oonsilium</strong></span> <span class='ocrx_word' id='word_1_66' title='bbox 409 1171 588 1259; x_wconf 76' lang='lat' dir='ltr'><strong>proferrent</strong></span> <span class='ocrx_word' id='word_1_67' title='bbox 599 1171 684 1259; x_wconf 78' lang='lat' dir='ltr'><strong>apud</strong></span> <span class='ocrx_word' id='word_1_68' title='bbox 698 1170 842 1257; x_wconf 79' lang='lat' dir='ltr'><strong>Moysen,</strong></span> <span class='ocrx_word' id='word_1_69' title='bbox 860 1171 1030 1234; x_wconf 76' lang='lat' dir='ltr'><strong>othonum</strong></span> <span class='ocrx_word' id='word_1_70' title='bbox 1052 1179 1085 1231; x_wconf 88' lang='lat' dir='ltr'><strong>et</strong></span> <span class='ocrx_word' id='word_1_71' title='bbox 1099 1165 1254 1254; x_wconf 75' lang='lat' dir='ltr'><strong>spiritua-</strong></span> 
     </span>
     <span class='ocr_line' id='line_1_10' title="bbox 216 1275 1252 1368; baseline -0.001 -26"><span class='ocrx_word' id='word_1_72' title='bbox 216 1275 281 1344; x_wconf 89' lang='lat' dir='ltr'><strong>lem</strong></span> <span class='ocrx_word' id='word_1_73' title='bbox 303 1277 500 1346; x_wconf 82' lang='lat' dir='ltr'><strong>intellectum</strong></span> <span class='ocrx_word' id='word_1_74' title='bbox 522 1281 672 1346; x_wconf 79' lang='lat' dir='ltr'><strong>afferrent</strong></span> <span class='ocrx_word' id='word_1_75' title='bbox 691 1279 732 1346; x_wconf 79' lang='lat' dir='ltr'><strong>ad</strong></span> <span class='ocrx_word' id='word_1_76' title='bbox 751 1279 853 1368; x_wconf 78' lang='lat' dir='ltr'><strong>legem</strong></span> <span class='ocrx_word' id='word_1_77' title='bbox 875 1279 932 1345; x_wconf 88' lang='lat' dir='ltr'><strong>Dei</strong></span> <span class='ocrx_word' id='word_1_78' title='bbox 952 1301 961 1344; x_wconf 74' lang='grc' dir='ltr'><strong><em>ε</em></strong></span> <span class='ocrx_word' id='word_1_79' title='bbox 981 1289 1015 1342; x_wconf 89' lang='lat' dir='ltr'><strong>et</strong></span> <span class='ocrx_word' id='word_1_80' title='bbox 1036 1278 1157 1342; x_wconf 85' lang='lat' dir='ltr'><strong>seiebnt</strong></span> <span class='ocrx_word' id='word_1_81' title='bbox 1176 1277 1252 1364; x_wconf 80' lang='lat' dir='ltr'><strong>quis</strong></span> 
     </span>
     <span class='ocr_line' id='line_1_11' title="bbox 216 1387 1253 1474; baseline -0.006 -19"><span class='ocrx_word' id='word_1_82' title='bbox 216 1390 388 1456; x_wconf 79' lang='lat' dir='ltr'><strong>audietoos</strong></span> <span class='ocrx_word' id='word_1_83' title='bbox 400 1390 611 1466; x_wconf 75' lang='lat' dir='ltr'><strong>lex‚etiaoiet</strong></span> <span class='ocrx_word' id='word_1_84' title='bbox 623 1392 727 1456; x_wconf 76' lang='lat' dir='ltr'><strong>omnia</strong></span> <span class='ocrx_word' id='word_1_85' title='bbox 739 1391 823 1456; x_wconf 76' lang='lat' dir='ltr'><strong>siem</strong></span> <span class='ocrx_word' id='word_1_86' title='bbox 833 1389 955 1454; x_wconf 85' lang='lat' dir='ltr'><strong>dieunt.</strong></span> <span class='ocrx_word' id='word_1_87' title='bbox 967 1388 1036 1454; x_wconf 89' lang='lat' dir='ltr'><strong>Non</strong></span> <span class='ocrx_word' id='word_1_88' title='bbox 1046 1387 1133 1452; x_wconf 90' lang='lat' dir='ltr'><strong>enim</strong></span> <span class='ocrx_word' id='word_1_89' title='bbox 1144 1398 1253 1474; x_wconf 74' lang='lat' dir='ltr'><strong>potest</strong></span> 
     </span>
     <span class='ocr_line' id='line_1_12' title="bbox 213 1495 1250 1588; baseline -0.002 -25"><span class='ocrx_word' id='word_1_90' title='bbox 213 1499 321 1567; x_wconf 79' lang='lat' dir='ltr'><strong>sanem</strong></span> <span class='ocrx_word' id='word_1_91' title='bbox 331 1499 382 1566; x_wconf 85' lang='lat' dir='ltr'><strong>lex</strong></span> <span class='ocrx_word' id='word_1_92' title='bbox 395 1502 477 1574; x_wconf 80' lang='lat' dir='ltr'><strong>sient</strong></span> <span class='ocrx_word' id='word_1_93' title='bbox 492 1501 594 1566; x_wconf 81' lang='lat' dir='ltr'><strong>Jndaei</strong></span> <span class='ocrx_word' id='word_1_94' title='bbox 609 1502 733 1577; x_wconf 84' lang='lat' dir='ltr'><strong>dieunt,</strong></span> <span class='ocrx_word' id='word_1_95' title='bbox 745 1503 819 1588; x_wconf 82' lang='lat' dir='ltr'><strong>quis</strong></span> <span class='ocrx_word' id='word_1_96' title='bbox 831 1499 1011 1565; x_wconf 73' lang='lat' dir='ltr'><strong>infirmetur</strong></span> <span class='ocrx_word' id='word_1_97' title='bbox 1025 1495 1075 1563; x_wconf 81' lang='lat' dir='ltr'><strong>lex</strong></span> <span class='ocrx_word' id='word_1_98' title='bbox 1089 1497 1122 1561; x_wconf 92' lang='lat' dir='ltr'><strong>in</strong></span> <span class='ocrx_word' id='word_1_99' title='bbox 1137 1517 1250 1571; x_wconf 77' lang='lat' dir='ltr'><strong>earne,</strong></span> 
     </span>
     <span class='ocr_line' id='line_1_13' title="bbox 214 1593 1246 1698; baseline -0.003 -25"><span class='ocrx_word' id='word_1_100' title='bbox 214 1608 249 1674; x_wconf 86' lang='lat' dir='ltr'><strong>id</strong></span> <span class='ocrx_word' id='word_1_101' title='bbox 263 1623 311 1674; x_wconf 87' lang='lat' dir='ltr'><strong>est</strong></span> <span class='ocrx_word' id='word_1_102' title='bbox 325 1610 359 1675; x_wconf 93' lang='lat' dir='ltr'><strong>in</strong></span> <span class='ocrx_word' id='word_1_103' title='bbox 374 1609 491 1685; x_wconf 82' lang='lat' dir='ltr'><strong>littera,</strong></span> <span class='ocrx_word' id='word_1_104' title='bbox 504 1593 537 1673; x_wconf 77' lang='lat' dir='ltr'><strong>ot</strong></span> <span class='ocrx_word' id='word_1_105' title='bbox 552 1609 630 1677; x_wconf 87' lang='lat' dir='ltr'>nihil</span> <span class='ocrx_word' id='word_1_106' title='bbox 645 1623 749 1698; x_wconf 84' lang='lat' dir='ltr'><strong>potest</strong></span> <span class='ocrx_word' id='word_1_107' title='bbox 768 1610 944 1676; x_wconf 80' lang='lat' dir='ltr'><strong>seeundum</strong></span> <span class='ocrx_word' id='word_1_108' title='bbox 960 1608 1098 1674; x_wconf 77' lang='lat' dir='ltr'><strong>litterum</strong></span> <span class='ocrx_word' id='word_1_109' title='bbox 1117 1606 1246 1672; x_wconf 74' lang='lat' dir='ltr'><strong>iecere:</strong></span> 
     </span>
     <span class='ocr_line' id='line_1_14' title="bbox 215 1718 919 1808; baseline -0.001 -23"><span class='ocrx_word' id='word_1_110' title='bbox 215 1718 295 1786; x_wconf 88' lang='lat' dir='ltr'><strong>nihil</strong></span> <span class='ocrx_word' id='word_1_111' title='bbox 306 1721 393 1786; x_wconf 86' lang='lat' dir='ltr'><strong>enim</strong></span> <span class='ocrx_word' id='word_1_112' title='bbox 408 1721 450 1788; x_wconf 83' lang='lat' dir='ltr'><strong>nd</strong></span> <span class='ocrx_word' id='word_1_113' title='bbox 465 1721 642 1808; x_wconf 82' lang='lat' dir='ltr'><strong>perfectum</strong></span> <span class='ocrx_word' id='word_1_114' title='bbox 656 1721 788 1788; x_wconf 75' lang='lat' dir='ltr'>adducit</span> <span class='ocrx_word' id='word_1_115' title='bbox 801 1719 851 1786; x_wconf 81' lang='lat' dir='ltr'><strong>lox</strong></span> <span class='ocrx_word' id='word_1_116' title='bbox 853 1767 919 1786; x_wconf 93' lang='grc'><strong>.....</strong></span> 
     </span>
    </p>
   </div>
   <div class='ocr_carea' id='block_1_4' title="bbox 215 1961 1241 1986">
    <p class='ocr_par' dir='ltr' id='par_1_5' title="bbox 215 1961 1241 1986">
     <span class='ocr_line' id='line_1_15' title="bbox 215 1961 1241 1986; baseline 0.001 -6"><span class='ocrx_word' id='word_1_117' title='bbox 215 1961 303 1980; x_wconf 62' lang='lat' dir='ltr'><strong>mm</strong></span> <span class='ocrx_word' id='word_1_118' title='bbox 307 1961 1142 1986; x_wconf 52' lang='lat' dir='ltr'><strong>mmmmummmmfflmmm</strong></span> <span class='ocrx_word' id='word_1_119' title='bbox 1148 1963 1241 1980; x_wconf 56' lang='lat' dir='ltr'><strong>mm</strong></span> 
     </span>
    </p>
   </div>
   <div class='ocr_carea' id='block_1_5' title="bbox 214 2139 1245 2429">
    <p class='ocr_par' dir='ltr' id='par_1_6' title="bbox 214 2139 1245 2429">
     <span class='ocr_line' id='line_1_16' title="bbox 550 2139 911 2215; baseline 0 -3"><span class='ocrx_word' id='word_1_120' title='bbox 550 2139 773 2215; x_wconf 82' lang='lat' dir='ltr'>HOMILIA</span> <span class='ocrx_word' id='word_1_121' title='bbox 796 2142 911 2213; x_wconf 79' lang='lat' dir='ltr'>XH‘.</span> 
     </span>
     <span class='ocr_line' id='line_1_17' title="bbox 214 2345 1245 2429; baseline 0 -23"><span class='ocrx_word' id='word_1_122' title='bbox 214 2347 353 2407; x_wconf 67' lang='lat' dir='ltr'><strong>nevum</strong></span> <span class='ocrx_word' id='word_1_123' title='bbox 362 2347 834 2429; x_wconf 63' lang='lat' dir='ltr'><strong>Moysegtorificaso,aveta1mr0</strong></span> <span class='ocrx_word' id='word_1_124' title='bbox 847 2347 1045 2424; x_wconf 53' lang='lat' dir='ltr'><strong>quorsom</strong></span> <span class='ocrx_word' id='word_1_125' title='bbox 1059 2345 1245 2427; x_wconf 64' lang='lat' dir='ltr'><strong>esocem</strong></span> 
     </span>
    </p>
   </div>
   <div class='ocr_carea' id='block_1_6' title="bbox 208 2541 1251 3718">
    <p class='ocr_par' dir='ltr' id='par_1_7' title="bbox 208 2541 1251 3718">
     <span class='ocr_line' id='line_1_18' title="bbox 256 2541 1242 2633; baseline -0.005 -21"><span class='ocrx_word' id='word_1_126' title='bbox 256 2545 384 2612; x_wconf 68' lang='lat' dir='ltr'><strong>Lectio·</strong></span> <span class='ocrx_word' id='word_1_127' title='bbox 400 2547 492 2612; x_wconf 88' lang='lat' dir='ltr'><strong>nobis</strong></span> <span class='ocrx_word' id='word_1_128' title='bbox 503 2546 603 2612; x_wconf 79' lang='lat' dir='ltr'><strong>Exodi</strong></span> <span class='ocrx_word' id='word_1_129' title='bbox 617 2548 747 2612; x_wconf 78' lang='lat' dir='ltr'><strong>recitate</strong></span> <span class='ocrx_word' id='word_1_130' title='bbox 757 2557 817 2622; x_wconf 86' lang='lat' dir='ltr'><strong>est,</strong></span> <span class='ocrx_word' id='word_1_131' title='bbox 831 2570 901 2633; x_wconf 85' lang='lat' dir='ltr'><strong>quae</strong></span> <span class='ocrx_word' id='word_1_132' title='bbox 911 2565 969 2612; x_wconf 88' lang='lat' dir='ltr'><strong>nos</strong></span> <span class='ocrx_word' id='word_1_133' title='bbox 981 2545 1021 2610; x_wconf 79' lang='lat' dir='ltr'><strong>ed</strong></span> <span class='ocrx_word' id='word_1_134' title='bbox 1032 2541 1242 2632; x_wconf 72' lang='lat' dir='ltr'><strong>intelligentiae</strong></span> 
     </span>
     <span class='ocr_line' id='line_1_19' title="bbox 213 2650 1250 2742; baseline 0 -24"><span class='ocrx_word' id='word_1_135' title='bbox 213 2654 450 2741; x_wconf 78' lang='lat' dir='ltr'><strong>inquisitionem</strong></span> <span class='ocrx_word' id='word_1_136' title='bbox 472 2650 520 2717; x_wconf 87' lang='lat' dir='ltr'><strong>vel</strong></span> <span class='ocrx_word' id='word_1_137' title='bbox 543 2654 665 2729; x_wconf 89' lang='lat' dir='ltr'><strong>incitet,</strong></span> <span class='ocrx_word' id='word_1_138' title='bbox 682 2653 730 2720; x_wconf 80' lang='lat' dir='ltr'><strong>vel</strong></span> <span class='ocrx_word' id='word_1_139' title='bbox 754 2653 894 2742; x_wconf 82' lang='lat' dir='ltr'><strong>repellat.</strong></span> <span class='ocrx_word' id='word_1_140' title='bbox 913 2655 1027 2722; x_wconf 84' lang='lat' dir='ltr'><strong>lnoitet</strong></span> <span class='ocrx_word' id='word_1_141' title='bbox 1044 2665 1167 2718; x_wconf 79' lang='lat' dir='ltr'><strong>mentes</strong></span> <span class='ocrx_word' id='word_1_142' title='bbox 1181 2665 1250 2718; x_wconf 85' lang='lat' dir='ltr'><strong>stu·</strong></span> 
     </span>
     <span class='ocr_line' id='line_1_20' title="bbox 214 2760 1248 2854; baseline 0 -28"><span class='ocrx_word' id='word_1_143' title='bbox 214 2763 316 2827; x_wconf 84' lang='lat' dir='ltr'><strong>diosas</strong></span> <span class='ocrx_word' id='word_1_144' title='bbox 337 2773 370 2826; x_wconf 91' lang='lat' dir='ltr'><strong>et</strong></span> <span class='ocrx_word' id='word_1_145' title='bbox 392 2760 519 2836; x_wconf 84' lang='lat' dir='ltr'><strong>liberas,</strong></span> <span class='ocrx_word' id='word_1_146' title='bbox 539 2761 662 2827; x_wconf 86' lang='lat' dir='ltr'><strong>desides</strong></span> <span class='ocrx_word' id='word_1_147' title='bbox 677 2775 709 2828; x_wconf 83' lang='lat' dir='ltr'><strong>ot</strong></span> <span class='ocrx_word' id='word_1_148' title='bbox 732 2778 901 2852; x_wconf 79' lang='lat' dir='ltr'><strong>occupatas</strong></span> <span class='ocrx_word' id='word_1_149' title='bbox 924 2761 1046 2854; x_wconf 84' lang='lat' dir='ltr'><strong>repellit</strong></span> <span class='ocrx_word' id='word_1_150' title='bbox 1053 2788 1063 2837; x_wconf 88' lang='lat'>;</span> <span class='ocrx_word' id='word_1_151' title='bbox 1089 2763 1248 2852; x_wconf 80' lang='lat' dir='ltr'><strong>scriptum</strong></span> 
     </span>
     <span class='ocr_line' id='line_1_21' title="bbox 212 2869 1249 2958; baseline 0.001 -23"><span class='ocrx_word' id='word_1_152' title='bbox 212 2883 260 2936; x_wconf 89' lang='lat' dir='ltr'><strong>est</strong></span> <span class='ocrx_word' id='word_1_153' title='bbox 276 2871 384 2936; x_wconf 88' lang='lat' dir='ltr'><strong>enim:</strong></span> <span class='ocrx_word' id='word_1_154' title='bbox 405 2870 514 2949; x_wconf 79' lang='lat' dir='ltr'><strong>«Quin</strong></span> <span class='ocrx_word' id='word_1_155' title='bbox 530 2871 608 2936; x_wconf 84' lang='lat' dir='ltr'><strong>vidit</strong></span> <span class='ocrx_word' id='word_1_156' title='bbox 623 2871 730 2938; x_wconf 79' lang='lat' dir='ltr'><strong>Aaron</strong></span> <span class='ocrx_word' id='word_1_157' title='bbox 741 2884 773 2937; x_wconf 86' lang='lat' dir='ltr'><strong>et</strong></span> <span class='ocrx_word' id='word_1_158' title='bbox 788 2895 898 2938; x_wconf 86' lang='lat' dir='ltr'><strong>omnes</strong></span> <span class='ocrx_word' id='word_1_159' title='bbox 914 2869 969 2936; x_wconf 86' lang='lat' dir='ltr'><strong>filii</strong></span> <span class='ocrx_word' id='word_1_160' title='bbox 985 2869 1082 2937; x_wconf 71' lang='lat' dir='ltr'><strong>lsrniil</strong></span> <span class='ocrx_word' id='word_1_161' title='bbox 1099 2870 1249 2958; x_wconf 80' lang='lat' dir='ltr'><strong>Moysen,</strong></span> 
     </span>
     <span class='ocr_line' id='line_1_22' title="bbox 213 2977 1250 3070; baseline 0.002 -27"><span class='ocrx_word' id='word_1_162' title='bbox 213 3008 227 3042; x_wconf 78' lang='grc' dir='ltr'><strong>ι</strong></span> <span class='ocrx_word' id='word_1_163' title='bbox 242 2992 273 3045; x_wconf 90' lang='lat' dir='ltr'><strong>et</strong></span> <span class='ocrx_word' id='word_1_164' title='bbox 288 2993 356 3045; x_wconf 80' lang='lat' dir='ltr'><strong>erat</strong></span> <span class='ocrx_word' id='word_1_165' title='bbox 371 2977 546 3068; x_wconf 76' lang='lat' dir='ltr'><strong>glorificata</strong></span> <span class='ocrx_word' id='word_1_166' title='bbox 563 2980 657 3046; x_wconf 77' lang='lat' dir='ltr'><strong>[ecies</strong></span> <span class='ocrx_word' id='word_1_167' title='bbox 671 2982 755 3070; x_wconf 81' lang='lat' dir='ltr'><strong>ejus,</strong></span> <span class='ocrx_word' id='word_1_168' title='bbox 770 2993 803 3046; x_wconf 83' lang='lat' dir='ltr'><strong>et</strong></span> <span class='ocrx_word' id='word_1_169' title='bbox 824 2979 913 3047; x_wconf 90' lang='lat' dir='ltr'><strong>color</strong></span> <span class='ocrx_word' id='word_1_170' title='bbox 927 2979 1032 3045; x_wconf 87' lang='lat' dir='ltr'><strong>vultus</strong></span> <span class='ocrx_word' id='word_1_171' title='bbox 1046 2981 1130 3068; x_wconf 86' lang='lat' dir='ltr'><strong>ejus,</strong></span> <span class='ocrx_word' id='word_1_172' title='bbox 1154 2993 1186 3044; x_wconf 89' lang='lat' dir='ltr'><strong>et</strong></span> <span class='ocrx_word' id='word_1_173' title='bbox 1206 2981 1250 3045; x_wconf 90' lang='lat' dir='ltr'><strong>ti-</strong></span> 
     </span>
     <span class='ocr_line' id='line_1_23' title="bbox 210 3086 1251 3180; baseline 0.001 -26"><span class='ocrx_word' id='word_1_174' title='bbox 210 3100 391 3154; x_wconf 75' lang='lat' dir='ltr'><strong>»muorunt</strong></span> <span class='ocrx_word' id='word_1_175' title='bbox 411 3090 564 3154; x_wconf 82' lang='lat' dir='ltr'><strong>accedere</strong></span> <span class='ocrx_word' id='word_1_176' title='bbox 584 3089 624 3155; x_wconf 83' lang='lat' dir='ltr'><strong>ad</strong></span> <span class='ocrx_word' id='word_1_177' title='bbox 645 3086 766 3156; x_wconf 80' lang='lat' dir='ltr'><strong>ilinm⁸.</strong></span> <span class='ocrx_word' id='word_1_178' title='bbox 781 3119 794 3152; x_wconf 80' lang='grc' dir='ltr'><strong>ι</strong></span> <span class='ocrx_word' id='word_1_179' title='bbox 809 3092 851 3156; x_wconf 82' lang='lat' dir='ltr'><strong>Et</strong></span> <span class='ocrx_word' id='word_1_180' title='bbox 871 3102 1063 3180; x_wconf 82' lang='lat' dir='ltr'><strong>postpauca</strong></span> <span class='ocrx_word' id='word_1_181' title='bbox 1085 3111 1094 3154; x_wconf 76' lang='lat' dir='ltr'>t</span> <span class='ocrx_word' id='word_1_182' title='bbox 1116 3087 1251 3155; x_wconf 80' lang='lat' dir='ltr'><strong>‹Pone-</strong></span> 
     </span>
     <span class='ocr_line' id='line_1_24' title="bbox 208 3196 1251 3288; baseline 0.006 -30"><span class='ocrx_word' id='word_1_183' title='bbox 208 3199 306 3272; x_wconf 62' lang='grc' dir='ltr'><strong>κιαι,</strong></span> <span class='ocrx_word' id='word_1_184' title='bbox 323 3198 448 3284; x_wconf 80' lang='lat' dir='ltr'><strong>inquit,</strong></span> <span class='ocrx_word' id='word_1_185' title='bbox 466 3196 589 3285; x_wconf 86' lang='lat' dir='ltr'><strong>Moyses</strong></span> <span class='ocrx_word' id='word_1_186' title='bbox 612 3197 753 3264; x_wconf 82' lang='lat' dir='ltr'><strong>velamen</strong></span> <span class='ocrx_word' id='word_1_187' title='bbox 776 3221 871 3288; x_wconf 86' lang='lat' dir='ltr'><strong>super</strong></span> <span class='ocrx_word' id='word_1_188' title='bbox 897 3198 1009 3266; x_wconf 81' lang='lat' dir='ltr'><strong>faeiem</strong></span> <span class='ocrx_word' id='word_1_189' title='bbox 1032 3222 1133 3276; x_wconf 74' lang='lat' dir='ltr'><strong>suem,</strong></span> <span class='ocrx_word' id='word_1_190' title='bbox 1160 3197 1251 3264; x_wconf 88' lang='lat' dir='ltr'><strong>Cum</strong></span> 
     </span>
     <span class='ocr_line' id='line_1_25' title="bbox 211 3305 1249 3398; baseline 0.004 -28"><span class='ocrx_word' id='word_1_191' title='bbox 211 3336 225 3369; x_wconf 75' lang='grc' dir='ltr'><strong>ι</strong></span> <span class='ocrx_word' id='word_1_192' title='bbox 241 3318 347 3371; x_wconf 85' lang='lat' dir='ltr'><strong>nutem</strong></span> <span class='ocrx_word' id='word_1_193' title='bbox 360 3305 504 3372; x_wconf 80' lang='lat' dir='ltr'><strong>introiret</strong></span> <span class='ocrx_word' id='word_1_194' title='bbox 520 3309 552 3372; x_wconf 90' lang='lat' dir='ltr'><strong>in</strong></span> <span class='ocrx_word' id='word_1_195' title='bbox 564 3321 772 3398; x_wconf 85' lang='lat' dir='ltr'><strong>conspectum</strong></span> <span class='ocrx_word' id='word_1_196' title='bbox 784 3308 925 3384; x_wconf 86' lang='lat' dir='ltr'><strong>Domini,</strong></span> <span class='ocrx_word' id='word_1_197' title='bbox 940 3321 974 3372; x_wconf 90' lang='lat' dir='ltr'><strong>ut</strong></span> <span class='ocrx_word' id='word_1_198' title='bbox 988 3307 1173 3396; x_wconf 84' lang='lat' dir='ltr'><strong>loqueretur</strong></span> <span class='ocrx_word' id='word_1_199' title='bbox 1187 3307 1249 3382; x_wconf 81' lang='lat' dir='ltr'><strong>illi,</strong></span> 
     </span>
     <span class='ocr_line' id='line_1_26' title="bbox 211 3415 1251 3507; baseline 0.007 -28"><span class='ocrx_word' id='word_1_200' title='bbox 211 3415 418 3505; x_wconf 76' lang='lat' dir='ltr'><strong>»deponebat</strong></span> <span class='ocrx_word' id='word_1_201' title='bbox 438 3415 581 3483; x_wconf 80' lang='lat' dir='ltr'><strong>velamen</strong></span> <span class='ocrx_word' id='word_1_202' title='bbox 594 3415 646 3481; x_wconf 76' lang='grc' dir='ltr'><strong>’.ι</strong></span> <span class='ocrx_word' id='word_1_203' title='bbox 667 3420 743 3485; x_wconf 84' lang='lat' dir='ltr'><strong>Haeo</strong></span> <span class='ocrx_word' id='word_1_204' title='bbox 764 3431 871 3484; x_wconf 81' lang='lat' dir='ltr'><strong>eutem</strong></span> <span class='ocrx_word' id='word_1_205' title='bbox 893 3416 1063 3507; x_wconf 86' lang='lat' dir='ltr'><strong>Apostolus</strong></span> <span class='ocrx_word' id='word_1_206' title='bbox 1085 3418 1251 3486; x_wconf 84' lang='lat' dir='ltr'><strong>disserens</strong></span> 
     </span>
     <span class='ocr_line' id='line_1_27' title="bbox 208 3522 1246 3617; baseline 0.007 -28"><span class='ocrx_word' id='word_1_207' title='bbox 208 3523 378 3612; x_wconf 75' lang='lat' dir='ltr'><strong>magnifico</strong></span> <span class='ocrx_word' id='word_1_208' title='bbox 400 3522 453 3590; x_wconf 88' lang='lat' dir='ltr'><strong>itto</strong></span> <span class='ocrx_word' id='word_1_209' title='bbox 473 3549 565 3590; x_wconf 87' lang='lat' dir='ltr'><strong>sensu</strong></span> <span class='ocrx_word' id='word_1_210' title='bbox 586 3551 651 3615; x_wconf 85' lang='lat' dir='ltr'><strong>qno</strong></span> <span class='ocrx_word' id='word_1_211' title='bbox 674 3528 706 3594; x_wconf 90' lang='lat' dir='ltr'><strong>in</strong></span> <span class='ocrx_word' id='word_1_212' title='bbox 728 3530 849 3596; x_wconf 73' lang='lat' dir='ltr'><strong>steteris</strong></span> <span class='ocrx_word' id='word_1_213' title='bbox 866 3530 978 3605; x_wconf 87' lang='lat' dir='ltr'><strong>utitur,</strong></span> <span class='ocrx_word' id='word_1_214' title='bbox 996 3530 1115 3617; x_wconf 85' lang='lat' dir='ltr'><strong>dequo</strong></span> <span class='ocrx_word' id='word_1_215' title='bbox 1135 3530 1246 3596; x_wconf 77' lang='lat' dir='ltr'><strong>dixit:</strong></span> 
     </span>
     <span class='ocr_line' id='line_1_28' title="bbox 218 3631 1249 3718; baseline 0.013 -26"><span class='ocrx_word' id='word_1_216' title='bbox 218 3631 306 3699; x_wconf 75' lang='lat' dir='ltr'><strong>«Nos</strong></span> <span class='ocrx_word' id='word_1_217' title='bbox 326 3643 432 3698; x_wconf 83' lang='lat' dir='ltr'><strong>nutem</strong></span> <span class='ocrx_word' id='word_1_218' title='bbox 450 3656 577 3699; x_wconf 88' lang='lat' dir='ltr'><strong>sensum</strong></span> <span class='ocrx_word' id='word_1_219' title='bbox 595 3634 712 3702; x_wconf 83' lang='lat' dir='ltr'><strong>Christi</strong></span> <span class='ocrx_word' id='word_1_220' title='bbox 732 3637 899 3714; x_wconf 75' lang='lat' dir='ltr'><strong>habemus,</strong></span> <span class='ocrx_word' id='word_1_221' title='bbox 923 3640 972 3704; x_wconf 82' lang='lat' dir='ltr'><strong>ait</strong></span> <span class='ocrx_word' id='word_1_222' title='bbox 991 3662 1002 3702; x_wconf 93' lang='lat'><em>:</em></span> <span class='ocrx_word' id='word_1_223' title='bbox 1026 3639 1121 3718; x_wconf 89' lang='lat' dir='ltr'><strong>Quod</strong></span> <span class='ocrx_word' id='word_1_224' title='bbox 1138 3640 1162 3705; x_wconf 88' lang='lat' dir='ltr'><strong>si</strong></span> <span class='ocrx_word' id='word_1_225' title='bbox 1180 3641 1249 3705; x_wconf 83' lang='lat' dir='ltr'><strong>mi-</strong></span> 
     </span>
    </p>
   </div>
   <div class='ocr_carea' id='block_1_7' title="bbox 240 3777 821 3986">
    <p class='ocr_par' dir='ltr' id='par_1_8' title="bbox 240 3777 821 3986">
     <span class='ocr_line' id='line_1_29' title="bbox 241 3777 821 3833; baseline 0.009 -5"><span class='ocrx_word' id='word_1_226' title='bbox 241 3777 339 3828; x_wconf 83' lang='lat' dir='ltr'><strong>¹Num.</strong></span> <span class='ocrx_word' id='word_1_227' title='bbox 352 3796 396 3829; x_wconf 80' lang='lat' dir='ltr'><strong>nn.</strong></span> <span class='ocrx_word' id='word_1_228' title='bbox 406 3807 437 3818; x_wconf 90' lang='lat'><em>-</em></span> <span class='ocrx_word' id='word_1_229' title='bbox 449 3777 460 3811; x_wconf 83' lang='lat'>²</span> <span class='ocrx_word' id='word_1_230' title='bbox 471 3779 543 3827; x_wconf 80' lang='lat' dir='ltr'><strong>Rom.</strong></span> <span class='ocrx_word' id='word_1_231' title='bbox 556 3795 609 3827; x_wconf 85' lang='lat' dir='ltr'><strong>vm.</strong></span> <span class='ocrx_word' id='word_1_232' title='bbox 621 3807 651 3817; x_wconf 99' lang='lat'>-</span> <span class='ocrx_word' id='word_1_233' title='bbox 666 3779 676 3814; x_wconf 79' lang='lat'>⁸</span> <span class='ocrx_word' id='word_1_234' title='bbox 689 3781 757 3832; x_wconf 75' lang='lat' dir='ltr'><strong>neb.</strong></span> <span class='ocrx_word' id='word_1_235' title='bbox 770 3801 821 3833; x_wconf 82' lang='lat' dir='ltr'><strong>xix.</strong></span> 
     </span>
     <span class='ocr_line' id='line_1_30' title="bbox 240 3855 777 3918; baseline 0.006 -14"><span class='ocrx_word' id='word_1_236' title='bbox 240 3856 333 3904; x_wconf 66' lang='lat' dir='ltr'><strong>*Tom</strong></span> <span class='ocrx_word' id='word_1_237' title='bbox 346 3855 384 3913; x_wconf 88' lang='grc' dir='ltr'><strong>ΙΙ,</strong></span> <span class='ocrx_word' id='word_1_238' title='bbox 396 3870 422 3918; x_wconf 84' lang='lat' dir='ltr'><strong>p.</strong></span> <span class='ocrx_word' id='word_1_239' title='bbox 435 3862 515 3918; x_wconf 83' lang='lat' dir='ltr'><strong>r7ret</strong></span> <span class='ocrx_word' id='word_1_240' title='bbox 525 3869 598 3918; x_wconf 81' lang='lat' dir='ltr'><strong>seqq.</strong></span> <span class='ocrx_word' id='word_1_241' title='bbox 611 3855 661 3890; x_wconf 78' lang='lat'><strong>-³</strong></span> <span class='ocrx_word' id='word_1_242' title='bbox 674 3855 704 3905; x_wconf 83' lang='lat' dir='ltr'><strong>N.</strong></span> <span class='ocrx_word' id='word_1_243' title='bbox 719 3874 742 3917; x_wconf 82' lang='lat'><strong>1,</strong></span> <span class='ocrx_word' id='word_1_244' title='bbox 755 3875 777 3907; x_wconf 80' lang='lat' dir='ltr'><strong>n.</strong></span> 
     </span>
     <span class='ocr_line' id='line_1_31' title="bbox 240 3927 682 3986; baseline -0.002 -8"><span class='ocrx_word' id='word_1_245' title='bbox 240 3927 341 3978; x_wconf 59' lang='lat' dir='ltr'><strong>ilbod-</strong></span> <span class='ocrx_word' id='word_1_246' title='bbox 352 3943 437 3986; x_wconf 75' lang='lat' dir='ltr'><strong>xxxiv,</strong></span> <span class='ocrx_word' id='word_1_247' title='bbox 448 3927 487 3976; x_wconf 75' lang='lat'><strong>30.</strong></span> <span class='ocrx_word' id='word_1_248' title='bbox 500 3953 530 3963; x_wconf 90' lang='lat'><em>-</em></span> <span class='ocrx_word' id='word_1_249' title='bbox 542 3927 551 3959; x_wconf 81' lang='lat'><strong><em>⁷</em></strong></span> <span class='ocrx_word' id='word_1_250' title='bbox 565 3927 682 3986; x_wconf 72' lang='lat' dir='ltr'><strong>lbid.34.</strong></span> 
     </span>
    </p>
   </div>
   <div class='ocr_carea' id='block_1_8' title="bbox 0 0 1356 4610">
    <p class='ocr_par' dir='ltr' id='par_1_9' title="bbox 0 0 1356 4610">
     <span class='ocr_line' id='line_1_32' title="bbox 0 0 1356 4610; baseline 0 3"><span class='ocrx_word' id='word_1_251' title='bbox 0 0 1356 4610; x_wconf 95' lang='lat' dir='ltr'><strong> </strong></span> 
     </span>
    </p>
   </div>
  </div>
 </body>
</html>
