2604 4614
187 209 251 274 518
636 227 780 271 cnrcnrus
877 281 878 284 Ἴ

182 350 384 418 *tentionibus
405 349 660 437 congregabant,
682 347 736 434 qui
754 346 984 435 magistratus„
996 347 1050 434 qui
1068 349 1226 423 honoros,

183 459 238 546 qui
251 455 433 522 consulatus
442 439 570 522 'diverso
583 454 756 521 ambitione
770 456 976 541 querebant,
990 454 1041 521 isti
1052 479 1167 522 omnes
1182 469 1229 520 te-

183 565 229 632 los
242 573 364 632 nraneae
376 574 555 629 texuerunt.
571 562 651 628 Tum
663 563 749 628 enim
760 585 859 636 vane,
874 575 938 627 tam
951 561 1062 628 frivolo
1072 587 1174 651 quam
1185 577 1232 627 cst

185 695 307 738 croneae
321 673 476 746 textrina,
494 671 623 735 suerunt
633 671 740 734 omniu
752 670 1006 758 qute'gerebcnt,
1019 682 1231 759 etproptercr

184 781 348 848 tobesootae
359 792 433 844 cunt
452 780 533 844 sicut
548 801 672 844 utonem
688 778 800 843 animae
818 801 943 842 eorum.
966 805 980 838 ι
998 777 1229 846 Verumtamen

185 888 326 954 »vanitas
336 887 445 952 omnio
469 886 575 951 homo.
599 885 701 950 »Jum
716 884 780 951 hoc
797 885 829 951 in
845 885 1065 973 superioribus
1080 885 1231 974 explana-

184 996 297 1062 vimus.
742 995 745 1000 ’

228 1102 271 1169 Χ.
296 1102 443 1168 «Exaudi
472 1101 648 1168 orationem
672 1103 776 1168 meum
803 1102 888 1166 Deus
915 1107 948 1166 et
970 1100 1227 1190 deprecationem

187 1233 331 1286 emerim,
355 1211 482 1276 auribus
497 1210 626 1298 percipe
640 1207 796 1297 lacrymas
813 1233 910 1276 meas.
928 1239 942 1271 ι
960 1209 1102 1297 Oportet
1116 1210 1224 1274 iterun

184 1332 216 1385 ot
235 1341 309 1384 oum
325 1317 472 1406 lacrymis
489 1317 603 1382 offerre
621 1317 799 1382 orationem
821 1318 908 1392 Deo,
931 1329 1018 1381 etex
1039 1317 1161 1381 intimis
1178 1339 1226 1404 pe-

183 1424 356 1492 netralibus
367 1426 400 1490 in
412 1448 541 1514 precem
560 1424 689 1490 Domini
705 1425 920 1500 commoveri,
935 1435 971 1489 ut
987 1447 1080 1489 mens
1098 1424 1224 1491 credent

182 1536 223 1600 de
236 1534 358 1623 judicio
378 1533 505 1608 futuro,
527 1532 783 1598 recordationem
799 1530 992 1598 delictorum
1013 1555 1147 1598 suorum
1167 1556 1223 1597 non

184 1643 302 1730 absque
322 1640 471 1728 lucrymis
486 1652 519 1704 et
534 1638 761 1706 lamentatione
777 1653 949 1706 recenseat.
971 1641 1055 1721 Quis
1075 1640 1223 1705 resolutus

181 1749 216 1815 in
227 1748 384 1836 lacrymas
399 1747 477 1814 dicit
489 1747 530 1812 ud
540 1747 734 1813 Dominum:
751 1773 764 1807 t
782 1747 919 1812 Effundo
936 1749 969 1812 in
987 1761 1153 1836 conspectu
1164 1761 1215 1811 too

183 1857 382 1922 »orationem
393 1839 541 1922 meam‘?
557 1854 695 1922 Auribus
710 1876 785 1943 ergo
802 1855 929 1943 percipe
944 1853 1098 1944 lacrymas
1112 1879 1207 1928 meos,

185 1977 239 2030 »et
252 1987 293 2030 nc
308 1953 415 2039 silens]
439 1963 546 2052 inquit,
566 1988 584 2028 o
603 1985 703 2038 mc,v
724 1963 839 2038 idest,
862 1987 914 2029 mc
929 1977 1046 2028 oronte
1063 1988 1097 2029 ne
1113 1963 1206 2029 sileas.

184 2073 249 2138 Sed
259 2071 359 2160 quidi
376 2071 482 2138 odhuc
497 2071 647 2160 loquente
662 2094 714 2136 mc
733 2071 803 2146 dic,
829 2093 905 2136 ecoe
920 2071 1047 2138 adsum.

226 2180 286 2247 XI.
308 2207 321 2240 r
342 2179 426 2262 Quin
442 2178 545 2244 incolo
562 2202 621 2267 ego
636 2201 708 2244 sum
723 2178 808 2267 opud
824 2190 873 2254 te,
892 2190 924 2242 et
942 2180 1132 2268 peregrinus
1147 2180 1224 2245 sicut

184 2311 314 2362 somnes
325 2299 429 2376 patres
438 2287 514 2352 mei.
527 2315 540 2348 ι
555 2286 638 2366 Quia
646 2285 830 2375 peregrinus
842 2309 914 2351 sum
923 2327 933 2362 ‚
942 2287 1123 2352 necessario
1132 2288 1224 2353 etiarn

182 2410 214 2462 ct
228 2393 332 2462 incole
348 2417 436 2467 sum.
454 2417 519 2460 non
533 2394 704 2458 enimcum
719 2393 800 2460 sieut
815 2406 861 2458 tu.
877 2394 926 2459 Tu
941 2395 1030 2460 enim
1040 2406 1182 2460 eternus
1195 2419 1225 2460 es

183 2503 286 2578 solus,
302 2515 334 2568 ct
350 2526 408 2567 nos
422 2512 579 2590 quantum
591 2500 916 2566 invenitur-habemus
933 2501 1075 2567 initium.
1094 2505 1165 2592 Ego
1178 2528 1226 2567 ou·

182 2624 247 2677 tom
266 2610 291 2675 si
311 2610 423 2698 dignus
439 2609 559 2675 efficiar
580 2631 648 2674 esse
665 2608 750 2697 opud
768 2619 818 2684 tc,
835 2607 941 2674 incolo
961 2622 1071 2676 tumen
1087 2635 1175 2688 sum,
1192 2625 1222 2675 ct

182 2719 365 2808 peregrinus
379 2717 464 2805 apud
478 2728 510 2781 te
525 2741 532 2782 r
550 2716 622 2805 quio
642 2728 675 2782 et
691 2737 801 2781 omnes
830 2728 935 2805 putres
949 2719 1014 2784 mei
1029 2718 1145 2784 inculte
1159 2719 1227 2783 tue

184 2839 276 2902 runt,
290 2838 324 2892 et
334 2825 491 2914 peregrini
504 2824 588 2913 apud
600 2836 631 2888 tc
642 2847 651 2888 r
664 2834 699 2888 ct
709 2810 872 2890 Abrahuni
880 2827 1070 2914 peregrinus
1081 2841 1132 2892 est
1148 2828 1230 2916 apud

184 2948 233 3011 te,
245 2936 317 3023 quio
330 2957 393 3001 non
404 2946 472 2998 erat
483 2955 620 3022 semper,
637 2932 692 2997 sed
709 2943 787 2998 tunc
796 2955 865 2997 esse
877 2934 974 3022 ooepit
985 2936 1117 3022 quando
1130 2947 1168 3001 tu
1181 2959 1231 3000 vo

184 3041 287 3119 luisti,
304 3054 336 3106 et
348 3043 435 3108 Isaeo
449 3047 481 3106 et
498 3040 598 3106 Jacob
606 3050 639 3104 et
651 3061 762 3105 omncs
776 3039 863 3128 justi.

227 3149 302 3217 ΧΠ.
321 3149 487 3217 «Remitte
505 3147 583 3214 milii
603 3159 638 3212 ut
657 3147 823 3236 refrigerer
839 3149 1025 3237 prinsquam
1045 3153 1184 3227 ubmm,
1200 3165 1231 3216 ct

186 3256 343 3348 »amplius
358 3281 422 3322 non
444 3280 518 3332 ero,
535 3284 548 3319 ι
572 3255 721 3343 quonium
737 3253 950 3322 incolatum:
969 3257 1075 3324 donec
1097 3260 1190 3348 opud
1203 3273 1233 3324 te

186 3390 275 3442 eum,
288 3365 409 3432 tamdiu
426 3387 496 3430 sum
512 3388 519 3428 ε
535 3364 560 3429 si
573 3375 680 3429 autem
696 3374 758 3428 ato
772 3365 895 3440 exiero,
913 3365 1037 3452 perdidi
1051 3367 1153 3433 etiam
1171 3368 1232 3434 boc

187 3475 290 3565 ipsum
309 3474 397 3562 quod
416 3495 504 3549 sum,
521 3484 553 3536 et
575 3495 630 3536 ero
649 3482 801 3559 tanquam
816 3473 870 3559 qui
893 3496 959 3538 non
981 3489 1064 3539 tum.
1083 3475 1233 3565 Denique

92 3567 98 3575 .
187 3595 354 3675 'propterea
375 3585 414 3648 de
437 3582 658 3671 peccatoribus
676 3581 753 3648 dicit
771 3605 786 3664 :—
802 3582 865 3648 «Er
886 3595 981 3649 crunt
999 3596 1156 3672 tunquam
1180 3586 1234 3673 qui

186 3715 274 3760 ouon
290 3691 393 3758 sunt².
415 3721 427 3752 o
446 3693 486 3756 Et
499 3689 594 3756 alibi:
613 3691 698 3770 «Qui
710 3680 833 3758 vocavit
848 3715 885 3760 ea
896 3715 966 3780 quae
980 3715 1046 3760 non
1060 3704 1148 3759 sunt»
1169 3693 1235 3764 Re⁴

224 3834 328 3887 'Palm
340 3852 412 3897 cxnr,
426 3832 483 3886 3.-
494 3829 579 3884 ²Abo.
590 3849 643 3882 κη.
