2744 4624
398 339 430 381 ιιι
455 337 588 381 cerasta
610 337 737 381 ιιοιιιιιι
763 338 829 379 ιιιι.
1088 314 1129 396 57

79 476 241 520 amorem
256 453 327 528 Dei,
343 465 376 518 et
392 453 539 518 inventus
553 465 601 518 ost
616 477 680 520 non
700 456 732 518 iu
753 443 925 520 visceribus
941 455 1058 528 carnis,
1074 453 1134 517 sed'

82 563 117 628 in
137 563 317 628 visceribus
333 561 465 634 Christi,
477 562 509 626 id
524 574 570 626 est
587 563 618 626 in
633 563 804 627 visceribus
815 561 918 631 Verbi
928 561 984 625 Dei
998 573 1030 624 et
1046 561 1129 624 veri-

83 671 167 736 tatis
186 683 220 736 et
235 672 404 760 sapientiae.

137 779 231 844 VIII.
247 808 259 838 ι
275 779 438 854 Extendit‚
453 781 575 865 iuquit,
592 781 753 846 Abraham
765 802 896 845 manum
908 803 1010 852 suam,
1029 777 1064 841 ut
1081 799 1132 841 ae-

89 915 104 948 s
123 889 249 976 ciperet
262 887 402 977 gladium
415 899 447 952 et
463 886 622 976 jugularet
634 887 736 952 filium
751 883 857 962 suum,
870 897 903 952 et
919 886 1040 952 vocavit
1055 907 1129 949 eum

88 1024 103 1057 ι
119 996 265 1084 Angelus
279 998 410 1062 Domini
426 996 465 1062 de
481 996 576 1071 cralo,
592 1011 624 1063 et
642 998 719 1063 dixit
737 1021 745 1061 ι
761 997 936 1072 Abraham,
955 996 1127 1062 Abraham.

86 1133 101 1166 ι
117 1105 165 1171 At
180 1105 324 1172 illedixit
338 1131 347 1172 ι
361 1109 446 1173 Eece
456 1131 527 1196 ego.
542 1111 582 1174 Et
593 1109 671 1173 dixit
684 1132 693 1173 ι
708 1109 754 1174 Ne
766 1108 887 1196 injicias
900 1129 1030 1172 manum
1042 1116 1130 1171 tuam

88 1243 103 1274 ι
118 1239 218 1303 super
242 1239 392 1304 puerum,
420 1241 525 1304 neque
550 1218 646 1283 facias
667 1219 697 1282 ei
720 1219 905 1306 quidquam.
931 1217 1023 1283 Nune
1044 1215 1131 1280 enim

93 1351 107 1384 ι
125 1327 265 1411 cognovi
281 1325 354 1412 quia
370 1337 404 1388 tu
419 1325 512 1390 tImes
527 1325 630 1390 Deum
640 1324 662 1388 ¹.
678 1353 691 1387 ι
706 1327 743 1390 In
759 1325 822 1389 hoe
837 1348 913 1413 ergo
928 1345 1073 1389 sermone
1084 1346 1132 1388 so-

96 1432 146 1498 let
168 1435 271 1518 obiici
285 1435 387 1506 nohis,
401 1434 486 1522 quod
501 1435 586 1499 Deus
602 1459 690 1500 nune
705 1458 738 1500 se
754 1435 938 1522 cognovisse
954 1433 1038 1498 dicat
1058 1432 1129 1518 quia

109 1539 275 1606 Abraham
290 1541 394 1606 timeat
407 1542 517 1618 Deum,
531 1545 620 1631 quasi
632 1545 685 1631 qui
698 1556 771 1608 ante
786 1542 985 1632 ignoraverit.
1005 1541 1133 1606 Sciebat
1245 1625 1252 1632 ί

111 1647 197 1714 Deus
208 1659 241 1713 et
251 1671 315 1714 non
326 1673 395 1713 eum
409 1648 537 1725 latebat,
551 1651 668 1740 quippe
679 1652 733 1741 qui
746 1654 833 1718 norit
844 1653 949 1716 omnia
961 1663 1131 1738 antequam

105 1755 203 1822 liant:
218 1759 274 1823 sed
288 1771 415 1849 propter
429 1772 461 1826 te
474 1760 544 1826 haec
554 1761 671 1849 scripta
684 1775 771 1834 sunt:
787 1763 860 1849 quia
872 1773 905 1825 et
919 1773 953 1824 tu
971 1757 1131 1824 credidisti

103 1867 232 1954 quidem
244 1869 326 1942 Deo,
338 1870 393 1935 sed
407 1871 466 1935 nisi
478 1893 574 1959 opera
585 1871 659 1936 srdei
672 1870 857 1960 expleveris,
871 1870 930 1935 nisi
942 1871 973 1934 in
985 1868 1133 1934 omnibus

101 1978 267 2065 praeceptis
282 1979 376 2044 etiem
389 1979 617 2045 difficilioribus
633 1981 784 2068 parueris,
797 1980 855 2046 nisi
871 1978 1062 2045 sucrificium
1077 1978 1134 2041 ob·

103 2085 225 2162 tuleris,
249 2100 282 2152 et
303 2090 479 2156 ostenderis
495 2092 567 2179 qnia
587 2113 648 2156 nee
669 2103 804 2178 petrem,
821 2111 881 2154 nec
901 2101 1049 2162 matrem,
1073 2109 1134 2151 nec

101 2193 184 2261 filins
199 2197 348 2284 praeleras
362 2197 444 2273 Deo,
459 2222 525 2263 non
541 2199 718 2288 agnosceris
731 2199 803 2285 quia
817 2199 926 2264 timeas
939 2199 1056 2270 Deum,
1074 2219 1133 2260 nee

107 2303 232 2368 dicetur
244 2305 282 2368 de
296 2318 337 2380 te,
354 2307 437 2385 Quin
454 2331 541 2372 nune
555 2308 691 2396 cognovi
703 2308 774 2395 quia
792 2306 901 2371 timeas
917 2319 952 2370 tu
965 2307 1079 2371 Deum.
1093 2307 1133 2370 Et

107 2423 217 2477 tamen
242 2413 504 2480 considerandum
523 2425 584 2491 est,
600 2417 674 2503 quia
696 2414 834 2504 Angelus
853 2414 921 2480 haec
941 2412 1076 2478 refertur
1094 2413 1136 2476 ad

101 2519 267 2586 Abraham
282 2521 421 2598 loeutus,
438 2537 470 2587 et
485 2525 557 2610 quia
574 2525 606 2588 in
622 2524 889 2610 consequentibus
907 2521 1070 2586 evidenter
1083 2519 1137 2585 hic

102 2628 245 2718 Angelus
260 2631 416 2698 Dominus
432 2633 617 2698 ostenditur.
647 2632 736 2698 Unde
759 2644 836 2723 puto
851 2631 937 2719 quod
953 2631 1034 2694 sicut
1054 2629 1137 2693 inter

96 2759 158 2802 nos
175 2736 323 2804 homines
339 2739 450 2804 habitu
468 2753 612 2830 repertus
626 2754 675 2806 est
690 2752 725 2805 ut
738 2741 848 2815 homo,
861 2741 905 2804 ita
920 2752 953 2804 et
971 2740 1055 2804 inter
1069 2737 1136 2804 An-

53 2891 56 2896 ·
96 2845 188 2935 gelos
212 2847 330 2913 habitu
352 2861 399 2914 est
419 2863 563 2938 repertus
583 2863 619 2915 ut
638 2848 787 2938 Angelus.
805 2851 847 2916 Et
861 2850 957 2938 ipsius
972 2859 1138 2937 sequentes

97 2953 286 3044 exemplum
296 2954 406 3046 Angeli
418 2959 450 3023 in
462 2957 544 3024 coelo
554 2958 701 3024 laetantur
712 2981 806 3046 super
819 2980 881 3023 uno
892 2971 1060 3047 peccatore
1072 2978 1136 3045 poe-

100 3063 272 3130 nitentium
285 3065 432 3154 agente²,
447 3079 479 3132 et
497 3066 536 3132 de
556 3067 749 3154 profectibus
765 3065 931 3132 hominum
947 3066 1131 3155 gloriantur.

100 3171 164 3260 Ipsi
187 3173 277 3238 enim
301 3173 387 3240 velut
408 3177 667 3263 procurationem
689 3175 867 3240 animarum
889 3186 1069 3239 nostrarum
1090 3185 1140 3238 te-

103 3291 191 3356 nent,
212 3281 332 3367 quihus
347 3280 426 3346 dum
440 3281 547 3347 adhue
562 3279 683 3372 parvuli
699 3303 820 3356 sumus,
834 3280 919 3345 velut
935 3280 1091 3346 tutoribus
1105 3293 1137 3346 et

107 3389 278 3464 actoribus,
296 3389 527 3454 committimur
542 3413 642 3476 usque
658 3390 695 3453 ad
713 3390 904 3476 prefinitum
914 3400 1039 3479 tempus
1051 3414 1068 3453 a
1081 3389 1140 3454 Pe-

118 3493 188 3556 tre².
198 3497 239 3560 Et
256 3495 318 3583 ipsi
333 3518 410 3584 ergo
420 3519 507 3562 nunc
521 3497 562 3562 de
573 3496 717 3586 prolecta
734 3497 981 3584 uniuscujusque
997 3511 1143 3564 nostrum

114 3598 227 3679 dicunt,
241 3603 330 3683 Quia
341 3627 428 3670 nunc
441 3607 574 3694 cognovi
587 3604 659 3694 quia
675 3618 708 3670 tu
727 3606 817 3670 times
833 3606 946 3671 Deum.
962 3605 1059 3674 Verbi
1076 3631 1149 3672 cau-

107 3732 152 3785 sa,
164 3713 367 3801 propositum
382 3712 486 3780 habeo
497 3714 697 3802 martyrium,
713 3734 777 3778 non
790 3735 829 3777 ex
844 3713 907 3779 hoe
920 3714 1027 3780 dicere
1038 3714 1080 3778 nd
1093 3735 1145 3778 me

105 3817 242 3909 Angelus
261 3822 396 3912 poterit,
410 3821 493 3906 Quia
512 3845 599 3892 nuno
616 3822 749 3914 cognovi
764 3823 850 3910 quod
868 3834 904 3888 tu
915 3824 1141 3895 times-Deum

141 3949 228 4001 ¹Gen.
249 3969 314 4010 un,
331 3969 361 4002 ιο
371 3961 479 4018 etseqq.
493 3981 524 3992 -·
536 3953 547 3987 ²
560 3955 620 4002 Luc.
637 3969 678 4014 xv,
691 3969 728 4002 ro·
742 3981 774 3992 -ω
787 3951 797 3986 ⁸
810 3951 868 4006 (tat.
881 3969 915 4013 rr,
929 3969 952 4004 ι.
