2692 4610
383 291 415 338 ru
439 292 609 340 nnvrrrenu
631 295 760 340 nonanus
783 299 853 340 xm.
1073 285 1134 348 255

87 395 285 466 hominibus
301 399 418 466 Deum.
436 401 470 466 Si
486 426 561 491 ergo
580 405 730 472 intentius
745 405 967 474 Ecclesiastiea
986 413 1135 496 mysteria

88 510 291 583 recorderis.
307 511 341 574 in
355 509 404 576 his
421 533 492 598 quse
507 511 573 576 Lex
587 513 699 580 scribit
712 512 828 582 futurae
844 515 983 585 veritatis
999 517 1137 584 invenies

91 617 272 706 imaginem
287 619 526 707 praesormatnm
529 665 595 684 .....

197 728 519 816 «Etsuperponitur¹‚
530 730 651 814 inquit,
661 731 952 818 superpositionem
967 735 1039 800 thus
1048 759 1139 802 mun·

99 868 114 898 s
130 837 239 904 dum’.
252 868 264 900 s
278 839 395 906 Thuris
410 839 534 927 speeies
544 838 681 906 formam
698 852 783 906 tenet
797 844 986 910 orationum.
1002 844 1137 933 Oportet

99 971 178 1036 ergo
187 949 322 1036 panibus
334 947 410 1013 iidei
423 947 603 1013 orationum
611 947 802 1038 vigilantiam
814 953 1047 1041 puritatemque
1063 977 1137 1022 oon·

97 1060 242 1148 jungere.
258 1059 342 1123 Pura
357 1069 466 1122 autem
480 1058 579 1122 oratio
595 1073 654 1134 est,
668 1060 750 1125 sicut
760 1061 927 1148 Apostolus
944 1064 1020 1129 dicit
1032 1087 1040 1128 ε
1054 1065 1135 1130 «Le-
1220 1061 1226 1076 ‘

98 1198 113 1229 ι
131 1179 239 1234 rantes
254 1189 352 1254 puras
369 1189 482 1231 manus
497 1166 564 1232 sine
578 1168 623 1232 ire
639 1180 672 1234 et
688 1169 969 1257 disceptatione³.»
985 1173 1088 1240 Simul
1103 1189 1136 1244 et

94 1277 205 1342 odoris
221 1277 362 1340 suavitas
376 1274 592 1363 implerisaait
607 1275 685 1342 illud
701 1279 787 1364 quod
801 1281 954 1367 seriptum
968 1296 1016 1348 est
1032 1307 1067 1348 :a
1081 1286 1138 1352 Di·

97 1415 111 1446 ι
128 1387 251 1474 rigatur
262 1384 364 1451 oratio
379 1407 449 1468 φφ
464 1385 546 1451 sieut
558 1386 725 1452 incensum
740 1387 772 1451 in
789 1400 963 1476 conspectu
980 1391 1090 1456 tuot»
1106 1395 1138 1460 Si

102 1497 176 1584 quis
189 1520 265 1584 ergo
279 1497 437 1582 oratiam
445 1495 579 1580 quidem
595 1495 708 1562 offerat
721 1497 802 1571 Deo.
821 1520 886 1564 non
903 1511 1009 1566 tumen
1025 1502 1141 1568 habeat

106 1606 262 1670 mundam
278 1605 558 1688 cwimssb
570 1605 719 1692 operibus
731 1605 840 1680 melisa
855 1607 909 1673 hic
926 1609 998 1674 thus
1012 1611 1153 1698 quidem⁴

104 1716 231 1782 videtur
251 1716 385 1802 panibus
399 1736 627 1801 superponere.
643 1715 699 1779 sed
719 1738 784 1780 non
806 1717 930 1804 penitus
952 1722 1138 1787 mundum:

99 1847 178 1890 num
201 1824 227 1890 si
246 1822 439 1912 omnegtiups
458 1823 616 1888 mundum
638 1809 732 1898 esset,
754 1847 819 1888 non
844 1826 951 1913 utique
972 1829 1143 1898 addidisset

98 1931 285 2021 Scriptura,
296 1931 372 2006 thus
387 1931 546 1996 mundum
564 1953 660 2018 super
674 1953 771 2019 panes
787 1936 1010 2022 propositionis
1025 1961 1142 2027 ponen-

99 2041 182 2106 dum
193 2053 271 2107 ente
281 2041 464 2104 Dominum.
478 2039 544 2104 Nee
554 2039 639 2104 enim
652 2040 837 2126 potesquod
849 2044 1143 2134 omnipotensDeus

102 2154 171 2218 hoe
184 2151 369 2225 mandabat,
387 2160 419 2214 et
437 2148 500 2213 hoe
514 2145 582 2235 lege
599 2149 772 2240 sanciebat,
790 2162 824 2213 ut
841 2151 914 2216 thus
928 2154 957 2218 ei
973 2177 1011 2218 ex
1027 2159 1143 2223 Arabia

110 2260 298 2325 deferretur.
316 2259 378 2326 Sed
396 2260 523 2324 honest
540 2257 612 2322 thus
631 2259 717 2344 quod
732 2257 817 2323 Deus
832 2260 871 2324 ab
888 2261 1069 2329 hominihus
1085 2267 1144 2332 sibi

112 2369 231 2457 quaerit
241 2368 353 2444 offerri,
364 2391 405 2433 ex
416 2389 480 2455 quo
492 2367 575 2454 cupit
590 2367 723 2432 odorem
735 2368 896 2464 suavitatis
910 2392 918 2434 :
934 2355 1091 2439 orationes
1106 2397 1145 2440 ex

105 2477 209 2546 eorde
221 2500 314 2565 puro,
331 2489 363 2542 et
379 2477 572 2542 conscientia
588 2478 686 2549 hona,
703 2477 735 2541 in
752 2478 867 2563 quihus
885 2503 958 2544 vere
975 2481 1061 2547 Deus
1076 2507 1146 2549 sus-

101 2589 183 2676 cipit
193 2587 398 2676 sragrantiam
413 2585 573 2652 suavitatis
575 2629 713 2650 ..........
727 2611 740 2644 ι
754 2583 1008 2664 Testamentum,
1022 2591 1145 2677 inquit,

100 2727 116 2760 ι
130 2711 291 2763 aeternum
311 2697 371 2760 erit
386 2697 492 2760 Aaron
512 2707 544 2758 et
561 2692 632 2758 siliis
650 2693 733 2780 ejus,
751 2706 783 2758 et
801 2697 1043 2763 manducabunt
1061 2723 1097 2764 ea
1113 2702 1145 2765 in

104 2837 117 2868 s
133 2806 209 2873 loeo
227 2804 369 2871 saneto⁵.
387 2832 399 2865 ι
414 2807 520 2870 Aaron
535 2816 567 2868 et
585 2801 640 2867 filii
655 2804 725 2889 ejus
741 2825 840 2891 genus
860 2818 907 2868 est
922 2804 1074 2884 electum,
1090 2833 1145 2898 ge-

100 2941 164 2982 nus
187 2913 401 2990 sacerdotale,
426 2915 539 3000 quihus
561 2913 631 2977 haee
652 2911 756 2998 portio
771 2927 956 2978 sanctorum
978 2915 1146 2984 donatura

96 3029 190 3098 Deo;
209 3024 301 3112 quod
319 3046 429 3088 sumus
450 3021 630 3109 omnesqui
647 3021 853 3086 credimusin
870 3022 1006 3089 Christo.
1025 3027 1146 3093 Locum

98 3148 215 3200 antem
236 3145 385 3198 sanctum
401 3154 460 3220 ego
475 3131 509 3196 in
533 3129 623 3194 terris
640 3152 704 3195 non
726 3131 853 3217 requiro
875 3133 1026 3220 positum,
1044 3137 1146 3202 sedin

100 3243 216 3311 eorde.
235 3242 341 3308 Locus
357 3239 443 3308 enim
459 3241 575 3306 dieitur
592 3252 733 3313 sanctus,
750 3239 909 3306 rationalis
922 3243 1038 3316 anima,
1056 3268 1149 3334 prop·

105 3365 156 3416 ter
166 3351 256 3439 quod
267 3363 301 3414 et
309 3346 480 3437 Apostolus
492 3347 568 3412 dicit
580 3367 588 3410 :
601 3373 614 3406 ι
627 3343 731 3412 Nolite
742 3345 848 3412 locum
866 3350 941 3415 dare
957 3350 1113 3418 diebolo‘.
1129 3383 1143 3417 u

111 3462 223 3526 Anima
242 3481 322 3548 ergo
338 3479 409 3523 mea
429 3455 518 3520 iocus
536 3466 598 3529 est,
614 3455 639 3519 si
660 3453 742 3520 mele
763 3477 837 3543 ago,
858 3456 990 3532 diaboii;
1012 3461 1037 3525 si
1052 3462 1150 3537 hene,
1202 3456 1214 3470 '

111 3569 179 3634 Dei.
195 3569 339 3655 Denique
354 3579 387 3632 et
402 3565 531 3653 spiritus
547 3562 704 3653 malignus
720 3587 833 3640 «eum,
848 3568 970 3651 inquit,
986 3570 1098 3635 exierit
1109 3573 1151 3636 ab

141 3759 149 3790 ¹
162 3757 196 3807 Ν.
211 3761 235 3814 5,
248 3757 271 3804 6.
281 3774 309 3821 p.
325 3758 383 3820 ²⁵7·

139 3843 242 3893 ²Levit.
258 3859 326 3901 xxiv,
337 3859 362 3906 7.
378 3839 428 3878 -3
443 3857 453 3886 1
469 3839 539 3887 'sirm
551 3857 580 3899 u,
590 3841 613 3887 8.
624 3867 654 3877 -
666 3838 676 3872 ⁴
690 3838 756 3888 Puni.
770 3855 836 3898 exus,
850 3857 869 3889 a.
884 3869 913 3877 -
926 3839 935 3871 ⁵
948 3840 1027 3890 Lavit,
1041 3857 1109 3902 mv,
1121 3844 1147 3898 θ,

106 3935 171 3982 9.-
182 3916 193 3950 ¹
204 3917 297 3982 Epiros.
314 3932 351 3974 rr,
364 3931 404 3978 η.
