2744 4600
341 319 373 361 rrr
398 319 535 360 nouenos
559 317 686 362 nouum
712 321 807 362 xxvrr.
1023 299 1085 375 545

92 439 238 506 custodiens
265 437 410 526 parvulos
437 438 603 512 Dominus,
622 451 654 502 et
676 439 813 506 enutriat
840 433 909 512 nos,
935 451 1030 526 atque
1053 439 1085 507 iu

91 572 238 616 mensuram
253 549 352 612 aetatis
367 547 521 632 adducat.¹
536 547 710 635 Utrumque
726 548 811 612 enim
827 548 859 612 iu
874 548 965 614 nobis
977 564 1035 624 ost,
1050 561 1085 612 ut

89 683 122 726 cx
134 657 244 724 infirmis
260 657 298 722 ad
314 657 493 730 sanitatem.
513 669 545 724 et
559 681 598 724 cx
617 655 752 745 parvulis
768 641 808 724 ad
822 669 947 724 aetatem
964 656 1085 724 virilem

90 769 227 864 pervenire
240 766 402 855 possimus.
419 767 455 830 ln
471 766 561 832 nobis
575 791 651 854 ergo
667 779 727 841 est,
740 766 808 832 haec
824 791 842 833 a
859 766 926 832 Deo
941 775 1082 855 poscere.

90 881 140 950 Dei
152 890 239 944 autem
253 889 300 942 est
314 878 493 964 petentibus
513 877 601 953 dare,
617 890 649 942 et
662 877 859 966 pulsantibus
875 879 1007 966 aperire.
1023 877 1087 944 Sed

89 991 153 1054 satis
165 963 257 1060 sitista
272 987 423 1076 prrosatio.
1075 1054 1077 1062 η

129 1099 205 1166 Nunc
220 1100 283 1185 jam
297 1098 338 1162 ad
360 1096 505 1164 lectionis
521 1099 618 1186 ipsius
634 1123 704 1186 qum
721 1101 848 1166 recitate
864 1115 912 1170 cst
927 1101 1088 1166 veniamus

83 1210 238 1284 exordium,
258 1221 305 1282 ut,
334 1209 461 1293 juvante
485 1209 635 1284 Domino,
662 1231 790 1278 sensum
816 1235 941 1304 quoque
960 1235 1086 1285 corum.

82 1318 258 1382 etiamsinon
274 1315 316 1380 ad
330 1312 499 1402 liquidum,
513 1317 695 1380 summatim
706 1327 811 1384 tomen
828 1315 975 1406 colligere
990 1329 1022 1382 et
1037 1341 1088 1384 ero

84 1427 187 1513 plicare
201 1427 360 1513 possimus.
375 1426 427 1492 nir
443 1445 539 1514 ergot
559 1449 572 1488 a
588 1427 642 1492 Hae
660 1402 732 1492 suist
751 1409 939 1495 mansiones
949 1425 1086 1492 filiorum

86 1563 98 1596 s
111 1534 252 1610 tenetes
266 1560 325 1624 quo
340 1538 485 1602 exierunt
499 1536 538 1604 de
557 1549 640 1602 terre
657 1535 783 1626 AEgypti
800 1561 873 1604 oum
888 1539 1004 1603 virtute
1018 1562 1087 1614 sua,

85 1673 96 1704 ι
111 1644 139 1708 in
153 1667 236 1711 manu
251 1645 347 1734 lloysi
363 1658 395 1710 et
412 1648 527 1714 Aaron.
545 1647 583 1712 Et
598 1649 721 1736 scripsit
736 1647 859 1736 Moyses
878 1648 1087 1736 profectiones

82 1777 202 1822 »eorum
222 1767 252 1820 et
270 1757 447 1822 mansiones
469 1780 526 1846 per
550 1760 681 1825 verbum
704 1757 866 1833 Domini¹,
881 1787 893 1820 r
907 1769 939 1824 et
959 1767 1082 1823 caetera.

75 1867 203 1934 Audistis
214 1867 284 1954 quia
300 1867 424 1956 scripsit
445 1867 512 1935 lsaec
529 1867 651 1956 Moyses
671 1893 726 1958 per
747 1870 878 1937 verbum
895 1867 1031 1934 Domini.
1047 1868 1088 1933 Et

70 1978 144 2068 quid
155 1975 247 2046 voluit
256 1977 413 2044 Dominus
423 1979 492 2046 hmc
504 1979 624 2047 scribit
637 1992 672 2043 ut
687 1979 851 2068 prodesset
864 1977 953 2044 nobis
968 1976 1087 2065 aliquid

69 2089 215 2177 scriptura
231 2089 301 2154 haec
316 2089 514 2162 mansionum
527 2113 604 2176 quas
616 2065 763 2159 iecerunt¹
775 2087 831 2154 filii
846 2085 954 2158 lsrael.
967 2099 1023 2154 aut
1038 2087 1087 2154 ni·

67 2199 112 2266 lril
128 2199 305 2287 prodesset?
320 2201 360 2266 Et
374 2201 443 2287 quis
466 2199 581 2267 audeat
591 2201 710 2274 dicere.
727 2199 813 2287 quod
823 2223 862 2264 eo
872 2223 1010 2286 qum-per
1022 2221 1087 2262 ver-

68 2313 145 2374 bum
160 2307 279 2374 Domini
296 2311 478 2374 scribuntur
494 2306 570 2372 nihil
583 2306 724 2374 utilitatis
740 2309 892 2383 habeant,
903 2329 964 2380 nec
976 2304 1085 2375 salutis

59 2416 181 2504 aliquid
192 2417 366 2491 conserant,
381 2418 439 2484 sed
454 2415 552 2482 solam
562 2435 631 2483 rem
643 2429 764 2505 gestam
774 2427 915 2489 narrent,
928 2435 997 2500 quse
1009 2426 1086 2481 tuno

56 2529 189 2619 quidem
201 2529 399 2617 praeterierit,
413 2551 500 2594 nunc
515 2541 623 2594 autem
636 2526 715 2594 nihil
736 2527 777 2594 ad
798 2549 856 2592 nos
872 2526 993 2612 exejus
1009 2523 1087 2592 rela-

54 2641 145 2712 tione
161 2636 345 2726 pervenisti
364 2637 463 2726 Impia
477 2637 547 2706 haec
563 2650 597 2702 et
610 2635 710 2703 aliena
731 2660 749 2700 n
765 2633 919 2702 catholica
936 2632 998 2698 lide
1014 2656 1086 2702 sen·-

51 2749 154 2816 sentia
170 2759 232 2820 est.
245 2759 399 2812 eteorum
412 2746 632 2814 tantummodo
644 2746 697 2832 qui
713 2743 834 2833 legisct
842 2739 1084 2832 Evangelioruto

51 2869 172 2944 nogant
193 2880 294 2922 unum
310 2853 412 2922 solum
431 2857 604 2944 sapientem
619 2879 687 2922 esse
702 2858 806 2924 Deum
822 2867 942 2942 patrem
958 2853 1084 2930 Domini

49 2968 153 3032 nostri
177 2967 258 3034 Jesu
277 2965 402 3032 Christi.
426 2966 513 3045 Quid
534 2990 609 3055 ergo
631 2968 670 3032 sle
693 2967 729 3031 iis
748 2965 963 3036 mansionibus
983 2961 1084 3060 fidelis

45 3075 171 3140 sentire
189 3073 306 3139 debeat
321 3071 511 3148 intellectus.
534 3075 714 3141 summatim
738 3073 849 3163 (prout
863 3085 988 3160 tempus
1003 3071 1085 3160 pati-

39 3187 120 3273 tur)
141 3195 342 3270 pertrectare
359 3194 526 3250 tentemus.
546 3181 697 3271 Superior
707 3182 978 3270 disputatio.-cum
993 3180 1083 3247 uobis

33 3296 259 3360 occasionem
275 3293 400 3359 dicendi
417 3293 456 3356 dc
472 3290 666 3380 proiectione
679 3290 816 3356 filiorum
828 3289 923 3356 lsrael
935 3313 974 3357 cx
983 3287 1084 3378 AEgy·

31 3415 102 3492 pto
114 3404 323 3490 praebuisset.
335 3401 504 3492 dupliciter
516 3398 759 3508 diximup'lideri
777 3424 869 3490 posse
883 3397 1084 3490 spiritualiter

26 3513 132 3578 exire
149 3535 414 3600 unumquemque
425 3511 465 3579 de
475 3507 766 3600 AEgyptoffclcum
779 3503 989 3598 relinquentes
1001 3506 1083 3577 Gen·

26 3622 132 3691 tilcm
148 3623 255 3690 vitam
267 3623 307 3688 ad
322 3622 513 3710 agnitionem
527 3621 641 3691 divinar
653 3620 729 3710 legis
744 3619 937 3694 accedimus.
951 3617 999 3684 vel
1008 3637 1083 3684 cum

26 3734 145 3800 mima
161 3731 210 3798 de
223 3732 369 3820 corporis
382 3731 478 3818 hujus
490 3731 682 3802 habitatione
695 3731 838 3799 discedit.
853 3730 903 3828 rid
914 3743 1084 3813 utrumque

26 3868 103 3934 ergo
123 3846 210 3912 istae
227 3845 422 3938 mansiones,
441 3867 518 3932 quas
538 3867 623 3910 nunc
638 3868 695 3933 per
711 3845 842 3910 verbum
857 3841 983 3910 Domini
997 3837 1085 3922 Moy·

51 3973 61 4003 ¹
77 3970 173 4020 Num.
191 3987 291 4031 mur,
308 3988 328 4032 r,
341 3987 362 4021 a.

178 4079 229 4120 rx.
547 4121 550 4128 ,
934 4057 977 4120 35
