2706 4624
360 289 391 331 rr
416 290 557 334 uuuraos
581 291 711 336 norma
736 294 777 335 rr.
1026 275 1094 362 509

77 403 142 466 dant
162 401 199 468 iis
221 405 276 490 qui
292 401 367 469 soris
382 417 469 482 sunt,
485 418 518 472 et
535 430 606 494 quae
621 419 725 496 potest
740 403 852 496 vulgus
868 409 991 482 audire,
1007 408 1090 473 foras

73 511 168 577 dieitur
177 513 289 590 exisse,
305 525 338 579 et
353 513 441 603 ioqui
456 517 496 582 ad
512 516 666 606 populum
681 519 779 584 verba
795 517 934 584 Domini.
955 519 1026 584 Hoe
1042 519 1091 582 vi-

72 623 116 688 deo
129 634 159 687 et
172 621 306 688 Paulum
317 621 443 701 iecisse,
454 633 487 691 et
499 627 584 692 intus
596 628 726 715 quidem
738 627 847 703 fuisse,
860 651 936 694 eum
949 629 1089 694 diceret:

76 733 277 821 ‹Sapientiam
300 745 408 800 autem
428 735 589 824 loquimur
606 739 688 803 inter
708 736 885 827 periectos,
905 737 1094 828 sapientiam

70 857 184 910 »autem
200 867 267 909 non
281 845 378 932 hujus
392 847 518 922 mundi,
533 871 638 937 neque
654 848 836 937 principum
854 846 1092 935 hujusmundi,

70 956 134 1042 aqui
145 955 357 1020 destruentur.
369 955 435 1022 Sed
446 934 607 1046 loquimur
617 959 675 1024 Dei
688 958 875 1047 sapientiam
893 957 925 1023 in
941 957 1092 1045 mysterio

71 1066 312 1140 sabsoonditam,
328 1089 425 1152 quam
440 1091 536 1133 nemo
547 1069 729 1157 principum
742 1068 838 1157 hujus
853 1065 966 1133 mundi
977 1089 1093 1156 eogno-

74 1175 156 1240 »rut
175 1174 298 1242 ‚Vides
319 1175 481 1263 quomodo
498 1177 583 1244 intus
598 1190 658 1254 est,
675 1190 709 1244 et
729 1179 852 1243 interna
868 1189 963 1264 atque
978 1199 1094 1243 aroana

73 1281 166 1349 dirinae
181 1283 344 1372 snpientiae
368 1296 514 1372 penetrat
528 1285 658 1362 Paulus,
673 1307 748 1354 oum
763 1285 833 1352 haeo
845 1285 994 1375 loquitur.
1009 1285 1093 1351 Cum

76 1404 161 1459 sutem
179 1393 327 1482 prooedit
342 1392 383 1459 ad
398 1393 565 1483 populum,
584 1397 658 1462 audi
674 1396 748 1485 quid
771 1395 911 1484 loquitur
927 1420 935 1460 :
953 1421 967 1455 s
982 1394 1094 1460 Omnis

77 1526 183 1568 ‚sermo
193 1501 297 1569 maius
308 1501 349 1569 de
360 1525 415 1568 ore
428 1516 532 1570 rostro
544 1527 608 1570 nen
622 1505 812 1593 proeedst²3
827 1521 877 1570 et:
893 1505 958 1585 Qui
972 1503 1096 1570 iuraba-

77 1621 151 1687 »tur,
162 1614 222 1700 jam
234 1636 301 1678 non
313 1611 455 1678 iuretur‘
463 1637 472 1686 ς
488 1630 544 1679 et:
561 1613 784 1704 Unusquisque
798 1615 843 1680 rir
858 1635 988 1680 uxorem
1004 1637 1098 1680 susm-

84 1718 232 1796 »babeat¹;
248 1738 302 1788 et:
319 1720 540 1810 Unusquisque
555 1725 736 1813 proximum
754 1745 848 1788 suum
860 1723 941 1788 siout
956 1723 1095 1812 seipsum

86 1830 209 1922 »diligat
218 1857 227 1908 ς
247 1849 278 1898 st
293 1855 306 1898 .·
329 1830 531 1919 Unaquzeque
546 1831 661 1898 mulier
676 1834 779 1899 airum
794 1856 887 1900 suum
903 1832 1019 1900 habeat
1031 1832 1052 1897 ⁶.
1075 1861 1093 1893 s

88 1941 145 2008 ttae
160 1955 190 2008 et
206 1945 229 2008 si
248 1966 310 2030 qua
331 1941 516 2030 hujusmodi
533 1956 621 2019 sunt,
642 1943 771 2020 Penius,
788 1943 963 2012 seeundum
978 1943 1098 2032 Moysis

89 2049 198 2118 formam
210 2055 287 2120 ieras
298 2053 418 2128 exiens,
435 2053 476 2118 ad
489 2053 644 2144 populum
657 2052 817 2144 loquitur.

127 2159 183 2226 Sed
201 2164 347 2228 rideamus
374 2175 408 2228 et
435 2162 522 2228 aliud
545 2178 654 2253 caput,
683 2165 716 2230 in
748 2187 812 2253 quo
848 2165 984 2230 refertur
1008 2164 1094 2254 quod

102 2269 265 2356 septuaginta
280 2249 355 2338 viros
368 2269 502 2361 elegerit
523 2271 646 2360 Moyses
673 2297 713 2338 ex
732 2273 909 2339 senioribus
932 2272 1039 2363 populi
1061 2285 1094 2338 et

98 2373 220 2443 babuerit
241 2403 291 2446 eos
311 2395 381 2448 rute
405 2382 650 2450 tabernaculmn
670 2385 858 2458 testimonii,
875 2395 907 2448 et
926 2384 964 2449 de
981 2384 1095 2472 spiritu

90 2482 175 2573 Moysi
190 2491 334 2579 recipiens
355 2493 441 2558 Deus
463 2492 588 2559 dederit
606 2493 803 2584 septuaginta'
821 2494 1013 2570 senioribus,
1029 2521 1042 2554 a
1064 2507 1097 2559 et

86 2616 169 2662 rcum
182 2602 391 2690 requievisset,
408 2604 532 2690 inquit,
551 2626 648 2692 super
662 2625 717 2668 eos
731 2603 872 2694 spiritus,
885 2603 1097 2694 prophetave-

86 2719 166 2772 »mut
174 2732 279 2776 omnes
287 2707 309 2776 ².
322 2738 336 2772 s
349 2711 446 2790 Quod
458 2711 549 2788 dixit,
561 2712 634 2800 quia
647 2734 810 2778 assumens
822 2711 862 2777 de
873 2713 984 2800 spiritu
996 2709 1098 2801 Moysi

83 2816 151 2884 dedit
160 2821 539 2912 septuagintasenioribus
550 2824 784 2912 spiritum,non
794 2822 836 2887 ita
846 2821 1098 2911 inteiligasqunsi
1187 2856 1191 2864 =

77 2931 254 3004 materialem
278 2930 416 3020 aliquam
439 2955 690 3023 corporeamque
718 2933 929 2998 substantiam
952 2932 1098 2998 auferens

74 3035 147 3106 Deus
161 3065 178 3106 a
192 3040 317 3130 Moyse,
329 3041 363 3106 in
377 3043 574 3132 septuaginta
590 3043 726 3109 secuerit
737 3043 913 3133 portiones,
926 3053 958 3108 et
970 3043 1012 3108 ita
1024 3043 1098 3107 uni—

75 3149 177 3237 cuique
191 3152 356 3218 seniorum
371 3151 518 3240 exiguam
532 3151 721 3242 particulam
743 3151 876 3218 dederit.
898 3153 1035 3241 impium
1046 3165 1102 3228 ‚est

68 3258 101 3324 ita
115 3260 292 3352 intelligere
306 3273 462 3338 naturam,
471 3261 607 3352 Spiritus
622 3263 735 3328 macti.
750 3261 815 3328 Sed
825 3264 889 3329 hoo
900 3263 998 3328 modo
1013 3262 1098 3352 figu-

66 3389 125 3434 ram
136 3369 268 3460 mystici
283 3369 379 3458 hujus
393 3371 549 3438 sermonis
564 3371 707 3448 ddverte,
719 3371 809 3460 quasi
817 3370 997 3460 Moyses,et
1007 3372 1099 3461 spiri·
1141 3403 1143 3412 v

68 3488 110 3543 tus
121 3481 174 3568 qui
187 3493 260 3546 erat
273 3479 306 3544 in
317 3479 438 3569 Moyse,
446 3479 612 3549 clarissimi
623 3481 792 3570 eujusdam
803 3481 931 3548 luminis
943 3481 1038 3548 fuerit
1050 3480 1101 3547 lu-
1125 3544 1130 3568 ,
1154 3557 1157 3566 Ι

65 3611 162 3668 uerna,
182 3615 223 3656 ex
240 3611 306 3678 qua
323 3589 400 3657 alias
417 3592 615 3680 septuaginta
636 3590 782 3658 lucernas
800 3591 983 3660 accenderit
998 3593 1098 3669 Deus,

68 3699 99 3764 ad
109 3725 188 3789 quas
201 3703 247 3768 ita
263 3700 446 3791 principalis
461 3700 544 3770 illius
559 3701 687 3769 luminis
699 3701 849 3792 splendor
863 3705 1053 3795 persensiit,
1068 3715 1103 3767 ut

88 3861 95 3892 ¹
110 3878 116 3908 ι
129 3863 191 3910 Cor.
205 3879 236 3920 ιι,
250 3859 268 3908 6
280 3869 305 3910 et
316 3879 387 3929 seqq.
402 3863 454 3904 ν’
470 3863 563 3929 Ephes.
578 3883 612 3923 ιν,
630 3883 668 3930 ²9·
682 3865 729 3902 -·⁸
746 3862 813 3914 ibid.
827 3857 867 3916 aa.
884 3895 914 3904 -
930 3865 939 3900 ἢ
955 3885 964 3915 ι
983 3865 1041 3916 Cur.
1056 3880 1100 3921 ΠΙ,

62 3949 78 3980 r.
89 3963 117 3974 -
127 3937 137 3969 ὅ
149 3939 220 4002 Eph.
233 3953 261 3996 v,
277 3937 316 3987 53.
327 3967 358 3978 -
371 3939 380 3973 ⁶
395 3939 475 3990 anr.
489 3955 533 3998 ru,
547 3956 568 3988 a.
583 3967 613 3978 -
624 3939 634 3974 ¹
645 3941 722 3990 Mum.
738 3957 775 4000 rr,
793 3943 832 3989 25.
