2660 4610
208 289 272 368 454
659 308 802 352 oniensis
842 279 846 288 ’

208 431 245 494 tis
269 441 335 503 est,
356 441 389 494 ct
404 426 514 516 Augeli
536 427 740 494 nihilomiuus
757 429 901 495 coelestes
924 433 1148 504 nominantur,
1170 431 1242 496 nihil

206 538 369 612 dissonans
380 536 549 616 videbitur,
563 536 588 600 si
601 536 633 600 hi
646 537 699 622 qui
712 535 857 602 similiter
869 549 904 603 ut
916 539 980 624 ipsa
993 537 1143 603 coelestes
1158 551 1243 612 suut,

206 647 247 711 eb
270 669 307 710 ea
330 643 386 709 filii
407 644 516 709 matris
539 642 746 731 appellantur.
774 645 1004 732 superomnia
1034 657 1147 711 autem
1173 669 1243 710 oon-

205 775 319 840 gruum
335 751 494 816 videbitur
507 763 538 814 et
554 751 766 825 conveniens,
791 752 826 815 ut
846 752 962 838 quibus
985 776 1072 816 unus
1096 765 1147 818 est
1166 765 1244 840 pater

204 860 310 934 Deus,
332 882 394 922 una
415 859 454 922 sit
473 868 506 921 et
524 856 721 922 Hierusalem
738 869 849 922 mater.
870 858 966 937 Quod
984 882 1062 924 vero
1078 860 1128 924 ait
1147 883 1154 923 :
1176 859 1243 925 «Vi-

204 989 318 1032 »ueam
340 987 444 1028 meam
463 987 528 1028 non
548 963 700 1031 custodivi
716 962 741 1038 ¹,
758 991 772 1024 r
791 965 933 1028 instituta
955 963 1010 1030 illa
1031 989 1074 1031 ac
1097 989 1201 1032 mores
1215 978 1240 1029 et

200 1072 399 1165 propositum
418 1072 451 1136 in
472 1094 534 1158 quo
555 1073 765 1136 exercebatur
781 1071 959 1134 seeundum
980 1084 1134 1137 veterem
1152 1073 1240 1138 homi-
1317 1114 1318 1161 g

202 1205 275 1248 nem
292 1181 418 1254 vivens,
435 1171 575 1243 indicare
591 1177 714 1242 videtur
725 1176 927 1242 laudabiliter
942 1201 961 1240 a
975 1201 1012 1242 se
1027 1203 1102 1244 non
1113 1202 1238 1245 esseser·
1313 1202 1316 1280 j

200 1301 279 1356 vata.
304 1290 351 1352 Ex
371 1309 435 1373 quo
453 1295 558 1350 autem
579 1285 737 1372 adjutorio
749 1283 946 1371 Angelorum
965 1285 1159 1362 dimicavit,
1177 1287 1236 1352 risit
1322 1299 1323 1366 l

200 1421 237 1468 ao
260 1396 384 1485 penitus
406 1416 475 1458 ase
496 1391 644 1479 effugavit
667 1403 806 1456 veterem
828 1389 992 1456 hominem
1018 1415 1103 1458 eum
1133 1395 1234 1459 actilm

199 1506 284 1580 suis,
307 1502 541 1587 constitutaque
561 1510 610 1564 est
629 1501 669 1564 ab
688 1500 733 1564 eis
754 1499 916 1564 vinearum
939 1511 1078 1575 eustos,
1102 1523 1233 1566 sensuum
1315 1506 1316 1514 ’

197 1610 317 1676 scilicet
339 1620 371 1671 et
393 1607 577 1694 dogmatum
600 1603 785 1670 divinorum
803 1625 842 1666 ex
865 1601 982 1690 quihus
1012 1605 1122 1691 possit
1144 1607 1230 1674 riuum

198 1718 328 1789 bibere,
346 1713 430 1802 quod
447 1711 586 1777 laetificet
602 1735 658 1776 cor
671 1715 753 1799 ejus.

246 1853 262 1884 a
278 1823 446 1890 Annuucia
461 1822 537 1886 mihi
560 1843 654 1908 quem
677 1819 784 1885 dilexit
800 1821 904 1886 anima
925 1845 1025 1897 mea,
1048 1824 1107 1888 ubi
1126 1823 1220 1911 pasci,

196 1933 273 1998 rubi
290 1928 395 1996 cultile
417 1928 514 1994 habos
533 1928 566 1992 in
587 1928 736 2002 meridie,
757 1951 797 1992 ne
820 1928 901 1992 sorte
922 1929 1052 1996 efficiar
1070 1929 1215 1996 sicotHo-

195 2053 306 2129 »perta
328 2061 422 2125 super
445 2059 553 2124 greges
577 2033 732 2100 sodalium
755 2046 883 2100 tuorum
898 2033 921 2098 ².
948 2063 961 2096 s
984 2037 1110 2104 Adhuc
1128 2059 1214 2124 sponsa

195 2149 334 2236 loquitur
346 2147 442 2212 etiam
457 2144 546 2220 haee,
562 2143 619 2206 sed
634 2144 675 2208 ed
690 2165 857 2230 sponsum,
880 2155 912 2208 et
931 2167 999 2208 non
1018 2147 1091 2234 jam
1107 2145 1144 2210 ad
1156 2143 1220 2209 filias

195 2253 402 2322 Hierusalem.
422 2253 521 2339 lgitur
537 2251 576 2314 ab
596 2250 687 2314 initio
703 2250 756 2314 ubi
777 2250 820 2314 ait
839 2274 847 2314 ε
870 2251 1039 2317 Oseulelur
1055 2277 1123 2328 me,
1142 2273 1218 2338 usqoe

194 2364 337 2430 adhunc
351 2359 460 2425 locum
478 2381 486 2422 t
504 2357 602 2442 Super
618 2379 725 2444 greges
740 2357 908 2433 sodalium,
926 2373 1048 2426 cuncta
1068 2385 1138 2448 quae
1150 2360 1224 2425 dicta

194 2480 284 2542 sunt,
307 2465 400 2530 verba
421 2474 495 2529 sunt
515 2485 647 2549 sponsae.
666 2462 729 2528 Sed
748 2463 850 2550 primo
866 2486 971 2528 sermo
986 2466 1062 2552 ejus
1080 2467 1121 2532 ad
1135 2467 1227 2531 Deum

132 2583 135 2590 ’
193 2572 294 2639 factus
309 2581 375 2642 est,
392 2567 532 2633 seeundo
547 2566 588 2630 ad
603 2587 772 2653 sponsum,
790 2568 885 2630 tertio
899 2569 939 2634 ad
956 2567 1226 2636 adolescentulas:

193 2681 275 2744 inter
292 2701 369 2764 quas
388 2687 421 2739 et
442 2696 592 2760 sponsum
611 2672 716 2739 media
736 2674 899 2760 quaedam,
921 2687 953 2739 et
976 2689 1011 2739 ut
1029 2701 1064 2740 se
1090 2678 1230 2744 dramatis

192 2783 289 2870 hujus
316 2779 434 2868 species
460 2778 556 2842 habet
584 2777 673 2864 quasi
698 2778 904 2842 mesochorus
926 2778 1064 2854 effecta,
1090 2805 1172 2846 nunc
1191 2780 1230 2844 ad

194 2889 316 2976 ipsum,
333 2909 418 2950 nuno
433 2885 527 2950 etiam
539 2883 581 2948 ad
593 2881 671 2948 lilius
683 2882 880 2948 Hierusalem
896 2887 1116 2973 respondens,
1134 2889 1231 2976 dirigit

195 2992 301 3056 verba.
321 2990 385 3054 Hos
400 3011 475 3074 ergo
496 3009 583 3051 nuno
603 2985 730 3050 ultimos
749 3011 910 3052 sermones
931 3011 1005 3053 suos
1024 2991 1064 3054 ad
1086 3015 1229 3078 sponsum

194 3097 289 3169 lacit,
307 3093 468 3180 requirens
481 3091 520 3156 ab
533 3114 572 3155 eo
588 3090 642 3156 ubi
654 3100 763 3176 pascat
773 3091 807 3155 in
819 3091 972 3166 meridie,
986 3104 1020 3156 et
1033 3094 1090 3157 ubi
1104 3093 1232 3158 collocet
1310 3093 1323 3181 d

197 3221 343 3292 gregem,
365 3219 474 3262 verens
492 3218 532 3260 ne
554 3195 630 3260 dum
647 3195 779 3282 requirit
793 3218 889 3271 eum,
905 3197 1048 3263 incurrat
1064 3200 1098 3263 iu
1116 3225 1152 3266 ea
1166 3200 1228 3265 loct
1303 3235 1311 3299 g

198 3304 253 3367 ubi
276 3298 398 3367 sodales
420 3300 525 3387 spousi
548 3298 752 3392 locatos'per
774 3301 939 3366 meridiem
963 3325 1075 3389 greges
1099 3317 1227 3368 serrant.
1307 3337 1312 3417 ¹

199 3399 384 3478 Ostenditur
404 3420 509 3472 autem
525 3430 582 3494 per
603 3406 671 3471 haec
691 3407 764 3494 quia
782 3430 915 3494 sponsus
936 3408 988 3474 hic
1011 3410 1110 3474 etiam
1131 3423 1230 3498 pastor
1301 3435 1315 3553 g

198 3521 248 3586 sit.
267 3518 303 3582 lu
319 3514 533 3603 superioribus
547 3525 654 3578 autem
670 3513 881 3580 didiceramus
892 3537 968 3580 eum
979 3539 1048 3580 esse
1060 3529 1094 3580 et
1109 3541 1225 3605 regem,
1322 3507 1323 3586 l

199 3649 257 3717 pro
273 3646 312 3689 eo
327 3621 393 3687 sine
409 3620 506 3686 dubio
522 3621 606 3707 quod
622 3620 765 3686 homines
781 3634 869 3710 regat
887 3645 894 3686 :
912 3633 1071 3710 pastorem
1091 3647 1166 3688 sero
1179 3647 1226 3714 pm
1302 3585 1310 3709 l

197 3730 338 3819 eoquod
354 3751 426 3794 oves
441 3739 549 3816 pascat
568 3750 576 3792 ε
596 3751 745 3816 sponsum
762 3741 866 3795 autem
882 3751 942 3818 pro
957 3754 996 3795 eo
1012 3731 1101 3817 quod
1121 3731 1227 3797 habeat
1309 3710 1313 3773 l

1302 3851 1307 3889 l

237 3850 445 3939 semiie—
462 3876 585 3938 mntem.
1322 3907 1323 3964 g
