2744 4624
423 317 455 360 tn
479 312 613 362 onnntnr
634 307 764 360 nostrus
789 317 824 358 rr.
1102 303 1139 366 ro

111 451 166 515 est,
181 435 239 504 sod
258 434 475 522 unusquisque
492 434 524 498 in
542 452 599 498 suo
613 431 735 498 ordine.
751 433 790 498 lli
805 434 934 522 quidem
951 437 1004 524 qui
1020 459 1077 526 per
1091 458 1143 503 m·

112 546 293 616 tionnhilem
310 545 478 614 seientiam
495 543 615 618 vivunt,
631 557 662 608 et
685 544 792 609 idonei
808 559 882 610 sunt
901 569 964 612 non
980 548 1084 614 solnm
1098 573 1146 615 se·
1210 549 1221 565 ⁶

110 660 260 748 metipsos
280 675 406 746 regere,
420 655 476 722 sod
492 667 523 720 et
539 653 617 720 elios
632 654 762 731 dooere,
778 657 928 742 quoniam
944 657 1034 725 valde
1050 663 1143 750 pnuei

112 770 326 842 inveniuntur,
344 783 522 855 pnneornm
533 767 587 854 qui
603 779 678 831 oum
692 763 761 853 ipso
774 763 841 832 Noe
852 765 1012 834 salvantur
1022 783 1054 836 et
1069 795 1145 860 pro-

114 879 193 945 xime
212 879 240 944 ei
257 875 494 966 propinquitate
509 876 699 964 junguntur,
716 887 826 942 tenent
842 877 998 966 ligurem:
1017 882 1099 948 siout
1113 893 1146 948 et

114 988 264 1054 Dominus
278 997 387 1054 notter
411 1005 504 1050 verus
527 983 605 1060 No'e',
624 983 769 1050 Christus
790 986 895 1062 lesus,
911 1011 1029 1077 pnueos
1049 993 1145 1059 hehet

113 1098 286 1187 proximos,
302 1113 423 1184 poueos
438 1091 521 1161 illios
535 1104 568 1158 et
588 1093 795 1181 propinquos,
808 1096 863 1183 qui
878 1099 965 1163 verhi
982 1100 1052 1187 ejus
1069 1125 1144 1190 pnr-

113 1206 224 1294 ticipes
241 1205 317 1280 sint,
334 1215 367 1268 et
382 1201 544 1291 sapientise
560 1223 701 1291 eopooes.
721 1205 762 1268 lit
780 1205 801 1270 ii
815 1217 888 1272 sunt
902 1209 956 1295 qui
973 1209 1005 1275 in
1020 1233 1146 1277 summo

115 1315 215 1405 gradu
230 1313 326 1403 positi
341 1324 427 1386 sunt,
443 1323 476 1377 et
498 1313 530 1377 in
547 1312 728 1380 summitate
744 1335 826 1380 orote
844 1316 1052 1386 collocuntur.
1077 1321 1148 1389 Cae-

114 1437 221 1492 terum
241 1423 415 1490 multitudo
433 1419 665 1490 irrationalium
685 1421 880 1500 animalium,
897 1425 947 1491 vel
964 1429 1061 1494 etiem
1075 1431 1149 1497 hes-

120 1535 254 1608 tiae-nm,
275 1534 309 1597 in
332 1532 528 1600 inferioribus
547 1529 627 1598 lonis
648 1531 798 1608 hebetur,
821 1545 852 1600 et
876 1557 989 1603 eorum
1012 1541 1147 1608 maxime

121 1665 258 1730 quornm
276 1642 402 1708 feritatis
421 1645 571 1709 soevitiam
588 1663 649 1708 neo
668 1642 743 1708 fidei
764 1643 902 1712 dulcedo
919 1647 1062 1718 mollivit.
1082 1651 1147 1718 Su-

114 1754 255 1842 periores
286 1775 360 1818 vero
384 1752 580 1842 aliquantulo
606 1751 647 1819 nh
672 1753 721 1819 his
748 1768 821 1820 sunt
851 1758 918 1844 qui,
945 1757 1020 1826 lieet
1042 1765 1147 1830 minus

112 1865 254 1938 rationis.
271 1863 444 1953 plurimum
462 1877 572 1930 tomen
583 1861 791 1952 simplicitatis
806 1863 1059 1961 innocentioque
1075 1897 1148 1941 cus-

112 1975 249 2040 todiunt.
265 1978 306 2041 Et
317 1973 362 2040 sio
372 1999 433 2064 per
446 1973 585 2063 singulos
600 1972 834 2042 habitationum
850 1979 965 2067 gradus
977 1986 1149 2052 escenden-

113 2089 198 2154 tibus
216 2089 402 2176 pervenitur
420 2087 462 2152 ed
481 2087 584 2174 ipsum
604 2086 753 2174 N'o‘e’ssqui
769 2089 995 2178 interpretetur
1009 2097 1147 2186 requies,

118 2197 166 2264 rel
179 2199 295 2286 justus,
307 2197 362 2286 qui
375 2205 423 2262 est
438 2196 530 2261 lesus
543 2195 699 2262 Christus.
715 2196 824 2284 Neque
835 2200 920 2266 onim
934 2201 966 2268 in
979 2201 1068 2272 illum
1079 2205 1149 2275 ttoo

119 2308 264 2372 oonmnit
279 2305 365 2394 quod
382 2303 460 2368 dieit
479 2302 618 2370 Lemeoh
636 2317 725 2393 peter
746 2305 816 2394 ejus
836 2330 846 2370 τ
871 2309 958 2376 «Hic
978 2315 1078 2392 enim,
1098 2319 1151 2382 ῑη.

41 2463 47 2474 ,
120 2442 133 2475 ι
149 2415 233 2498 quit,
253 2414 393 2502 requiem
412 2414 502 2480 debit
515 2413 608 2483 nohis
624 2415 664 2499 qh
685 2415 835 2502 operibus
857 2421 1020 2490 nostriset
1038 2449 1056 2492 o
1077 2428 1150 2494 tris·

114 2553 127 2584 ι
146 2523 221 2588 titiis
236 2546 389 2590 mannum
408 2533 601 2598 nostrerum,
619 2536 652 2588 et
668 2549 684 2589 n
700 2539 784 2590 terro
799 2549 896 2612 quem
913 2531 1073 2601 maledixit
1089 2540 1150 2604 Do-

111 2665 124 2696 »
142 2636 250 2700 minus
264 2633 383 2700 lleus¹.
402 2663 415 2696 ι
431 2631 601 2714 Quomodo
617 2632 703 2699 enim
717 2657 827 2702 verum
839 2640 899 2703 erit
915 2643 1000 2728 quod
1017 2641 1069 2711 ille
1082 2645 1150 2716 Noti

108 2743 257 2832 requiem
279 2743 401 2809 dederit
416 2741 460 2807 illi
475 2741 629 2819 Lamech,
645 2743 694 2810 vel
711 2743 828 2834 populo
844 2751 897 2838 qni
914 2761 991 2820 tuno
1008 2755 1145 2825 heheba-

106 2855 218 2920 turin
239 2853 332 2918 terris
340 2878 349 2928 ;
370 2851 418 2918 vel
437 2853 636 2940 quomodon
661 2855 793 2921 tristitiis
808 2869 840 2922 et
861 2857 969 2927 lnhore
990 2882 1147 2937 cessatum

104 2977 155 3028 est
174 2961 375 3052 temporibus
392 2961 476 3035 Noe:
490 2959 538 3026 vel
551 2965 711 3052 quomodo
727 2963 869 3033 nhlutum
880 2981 928 3035 est
940 2972 1146 3048 maledictum

104 3085 218 3148 terrae,
236 3072 322 3160 quod
338 3073 468 3138 dederet
484 3073 651 3150 Dominus,
670 3077 723 3140 ubi
740 3078 844 3165 potius
862 3079 1024 3151 iracundie
1042 3089 1146 3157 divino

48 3252 53 3260 ,
106 3183 213 3271 major
235 3177 427 3253 ostenditur,
443 3191 477 3244 et
499 3179 634 3246 reiertnr
656 3183 762 3249 dicere
779 3185 892 3252 lleus:
918 3189 1081 3264 «Poenitet
1097 3223 1147 3266 ure
1213 3197 1217 3204 ’

108 3291 224 3380 »quod
245 3289 308 3356 ieci
330 3289 495 3355 hominem
518 3311 614 3378 strper
632 3304 750 3356 terrem
762 3291 773 3324 ¹
786 3291 826 3356 l»
847 3295 886 3360 Et
905 3298 1021 3368 iterum
1041 3303 1142 3375 dicis:

121 3401 263 3469 slleleho
280 3421 411 3467 omnem
424 3421 551 3467 curnem
568 3425 638 3488 quse
653 3413 700 3467 est
716 3416 950 3492 superterram.
968 3441 980 3474 ι
997 3413 1036 3479 Et
1051 3441 1148 3513 snper

121 3511 212 3574 omni.
225 3530 364 3576 summm
378 3507 506 3576 oll'ensae
521 3507 677 3575 indicium
692 3511 836 3578 interitus
854 3517 1025 3590 virentium
1039 3523 1144 3598 detur.
1260 3537 1274 3546 ”

114 3617 149 3683 Si
166 3645 231 3687 tero
248 3621 403 3709 respicies
423 3621 464 3687 ad
485 3623 657 3688 Dominum
678 3635 821 3690 nostrum
841 3627 950 3697 lesum
971 3631 1149 3722 Christum,

109 3727 147 3792 de
164 3753 227 3817 quo
246 3729 392 3796 dicitur:
417 3759 429 3790 t
446 3729 528 3798 Ecce
545 3735 653 3820 Agnus
668 3729 738 3808 Dei,
756 3737 901 3825 eccequi
920 3741 999 3809 tollit
1015 3767 1146 3836 peccato

105 3840 290 3914 rnrrrndi³3
311 3869 324 3902 r
350 3841 467 3908 iterum
490 3842 529 3906 de
548 3867 610 3932 quo
635 3843 774 3910 dieitur:
804 3847 950 3918 «Faetus
971 3877 1028 3944 pro
1055 3865 1149 3932 nobis

132 3969 220 4018 ¹Gen.
239 3986 265 4030 v,
280 3986 319 4034 ²9.
331 3998 361 4006 -
376 3969 387 4002 ²
401 3969 441 4020 ld.
455 3970 525 4030 sud,
536 3988 559 4035 7.
571 4000 601 4009 -
613 3969 622 4003 ¹
636 3971 712 4021 loon.
727 3991 743 4034 r,
758 3990 794 4022 nu.
