2734 4594
165 249 167 255 ⁸
246 262 307 328 118
670 275 812 322 enisurus

240 413 272 467 et
297 402 397 490 ipsam
419 399 601 488 inspiratam
622 397 771 464 divinitus
787 395 999 475 confitemur,
1019 399 1107 488 quod
1125 399 1217 464 nobis
1236 400 1271 465 ad

239 510 418 576 doctrinam
429 507 539 583 cedat,
553 506 638 594 quod
650 506 690 573 ad
704 506 973 594 increpationem,
985 507 1073 596 quod
1090 506 1131 572 ad
1143 506 1270 595 discipli·

236 602 332 693 nam',
345 615 433 704 quod
444 616 485 682 ad
498 614 670 704 justitiam,
683 612 863 702 diligentius
878 626 926 680 est
938 614 1175 702 inquirendum.
1191 615 1269 695 Quid
1297 687 1302 696 .

238 726 324 790 anim
342 724 434 791 nohis
449 748 490 789 ex
504 722 567 790 hoc
582 723 763 800 confertur,
780 723 805 788 si
821 721 962 812 legamus
977 722 1040 789 hoc
1060 723 1147 811 quod
1162 723 1270 788 recita-

237 841 307 894 tum
329 840 394 903 est,
421 828 539 904 idest,
560 827 645 916 quod
659 855 672 888 a
688 827 854 904 naboon,
876 827 992 910 inquit,
1008 827 1123 894 mulier
1144 829 1269 916 prophe-

240 937 356 1013 atissa,
376 959 455 1002 uxor
469 933 666 1023 Laphidoth,
684 936 749 1025 ipsa
759 936 922 1023 judicabat
933 933 1028 1002 Israel
1042 933 1096 1001 illo
1113 947 1268 1023 tempore,

238 1055 294 1108 »et
307 1044 392 1132 ipsa,
410 1043 517 1131 inquit,
536 1043 683 1112 Debbora
699 1044 829 1110 sedebat
843 1045 902 1110 sub
918 1041 1023 1133 palma
1038 1043 1267 1110 intermedium

240 1152 359 1224 »Rama
371 1201 380 1228 ,
390 1163 423 1216 et
434 1151 516 1216 inter
527 1151 668 1217 medium
677 1151 789 1219 Bethel
799 1201 808 1227 ,
818 1151 850 1217 in
862 1164 971 1218 monte
978 1151 1097 1224 Effrem
1107 1163 1158 1227 ,et
1170 1173 1267 1218 ascen

238 1260 378 1326 »debant
391 1262 512 1327 adeam
528 1260 584 1328 lilii
597 1260 710 1338 lsrael,
724 1273 759 1326 ut
769 1259 1004 1351 judicarentur¹
1015 1260 1143 1326 aarum
1160 1261 1265 1326 deinde

237 1368 313 1456 quid
327 1368 418 1434 nohis
433 1368 618 1442 eruditionis
630 1418 640 1446 ,
654 1381 708 1435 aut
724 1369 891 1445 doctrine,
906 1381 960 1436 aut
974 1368 1102 1458 justitiae
1111 1389 1150 1434 ea
1164 1367 1269 1434 conle-

235 1488 310 1541 runt
320 1501 391 1566 quae
403 1490 590 1565 sequuntur,
604 1476 652 1544 vel
669 1478 709 1544 de
719 1473 843 1545 Barach
854 1527 864 1554 ,
875 1476 924 1544 vel
941 1475 1270 1554 dedahcl,veletian1

232 1583 273 1649 de
283 1583 389 1652 Sisara
405 1585 487 1651 duce
504 1585 624 1652 militias
639 1584 759 1654 Jabint

277 1693 318 1761 ll.
333 1693 506 1762 Videamus
520 1715 596 1782 ergo
610 1717 651 1760 ne
666 1693 748 1760 forte
761 1715 820 1781 pcr
830 1692 898 1759 hac
913 1692 1044 1781 dignum
1054 1691 1177 1778 aliquid
1192 1693 1269 1757 siem

235 1814 268 1866 et
284 1802 455 1890 Scripturis
475 1801 617 1877 caeteris,
634 1803 673 1866 de
692 1801 896 1867 sacramentis
915 1801 1138 1866 secretioribus
1158 1799 1268 1866 docea-

234 1932 318 1975 mur.
337 1909 444 1974 Primo
461 1908 525 1973 hoc
541 1908 663 1995 ipsum,
682 1909 858 1996 quodcum
876 1906 1004 1996 plurimi
1021 1907 1147 1996 judices
1167 1907 1223 1972 viri
1238 1907 1269 1970 in

236 2013 332 2081 lsrael
346 2015 441 2081 luisse
456 2015 647 2091 referuntur,
665 2016 704 2081 de
724 2013 811 2081 nullo
826 2012 953 2080 illorum
968 2015 1097 2090 dicitur,
1113 2015 1190 2102 quia
1202 2015 1271 2080 Pro

235 2119 333 2207 pheta
348 2119 459 2195 suerit,
472 2120 531 2185 nisi
543 2119 582 2185 de
591 2120 740 2186 Debbora
751 2119 894 2185 muliere.
906 2121 1035 2185 Praestat
1046 2131 1077 2185 et
1089 2120 1120 2184 in
1136 2119 1201 2184 hoc
1212 2141 1273 2184 nou

233 2226 398 2292 minimam
426 2227 674 2294 consolationem
689 2226 860 2300 mulierum
881 2228 967 2293 sexui
983 2227 1080 2292 etiam
1095 2227 1203 2316 prima
1226 2231 1271 2314 ip-

234 2335 298 2398 sius
313 2331 424 2398 litterae
435 2334 530 2400 facies
541 2384 550 2410 ,
563 2346 597 2399 et
610 2346 762 2424 provocat
776 2358 829 2400 eas
845 2336 890 2400 uti
902 2357 1102 2424 nequaquam
1113 2359 1176 2422 pro
1192 2334 1276 2400 infir-

231 2441 341 2508 mitate
360 2464 451 2506 sexus
473 2440 639 2530 desperent
657 2443 753 2508 etiam
770 2441 944 2530 prophetiae
960 2442 1066 2530 gratiae
1088 2465 1227 2530 capaces
1242 2465 1272 2506 se

195 2533 198 2540 ¹
231 2547 300 2614 lieri
317 2572 425 2638 posse,
439 2549 495 2614 sed
510 2546 685 2639 intelligant
696 2600 705 2625 ,
718 2561 750 2614 et
765 2549 898 2615 credant
916 2547 1002 2636 quod
1025 2560 1171 2614 meretur
1192 2549 1277 2615 hanc
1351 2569 1352 2602 t

233 2659 364 2748 gratiam
379 2659 499 2747 puritas
515 2659 645 2735 mentis,
660 2682 725 2724 non
737 2658 898 2724 diversitas
913 2659 1089 2724 caroasco
1105 2658 1279 2725 videamus

232 2767 309 2854 quid
327 2765 423 2831 etiam
441 2765 598 2831 interioris
616 2765 829 2855 intelligentiae
850 2767 982 2856 respirat
1003 2789 1168 2833 arcanum.
1191 2769 1280 2833 Delt-
1351 2749 1352 2804 l

234 2875 312 2940 hora
328 2875 393 2964 apis
409 2875 635 2963 interpretatur
648 2875 712 2940 sive
727 2871 864 2963 loquela.
879 2873 943 2940 Sed
954 2875 1020 2964 jam
1033 2887 1065 2939 et
1077 2875 1110 2939 in
1129 2877 1285 2965 superio·
1351 2927 1352 2932 η

236 2983 323 3048 ribus
338 2983 473 3049 diximus
489 2983 575 3071 quod
585 2982 735 3048 Deltltora
747 2982 779 3047 in
791 2983 964 3072 prophetiae
976 2983 1078 3050 lorma
1089 2982 1286 3074 accipienda
1351 2977 1352 3004 ¹

235 3091 291 3167 sit,
305 3115 374 3177 quae
388 3104 436 3156 est
450 3092 526 3180 apis.
546 3091 676 3156 Certum
696 3113 835 3179 namque
848 3103 896 3155 est
912 3089 997 3179 quod
1013 3091 1118 3164 omnis
1134 3093 1287 3182 propha-

237 3200 278 3264 tia
299 3223 408 3265 suaves
425 3199 560 3267 coelestis
578 3199 731 3266 doctrinae
750 3199 855 3275 savos,
872 3211 904 3264 et
920 3196 1023 3265 dulcia
1039 3197 1138 3265 divini
1158 3199 1288 3290 eloquii

236 3305 329 3373 mella
350 3319 529 3396 componat.
551 3307 640 3372 Unde
659 3319 692 3371 et
706 3307 806 3373 David
829 3308 962 3374 canebat
981 3307 1089 3372 dicens
1112 3331 1121 3373 ε
1141 3335 1154 3366 ι
1173 3311 1288 3390 Quam

237 3412 364 3481 »dulcia
379 3414 522 3481 faucibus
539 3415 617 3480 meis
632 3413 756 3504 eloquia
776 3426 848 3490 tua,
866 3437 960 3503 super
974 3410 1037 3480 mel
1054 3426 1087 3480 ot
1104 3415 1223 3484 savum
1240 3417 1290 3483 ori

236 3521 361 3588 »meo².
383 3523 449 3588 »Et
464 3523 579 3588 iterum
599 3521 672 3589 alibi
695 3523 790 3598 dicit,
810 3520 927 3610 judicia
943 3521 1000 3590 Dei
1017 3523 1195 3612 «pretiosa
1218 3548 1292 3591 esse

237 3652 498 3719 recuperaturum,
515 3642 546 3695 et
561 3629 699 3718 lapidem
713 3631 887 3720 pretiosum
902 3628 1060 3708 multum,
1079 3644 1113 3697 et
1135 3633 1292 3700 dulciora

236 3761 353 3826 »super
363 3737 426 3804 mel
441 3752 472 3802 et
485 3738 620 3806 lavum⁸.
638 3767 651 3799 ι

271 3885 349 3935 ¹Jud.
363 3901 399 3948 rr,
413 3889 444 3947 4,
458 3883 482 3935 5.
495 3879 543 3919 -¹
557 3883 616 3933 Psal.
629 3901 706 3947 cxix,
722 3883 779 3933 103.
791 3911 821 3920 -
835 3880 844 3914 ⁸
856 3883 896 3937 ld.
911 3901 971 3947 xrs,
988 3901 1030 3937 rr.
