2748 4596
373 339 403 382 ra
429 338 541 380 uranon
564 339 632 380 ausu
658 339 739 382 aava
769 341 849 424 Ηοιι.χ
869 342 890 382 1.
1128 321 1146 383 5

105 467 280 556 quidquam
296 465 328 528 io
348 484 381 528 se
398 460 573 528 dulcedinis
591 463 827 538 continentum,
845 475 1003 531 otmarus
1021 471 1147 532 aratris

105 599 187 663 aqua
204 573 316 638 dextra
328 567 479 654 laevaque.
496 569 572 634 Haec
582 568 711 656 Moyseo
723 570 804 635 duce
815 583 901 658 gesta
915 576 1146 660 cognoscimus.

108 686 192 752 Cum
215 704 289 746 vero
306 678 461 744 Dominus
486 699 576 742 maus
592 677 681 743 dsaoit
697 677 890 756 exereitum,
908 704 977 768 quse
993 694 1066 747 sunt
1081 705 1151 771 quae

108 793 299 857 etiamtunc
315 785 608 861 adumbrabantur,
631 785 802 852 videamus.
825 787 1011 854 Sacerdotes
1031 815 1153 880 praece-

112 899 213 974 dunt,
229 919 300 962 arca
312 895 507 960 Testamenti
531 905 677 982 portatur
703 895 736 958 iu
760 894 900 960 humeris
931 900 1151 975 sacerdotum,

112 1027 268 1093 nusquam
285 1004 350 1089 jam
366 1023 473 1076 mare,
490 1023 648 1088 nusquam
668 998 766 1066 salsus
786 1001 902 1067 ssuctus
919 1007 1077 1080 ooeurrit,
1098 1007 1155 1072 sed

111 1117 194 1182 duca
202 1111 348 1182 Domino
369 1131 442 1174 meo
457 1108 535 1174 desu
551 1110 644 1174 venio
667 1108 706 1174 ad
723 1107 915 1187 Jordanem,
937 1125 969 1176 ot
984 1115 1076 1178 renio
1091 1137 1155 1178 non

111 1221 354 1314 perturbatione
366 1219 447 1306 fugae
457 1265 467 1293 ,
476 1239 581 1306 neque
592 1217 778 1305 perterritus
791 1232 877 1284 metu
889 1271 898 1296 ,
913 1222 968 1286 scd
979 1224 1070 1288 renio
1082 1245 1156 1289 eum

115 1330 335 1402 sacerdotibus
351 1350 457 1394 aream
475 1327 669 1392 Testamenti
689 1328 838 1403 Domini,
859 1327 892 1393 in
912 1353 973 1416 qua
989 1333 1046 1396 Dei
1061 1331 1110 1397 lex
1126 1345 1158 1396 ct

120 1440 232 1506 divinas
254 1436 366 1502 litterae
389 1446 566 1510 servantur,
586 1435 763 1501 cervicibus
778 1437 842 1500 suis
864 1436 1068 1528 humerisque
1084 1465 1160 1529 por-

122 1547 274 1612 tantibus.
290 1543 453 1632 ingredior
461 1542 636 1608 Jordauem
652 1567 716 1608 nou
732 1566 807 1610 cum
821 1544 936 1610 furtivo
948 1547 1090 1624 silentio,
1105 1550 1160 1614 sed

123 1659 156 1724 iu
172 1657 319 1720 tubarum
328 1653 473 1719 cantibus
482 1653 654 1740 mysticum
667 1653 818 1739 quiddam
831 1655 1036 1743 divinumque
1048 1681 1162 1722 canen-

125 1766 226 1840 tibus,
251 1775 287 1826 ut
308 1762 347 1828 ad
362 1761 620 1849 praedicationem
641 1761 726 1826 tubae
747 1761 883 1828 coelestis
906 1765 1052 1830 incedam
1067 1766 1089 1830 ¹.
1114 1765 1161 1831 lbi

124 1875 314 1940 dictumest
340 1869 426 1956 quod
448 1869 544 1934 divisa
567 1881 615 1932 est
634 1891 714 1956 aqua
735 1873 766 1935 iu
788 1871 865 1935 (liras
888 1885 1008 1960 partos,
1033 1887 1065 1938 ot
1084 1897 1163 1938 uum

123 2005 212 2071 aquae
226 2003 336 2046 murus
348 1980 449 2044 sactus
464 1990 512 2042 ost
527 2001 544 2041 a
561 1977 696 2052 dextris,
716 1978 793 2043 alius
807 2005 822 2044 a
837 1981 998 2045 sinistris².
1015 1982 1073 2047 Hic
1088 2006 1164 2047 vrro

124 2093 177 2180 qui
194 2089 279 2155 venit
303 2087 425 2153 solvere
443 2085 584 2150 medium
601 2087 759 2174 parietem
776 2089 877 2175 sepis,
902 2089 978 2155 fecit
994 2103 1165 2177 utrumque

127 2221 246 2264 uuum:
261 2217 299 2262 ex
314 2219 375 2260 una
391 2195 476 2260 enim
499 2205 589 2282 parto
604 2205 712 2259 erecta
727 2207 775 2260 est
797 2219 896 2282 aqua,
914 2197 974 2262 ulia
995 2221 1070 2263 vero
1093 2221 1165 2287 pars

128 2305 261 2371 defluxit
272 2305 308 2369 iu
321 2327 419 2370 maro.
437 2301 559 2368 Deinde
571 2301 624 2367 hio
637 2303 680 2366 ait
696 2325 703 2366 ε
716 2329 728 2361 s
740 2303 917 2391 Praeparate
929 2307 1016 2371 vobis
1030 2309 1117 2371 cibos
1129 2309 1168 2372 ad

126 2447 141 2477 s
152 2413 257 2481 viam⁸
274 2436 283 2477 ε
300 2425 356 2476 aet
374 2411 489 2486 bodie,
504 2411 529 2474 si
544 2410 671 2487 audias,
689 2411 765 2475 dicit
783 2412 838 2475 tibi
855 2411 945 2476 desua
962 2437 969 2477 τ
988 2415 1012 2478 si
1029 2417 1168 2502 sequeris

121 2547 201 2600 me,
217 2545 358 2612 praepara
372 2521 461 2585 cibos
477 2519 520 2585 ad
538 2519 627 2583 viam.
653 2519 725 2583 Cibi
744 2520 862 2584 etenim
878 2541 974 2608 opero
991 2535 1080 2598 sunt,
1098 2549 1169 2612 qum

120 2657 186 2700 nos
202 2632 396 2698 adfuturam
412 2629 511 2703 viam,
528 2625 611 2692 v'clut
624 2626 718 2693 fidele
730 2629 880 2693 viaticum
893 2630 1096 2697 comitantur.
1113 2633 1170 2697 Vi-

6 2815 8 2826 ,
118 2744 260 2810 deamus
275 2752 382 2806 tamen
401 2737 550 2824 quoniam
566 2757 630 2800 non
646 2737 796 2801 convenit
815 2736 1021 2826 negligenter,
1034 2753 1065 2804 ot
1081 2741 1170 2827 quasi

117 2851 159 2914 in
178 2845 312 2912 transitu
328 2842 448 2910 litteras
460 2839 564 2929 legere
579 2839 717 2916 divinas,
735 2841 820 2905 uude
836 2865 890 2905 eos
910 2844 1001 2930 jubet
1013 2845 1100 2911 cibos
1113 2869 1171 2935 pa-

8 3032 13 3058 ,
115 2978 202 3023 rare
216 2975 281 3019 nou
292 2952 445 3018 habentes
456 2950 663 3014 frumentum.
679 2948 794 3014 Manna
803 2950 920 3015 etenim
933 2953 1024 3017 cibus
1033 2966 1101 3018 erat
1112 2956 1167 3022 eis.

9 3143 10 3150 p
113 3062 196 3133 Sed
218 3083 294 3127 cum
314 3061 380 3148 jam
398 3056 615 3123 transierimus
638 3056 777 3122 ssuminis
800 3056 896 3144 hujus
922 3059 1030 3148 ripas,
1058 3063 1172 3128 desinit

9 3165 10 3178 ¹
114 3191 249 3238 manua
264 3191 272 3232 s
285 3179 318 3232 et
332 3167 404 3232 idco
414 3165 440 3230 si
452 3187 517 3230 non
531 3165 747 3251 unusquisque
759 3167 981 3253 praeparaverit
997 3169 1055 3234 sihi
1065 3171 1170 3247 cibos,

12 3357 15 3363 ,
112 3299 199 3348 non
218 3276 335 3365 poterit
348 3274 436 3363 sequi
452 3273 564 3338 Jcsum
582 3285 699 3337 terram
719 3273 970 3361 repromissionis
986 3277 1168 3344 intrantem.

113 3384 217 3454 Vide
237 3395 341 3450 autem
363 3405 441 3471 quos
464 3382 604 3469 primum
627 3380 660 3445 in
682 3393 766 3445 terra
792 3383 1044 3470 repromissionis
1069 3388 1175 3476 capiat

109 3498 258 3564 fructus
276 3492 407 3566 :Tuoc,
424 3489 526 3576 inquit
536 3539 546 3564 ‚
558 3487 832 3554 manducaverunt
845 3490 984 3578 primum
996 3492 1117 3572 fructus
1135 3496 1174 3560 de

106 3601 263 3693 nogione
277 3598 474 3689 palmarum,
488 3595 912 3686 etmauducareruntprimo
926 3623 1035 3689 azyma
1044 3603 1066 3668 ⁴.
1077 3603 1174 3672 Vides

15 3705 16 3730 ³
104 3734 212 3803 ergo
229 3708 302 3798 quia
317 3710 458 3797 primum
481 3705 573 3771 uobis
588 3705 699 3771 mundi
713 3705 808 3794 hujus
829 3707 888 3771 iter
904 3709 1066 3799 digressis,
1082 3714 1107 3778 si
1124 3737 1176 3778 ro-

102 3843 209 3917 gem
231 3834 403 3905 aequamur
421 3815 552 3890 Josum,
569 3815 672 3903 primo
691 3816 831 3879 occurrit
846 3815 949 3904 palma
969 3820 1123 3896 victoriae,
1147 3827 1179 3887 ot

155 3957 613 4019 st.1v.-²1d.m.-³1a.r‚
632 3955 817 4022 11.-⁶1d.v,
832 3975 870 4010 rr.
