2644 4612
344 230 375 272 xx
401 229 561 273 cxxrrcuu
586 231 786 276 canrxconeu
811 234 870 274 xm.
899 233 938 274 xv.
1091 212 1149 276 551

117 350 283 442 praesentia
302 373 376 414 vero
390 351 460 439 ejus
475 363 507 414 et
523 350 660 416 adventu
678 351 842 441 prolatum.
854 366 902 420 est
919 375 958 418 ex
973 377 1008 418 ea
1024 375 1154 440 germen

118 457 266 548 spiritalis
278 455 490 546 intelligentiae
502 508 511 534 ,
523 470 555 523 et
570 481 679 524 sensus
695 461 801 526 viridis
813 473 849 526 et
864 459 983 536 vitaliS,
996 461 1049 548 qui
1066 462 1098 527 in
1116 485 1152 526 ea

119 564 471 654 tegebatur,'npparuit:
487 578 522 631 ut
533 563 687 641 Ecclesia,
700 589 769 654 quet
780 570 974 656 tegebatura
988 568 1114 635 Christo
1122 570 1153 634 in
1172 624 1175 630 Δ

41 723 43 732 .
119 671 277 749 ficulnea,
291 672 321 736 id
335 685 401 750 est,
415 674 448 738 in
463 674 563 764 Lege,
576 697 640 739 non
656 687 804 763 apparent
821 676 924 752 arida,
937 699 998 741 nec
1009 676 1156 742 occiden-

120 795 184 848 tem
196 779 332 846 litteram
345 783 451 868 sequi,
466 781 522 846 sed
531 780 697 847 llorentem
710 831 718 856 ,
730 793 763 846 et
774 781 984 850 vivificantem
996 784 1153 872 spiritum.

119 889 180 954 Sed
193 901 225 954 et
237 889 314 954 vites
330 887 445 953 llorere
461 888 622 964 dicuntur,
638 902 671 954 et
687 889 808 956 dedisse
820 888 951 954 odorem
964 914 1068 957 suum.
1083 893 1157 958 Pos-

1 1029 2 1064 ;
116 1009 189 1061 sunt
199 995 328 1084 quidem
343 1007 376 1061 et
391 996 519 1062 diversae
531 994 697 1073 Ecclesiae,
711 1020 781 1084 quae
795 1021 853 1086 per
870 997 980 1062 orbem
993 1008 1084 1062 terrae
1097 998 1156 1064 ha-

117 1105 249 1180 bentur,
262 1104 338 1169 vites
351 1104 413 1169 diei
425 1103 595 1179 florentes,
609 1115 664 1168 aut
675 1104 782 1169 vineae.
797 1102 920 1182 «Vinea
931 1103 1016 1170 enim
1030 1105 1156 1172 Domini

118 1212 282 1283 »Sabaoth
307 1210 420 1276 domus
445 1208 540 1276 Israel
566 1223 632 1286 est,
660 1223 692 1275 et
718 1209 831 1276 domus
853 1209 936 1275 duda
959 1209 1074 1275 dilecta
1096 1235 1156 1277 no-

119 1315 219 1384 »vella
233 1317 256 1383 ¹.
276 1346 289 1378 ι
308 1317 378 1383 lstae
402 1341 478 1408 ergo
501 1320 600 1383 vineae
619 1341 692 1383 cum
709 1319 813 1406 primo
833 1317 990 1384 accedunt
1004 1318 1045 1382 ad
1061 1318 1157 1385 fidem

117 1425 231 1490 llorere
251 1426 399 1491 dicuntur
423 1450 431 1490 :
456 1449 529 1491 cum
552 1450 626 1491 vero
646 1449 704 1516 per
725 1425 909 1515 religionem
929 1450 1061 1516 operum
1082 1452 1157 1496 suo-

1 1567 2 1572 1
117 1557 188 1598 rum
204 1536 354 1600 suavitate
368 1535 574 1611 adornantur,
592 1535 723 1601 odorem
738 1559 830 1601 suum
846 1535 969 1602 dedisse
989 1535 1150 1602 dicuntur.

118 1641 189 1707 Non
202 1641 268 1707 sine
286 1666 378 1709 causa
394 1655 472 1732 puto
489 1643 577 1730 quod
592 1666 658 1708 non
674 1643 804 1719 dixerit,
827 1643 959 1710 odorem
979 1643 1155 1720 dederunt,

119 1749 174 1814 sed
192 1749 321 1816 odorem
341 1773 434 1816 suum
454 1774 461 1816 :
487 1762 521 1815 ut
537 1751 718 1817 ostenderet
732 1752 833 1816 inesse
852 1751 1023 1841 unicuique
1043 1752 1156 1816 animae

1 1937 2 1948 ἵ
118 1855 180 1920 vim
196 1854 428 1944 possibilitatis,
453 1868 485 1920 et
503 1857 623 1922 arbitrii
642 1855 841 1934 libertatem,
863 1880 924 1944 qua
946 1857 1044 1946 possit
1065 1879 1156 1946 agere

1 1999 2 2006 κ
115 1985 209 2028 omne
228 1962 316 2050 quod
334 1964 454 2028 honum
472 1977 529 2029 est.
553 1965 616 2030 Sed
631 1965 704 2053 quia
720 1964 782 2030 hoc
801 1975 921 2029 naturae
936 1966 1059 2030 bonum
1074 1987 1154 2052 prae-

114 2070 315 2133 varicationis
330 2071 497 2136 occasione
512 2071 719 2158 decerptum,
739 2069 789 2136 vel
806 2071 844 2135 ad
861 2072 1086 2158 ignominiam,
1107 2070 1154 2138 vel

116 2171 273 2240 lasciviam
298 2175 399 2240 luerat
421 2174 592 2252 inllexum,
617 2178 671 2240 uhi
693 2177 901 2270 pergratiam
926 2191 1103 2266 reparatur,
1125 2193 1158 2244 ot

115 2305 173 2369 per
189 2281 370 2347 doctrinam
385 2281 473 2348 verbi
488 2283 547 2348 Dei
563 2283 751 2357 restituitur,
765 2283 895 2348 odorem
908 2284 1010 2349 reddit
1023 2287 1089 2350 sine
1102 2287 1158 2352 du-

1 2455 2 2482 ,
116 2393 169 2457 bio
185 2390 295 2469 illum,
311 2416 406 2480 quem
421 2393 542 2481 primus
557 2393 705 2458 conditor
718 2392 803 2458 Deus
819 2392 996 2467 indiderat,
1010 2393 1065 2458 sed
1077 2416 1155 2481 pec-

115 2500 176 2564 cati
192 2497 284 2590 culpa
300 2501 509 2566 subtraxerat.
528 2501 662 2565 Possunt
679 2511 784 2566 autem
799 2511 832 2564 et
854 2501 952 2576 vites,
970 2497 1018 2564 vel
1034 2501 1150 2576 vineae,

1 2697 2 2700 Ἴ
115 2606 244 2697 intelligi
260 2609 390 2674 virtutes
406 2605 549 2674 coelestes
565 2618 598 2672 et
613 2605 783 2697 angelice,
802 2632 874 2696 quae
888 2607 1071 2673 hominibus
1087 2608 1152 2674 ler-

1 2781 2 2792 ,
114 2717 243 2803 giuntur
257 2718 387 2782 odorem
401 2741 511 2793 suum,
531 2713 563 2780 id
579 2728 645 2792 est,
662 2715 815 2781 doctrina
830 2727 862 2779 et
874 2715 1078 2782 institutionis
1091 2719 1151 2783 bo-

113 2843 210 2897 num,
226 2843 290 2908 quo
302 2823 462 2887 instruunt
480 2833 512 2886 et
531 2821 681 2887 imbuunt
693 2821 828 2898 animas,
843 2821 945 2886 donec
969 2821 1007 2886 ad
1025 2821 1151 2910 perlec-

114 2929 232 2994 tionem
255 2931 399 3005 venient,
427 2939 459 2993 et
486 2929 639 3018 incipient
664 2945 795 3018 capaces
824 2928 892 2992 fieri
914 2929 983 2994 Dei.
1013 2929 1102 2994 Sicut
1121 2942 1154 2995 et

113 3034 286 3124 Apostolus
299 3037 340 3102 ed
353 3035 504 3101 Hebraeos
518 3036 677 3112 scribens,
690 3037 767 3102 dicit
778 3060 786 3100 :
807 3035 943 3102 «Nonne
958 3059 1067 3101 omnes
1079 3051 1151 3102 sunt

114 3142 355 3210 »ministeriales
372 3143 499 3233 spiritus
526 3143 558 3208 in
581 3144 793 3210 ministerium
816 3143 902 3207 missi
924 3155 1054 3231 propter
1076 3169 1149 3222 eos,

113 3256 188 3341 »qui
204 3255 421 3322 hereditatem
442 3255 571 3345 capiunt
589 3253 764 3321 salutis2t»
785 3257 826 3321 Et
848 3255 919 3319 ideo
939 3255 1091 3320 dicuntur
1106 3256 1147 3320 ab

112 3364 188 3452 ipsis
204 3367 293 3451 quasi
307 3368 446 3453 primum
462 3365 575 3431 ssorem
590 3378 623 3431 et
635 3366 765 3431 odorem
778 3365 936 3430 bonorum
953 3389 1085 3455 operum
1100 3391 1151 3432 ca-

2 3547 3 3563 ]
110 3495 187 3561 pere
204 3471 367 3537 homines:
384 3474 468 3561 ipsos
488 3497 562 3539 vero
582 3475 704 3539 fructus
728 3474 796 3539 vitis
814 3475 853 3541 ab
869 3497 907 3539 eo
923 3499 1069 3564 sperare,
1093 3477 1147 3562 qui

110 3581 207 3646 dixit:
227 3581 323 3646 «Non
337 3582 443 3654 bibam
452 3583 491 3648 de
505 3585 707 3671 generatione
721 3581 789 3648 vitis
800 3581 916 3673 hujus,
931 3584 1033 3649 donec
1042 3582 1150 3649 bibam

114 3687 216 3754 »illud
228 3689 392 3755 vobiscum
405 3711 522 3756 novum
538 3689 570 3756 in
583 3713 681 3780 regno
691 3689 790 3757 Patris
805 3692 868 3756 mei
879 3691 902 3755 ¹.
916 3689 984 3755 »llli
997 3713 1073 3778 ergo
1087 3713 1147 3779 per

151 3844 158 3875 ¹
173 3843 225 3888 lsai.
238 3858 264 3903 v,
275 3857 298 3901 7.
312 3870 342 3878 -
356 3845 368 3878 ²
380 3843 452 3891 Hebr.
467 3859 492 3905 a,
511 3847 549 3902 14.
573 3841 853 3904 ›³Mauh.nv1,29.
