2744 4600
409 315 439 356 ιι
464 315 604 357 nuitsnos
629 314 756 357 uoururt
783 317 872 358 xxtu.
1091 298 1150 382 507

115 436 268 525 positum,
279 445 313 498 et
324 433 366 500 ed
381 457 488 500 rerem
503 433 587 502 illem
599 436 734 524 petriam
750 436 835 501 unde
849 459 993 525 egressus
1003 461 1050 514 es,
1063 462 1152 526 pern·

114 545 173 612 disi
196 543 414 618 festinantem,
434 565 472 608 ec
493 544 653 611 dicentem
671 567 680 609 s
696 571 709 604 ι
724 542 831 610 lnoole
848 568 907 633 ego
922 558 1040 611 sumet
1058 569 1151 634 pere-

114 655 264 744 »grinue
282 653 365 718 sicut
389 675 500 721 omnes
520 665 625 742 patres
645 654 763 720 mei¹.»
778 655 814 720 ln
834 653 1046 720 tubernaculis
1064 656 1149 723 enim

118 765 340 832 habitaverunt
352 773 384 828 et
395 776 513 851 putres,
526 776 560 828 et
570 764 732 830 Abraham
746 765 780 829 iu
795 763 928 838 cesulis;
941 765 1045 839 idest,
1058 767 1090 829 in
1106 777 1151 828 te·

117 873 297 941 berneculis
314 873 467 938 habitarit
483 897 556 940 oum
581 876 669 941 lseec
689 888 722 939 et
741 875 842 940 Jacob
865 875 1083 940 coheredibus
1099 897 1151 939 re-

6 971 9 980 ’
116 981 331 1070 promissionis
342 980 498 1068 ejusdem.
524 982 605 1047 Cum
620 1005 696 1070 ergo
710 981 814 1047 incole
835 982 943 1058 sueris,
960 994 993 1048 et
1012 981 1149 1071 peregri·

2 1106 8 1146 t
114 1114 175 1156 nus
188 1091 219 1154 in
234 1091 337 1164 terris,
348 1101 380 1154 et
392 1104 613 1156 nonestmens
622 1091 747 1157 tuafixe
756 1103 788 1157 ct
797 1091 934 1158 radicato
944 1092 976 1157 in
987 1093 1148 1159 desideriis

3 1221 8 1260 ι
111 1212 325 1273 terrenorum,
343 1198 400 1264 sed
420 1212 548 1286 perotus
563 1223 596 1264 es
611 1213 647 1265 ut
662 1203 728 1266 cito
746 1213 900 1277 transeas,
916 1214 949 1265 et
966 1213 1094 1290 penetus
1113 1225 1147 1266 es

3 1326 8 1362 t
111 1308 282 1373 extendere
304 1318 335 1372 te
355 1330 482 1397 semper
500 1310 541 1374 ed
559 1311 721 1386 interiore,
740 1333 904 1399 usquequo
924 1312 1088 1399 pervenies
1107 1311 1147 1375 ed

1 1439 9 1480 t
112 1431 230 1482 terrem
245 1417 400 1482 fluentem
417 1417 467 1484 loo
482 1432 514 1483 et
529 1417 605 1494 mel,
621 1431 653 1483 et
672 1418 890 1485 hereditatem
906 1401 1011 1506 capies
1028 1419 1150 1483 futuro·

112 1547 187 1592 rum
200 1548 209 1589 ε
225 1526 249 1590 si
261 1537 304 1599 te,
317 1526 460 1612 inquens,
473 1525 614 1614 positum
628 1527 660 1592 in
675 1526 724 1591 his
743 1525 846 1592 videet
861 1527 960 1602 Deus,
972 1525 1097 1592 letetur
1114 1526 1146 1591 in

113 1649 158 1711 tc,
169 1644 202 1700 et
218 1634 300 1699 diem
315 1634 431 1700 lustum
447 1636 511 1722 egit
526 1657 621 1723 super
636 1646 678 1699 te.
693 1635 769 1700 llaec
784 1632 914 1721 quidem
929 1635 962 1699 in
978 1634 1145 1722 presenti:
1240 1646 1242 1658 “

113 1748 146 1811 in
163 1747 271 1811 suturo
290 1767 379 1820 vero,
400 1746 426 1810 si
447 1747 492 1811 vis
514 1729 715 1812 considerare
735 1746 897 1834 quemodo
921 1758 1055 1836 agentur
1080 1745 1147 1810 dies
1262 1809 1266 1818 ,

0 1894 1 1911 ι
109 1856 193 1932 sesti,
206 1855 294 1944 erige
310 1853 487 1943 paululum,
502 1855 526 1921 si
546 1867 648 1944 potes,
660 1879 770 1921 sensus
788 1867 891 1920 tuose
908 1868 1005 1930 terre,
1016 1868 1049 1919 et
1070 1853 1148 1920 obli·

110 1965 232 2030 riseere
247 1962 407 2052 paulisper
421 1963 491 2029 heo
506 1986 577 2051 quae
589 1963 748 2030 habentur
759 1964 790 2028 in
803 1963 893 2029 secie.
909 1964 1060 2029 Describe
1074 1984 1148 2028 vero

110 2073 168 2138 tibi
185 2073 348 2160 quomodo
370 2071 488 2138 coslum
510 2084 545 2138 et
565 2084 648 2138 terre
664 2085 838 2148 transeunt,
858 2087 892 2138 et
914 2073 1025 2138 trensit
1043 2073 1147 2138 omnis

1 2208 4 2247 :
111 2181 168 2246 bie
182 2181 310 2247 babitus
325 2183 452 2258 muudi,
465 2179 582 2248 coeluus
599 2203 675 2248 vero
692 2204 811 2248 norum
828 2193 861 2246 et
880 2193 962 2246 terre
981 2205 1061 2247 nove
1077 2182 1147 2246 suu·

1 2320 2 2330 ¹
116 2289 222 2355 detur.
238 2290 354 2356 Amore
366 2291 407 2356 de
419 2291 643 2379 conspectibus
656 2291 718 2355 tuis
728 2291 824 2356 etiem
834 2288 908 2354 solis
920 2288 1016 2376 hujus
1028 2287 1146 2364 lucem,

114 2408 150 2462 et
169 2397 210 2462 de
226 2395 269 2463 illi
288 2398 408 2463 mundo
423 2399 479 2487 qui
500 2411 652 2464 venturus
667 2410 716 2464 est
736 2398 810 2465 solis
826 2397 1007 2489 septuplum
1027 2397 1145 2464 lumen.

1 2544 3 2580 t
110 2507 184 2571 lmo
199 2505 304 2594 potius
322 2507 500 2572 secundum
514 2506 687 2595 Scriptum
705 2508 927 2572 auctoritatem
944 2507 1047 2594 ipsum
1064 2506 1093 2570 ei
1108 2505 1148 2570 de

1 2659 3 2688 ι
112 2618 289 2683 Dominum
302 2615 439 2684 lucem².
454 2619 540 2684 Pone
552 2629 692 2684 ostentes
701 2617 838 2708 Angelos
853 2617 972 2706 gloriae,
985 2639 1069 2705 pone
1080 2615 1149 2684 Vir·

1 2769 2 2796 ι
109 2739 208 2802 tutes,
222 2727 411 2801 Potestetes,
425 2725 538 2803 Sedes,
551 2728 804 2802 Dominationes,
819 2738 914 2814 etque
924 2748 1020 2792 omne
1033 2747 1149 2791 nomen

109 2835 359 2902 clarissimarum
374 2835 614 2925 celestiumque
630 2839 797 2912 virtutum,
812 2859 876 2901 non
893 2834 995 2900 solum
1012 2835 1098 2922 quod
1115 2835 1148 2900 in

108 2948 260 3036 presenti
276 2945 392 3013 saeculo
411 2947 607 3023 nominetur,
621 2948 677 3012 sed
692 2946 778 3035 quod
793 2947 890 3012 etiem
910 2947 943 3012 in
958 2945 1077 3010 futuro.
1092 2947 1149 3011 ln-

109 3069 162 3120 ter
177 3056 237 3121 hos
256 3077 366 3121 omnes
383 3056 561 3132 considere,
581 3069 614 3121 et
633 3056 759 3142 conjice
779 3054 940 3144 quomodo
962 3055 1009 3144 egi
1028 3055 1150 3143 possint

110 3165 182 3230 dies
195 3165 267 3230 festi
281 3164 409 3230 Domini
423 3187 431 3229 ε
448 3165 573 3253 quaeibi
586 3165 832 3252 festivitasque
846 3164 973 3253 gaudie,
986 3187 1056 3251 quse
1074 3162 1151 3228 loeti·

110 3275 169 3339 tie
179 3273 375 3362 magnitudo.
392 3274 470 3340 Num
484 3276 523 3341 de
534 3274 571 3340 iis
583 3297 661 3364 ques
673 3297 767 3363 supra
782 3273 918 3338 diximus
935 3271 1149 3362 spiritualibus

111 3381 348 3458 festivitatibus,
368 3382 490 3448 etiamsi
512 3405 636 3472 megnee
656 3382 719 3448 sint
736 3393 768 3446 et
786 3404 879 3458 verer,
898 3381 1056 3469 praecipue
1075 3401 1150 3444 cum

116 3488 484 3579 spiritualitergeruntur
494 3491 526 3555 in
540 3491 779 3578 anime,megne
792 3501 898 3554 temen
910 3513 949 3554 ex
960 3501 1051 3577 perte
1063 3499 1149 3563 sunt,

111 3621 179 3664 nou
198 3621 236 3663 ex
251 3599 384 3690 integro.
400 3600 491 3666 Sicut
503 3601 590 3664 enim
606 3598 684 3664 dixit
700 3597 882 3686 Apostolus,
896 3598 968 3684 quie
985 3619 1048 3662 rex
1060 3609 1151 3686 parte

108 3739 122 3768 ι
140 3707 272 3783 scimus,
293 3719 326 3772 et
340 3733 379 3774 ex
398 3721 488 3798 perte
503 3708 748 3798 prophetemus⁸
765 3732 799 3772 :s
815 3708 857 3772 itu
876 3729 1074 3795 consequens
1088 3718 1150 3779 est,

108 3829 145 3882 ut
157 3839 195 3882 ex
209 3829 300 3904 perte
316 3818 400 3883 diem
418 3818 535 3884 sesturn
555 3841 712 3906 geremus.
735 3817 774 3881 Ut
790 3829 897 3882 eutem
919 3817 999 3883 scies
1019 3816 1087 3880 boec
1106 3814 1148 3878 ite

144 3941 151 3972 ¹
164 3941 229 3986 l‘ssl.
245 3956 352 4000 xxxviii,
367 3942 400 3988 13.
412 3971 441 3978 -
453 3941 463 3973 ²
477 3943 532 3990 lsai.
551 3957 608 3998 xxx,
621 3943 658 3990 26.
671 3942 720 3979 -l
736 3944 816 3999 ullor.
831 3960 886 3996 xus,
901 3961 924 4004 9.
