2660 4610
305 302 336 346 na
362 303 523 347 caenacula
546 304 750 350 cannaconau
773 307 836 350 can.
865 308 898 350 n.
1061 287 1127 364 4⁹5.

83 443 176 490 merae
191 433 298 490 tamen
310 432 384 486 sunt
396 447 466 511 quae
479 445 537 511 per
553 426 664 492 orbem
680 439 773 494 terrae
786 427 910 496 diffusae
922 439 1014 503 sunt,
1030 440 1126 516 atqua

83 531 245 596 immensae
263 530 524 617 congregationes
536 551 574 600 ac
586 531 805 602 multitudines
817 534 1008 624 populorum
1021 558 1029 600 τ
1044 537 1128 604 sicut

86 645 119 698 et
132 655 263 721 regnum
277 632 433 704 caelorum
458 659 556 702 unum
571 636 702 724 quidem
718 639 855 714 dicitur,
877 640 932 706 scd
952 639 1060 706 multae
1076 651 1127 704 te-

88 764 161 808 men
173 741 436 808 ineomansiones
447 756 667 816 memorantur
676 768 745 812 esse
757 747 843 836 apud
848 759 971 836 petrem
982 747 1004 813 ¹.
1018 749 1128 816 Potest

89 857 192 910 autem
206 845 292 910 etde
312 869 500 933 unaqueque
525 848 629 915 anima
651 872 721 936 quae
742 864 813 938 post
834 865 965 940 peccate
988 851 1125 940 plurima

87 953 279 1022 conuertitur
300 952 341 1018 ad
361 953 602 1041 paenitentiam,
624 955 706 1031 dici,
723 959 809 1044 qnod
828 958 917 1046 nigre
939 959 979 1024 sit
997 958 1127 1046 quidem

85 1057 320 1145 propeccatis,
337 1057 476 1130 formose
491 1072 624 1146 propter
639 1061 860 1148 peonitentiam
875 1073 908 1127 et
924 1061 1046 1128 fruetus
1057 1085 1128 1149 pm«

85 1164 237 1233 uitentiae.
260 1164 403 1252 Denique
426 1177 458 1248 et
479 1166 519 1234 de
534 1166 595 1232 hnc
611 1167 678 1255 ipse
696 1191 766 1255 quse
777 1192 864 1236 nunc
875 1169 977 1238 dicit:
1011 1170 1128 1258 «Nigra

82 1297 175 1356 nsum
202 1285 235 1340 et
250 1273 431 1354 formosa„
462 1275 535 1361 quie
562 1297 627 1342 nou
649 1276 682 1342 in
708 1276 805 1345 finem
831 1278 864 1344 in
885 1279 1048 1366 nigredine
1069 1281 1129 1350 ista

82 1381 276 1471 permansit,
297 1394 371 1470 post
392 1381 461 1448 haec
479 1382 591 1452 dicunt
613 1383 652 1448 de
673 1407 709 1452 ca
729 1386 796 1473 ipsa
816 1384 888 1452 filie
908 1385 1126 1453 Hierusalem:

93 1491 200 1572 «Quae
215 1500 262 1554 est
278 1489 337 1554 ista
353 1513 422 1575 quae
437 1490 581 1560 ascendit
596 1490 740 1558 dealbata
756 1493 945 1560 incumbens
961 1516 1056 1581 super
1070 1493 1130 1559 fra·

88 1614 236 1669 »ternum
256 1599 395 1666 suum‘?
413 1601 460 1668 Nc
476 1601 606 1668 videntis
620 1626 693 1680 me,
712 1605 861 1691 quoniam
885 1604 1040 1671 infuscata
1059 1628 1130 1671 sum

93 1733 194 1797 sego,
219 1709 290 1795 quia
314 1710 530 1797 despexitme
546 1708 651 1776 εον.»
676 1711 803 1778 lnfnsca
823 1712 887 1780 sive
907 1713 1088 1800 denigrata,
1105 1714 1130 1778 si

91 1829 310 1905 competenter
323 1818 415 1884 nobis
431 1817 556 1882 videtur
577 1830 682 1905 aptata
697 1820 852 1906 expositio
868 1843 964 1907 quam
982 1823 1015 1886 iu
1036 1843 1131 1909 supe·

91 1922 228 1988 rioribus
252 1920 300 1988 vel
327 1922 366 1988 de
387 1921 578 2008 JEthiopissa
602 1945 672 2009 quae
693 1945 711 1986 a
734 1923 843 2010 Moyse
865 1936 1010 2012 suscepta
1029 1937 1077 1990 est
1098 1925 1132 1990 in

90 2031 295 2118 conjugium,
311 2027 360 2096 vel
376 2030 416 2096 de
432 2030 539 2124 regina
554 2028 638 2096 Sabe
654 2029 841 2120 AEthiopum
857 2055 927 2118 quae
943 2033 1130 2120 sapientiam

89 2136 268 2206 Salomonis
285 2138 370 2202 venit
385 2137 513 2212 audire,
531 2137 688 2204 texuimus
708 2161 715 2204 ε
740 2139 854 2204 merito
870 2163 956 2205 nunc
976 2140 1046 2206 laaec
1060 2165 1132 2228 quse

88 2247 176 2325 fusce
193 2245 240 2312 sel
256 2246 345 2334 nigra
359 2257 407 2310 est
425 2257 458 2312 et
476 2245 637 2320 formosa.
653 2245 832 2316 satisfacere
855 2247 979 2312 videtur
1001 2271 1059 2335 pro
1081 2249 1132 2314 ni-

90 2353 218 2442 gredine
235 2351 282 2419 vel
298 2352 472 2420 fuscatione
487 2376 563 2428 sua,
582 2375 757 2441 censesque
777 2353 910 2420 reddere
928 2356 1127 2441 exprobren-¹

89 2461 173 2527 tibus
183 2510 192 2538 ,
204 2461 293 2548 quasi
305 2484 375 2548 que
386 2484 451 2527 nnn
466 2473 579 2526 natura
591 2458 680 2535 talis,
698 2461 810 2528 necita
821 2484 836 2524 a
846 2461 1012 2526 conditore
1024 2473 1131 2528 creata

86 2570 149 2644 sit,
166 2570 271 2634 sedeat
287 2569 503 2634 accidentibus
517 2568 581 2633 hoc
599 2592 689 2656 pessa
706 2569 756 2636 sit.
776 2569 823 2634 Ex
838 2587 877 2634 c'o
897 2567 1039 2658 (inquit)
1057 2569 1130 2658 quin

87 2677 137 2746 sol
154 2677 295 2765 despexit
310 2699 371 2742 me.
390 2676 427 2742 la
444 2699 508 2764 quo
519 2676 658 2742 ostendit
674 2699 739 2742 non
755 2676 795 2743 de
810 2675 974 2764 nigredine
987 2677 1132 2764 corporis

88 2786 162 2852 fieri
188 2805 388 2858 sermonem,
414 2783 500 2870 qnod
523 2784 632 2870 utique
648 2782 694 2848 sol
715 2784 886 2848 obscurare
909 2795 941 2848 et
968 2784 1133 2872 denigrare

87 2879 192 2968 solet.
206 2915 280 2958 eum
296 2892 424 2978 respicit
438 2892 536 2980 magis
552 2914 646 2978 quem
667 2914 742 2958 cum
763 2889 906 2980 despicit.
931 2891 979 2958 lta
998 2892 1134 2979 denique

39 3033 43 3040 ·
86 3015 123 3068 et
139 3001 225 3088 apud
239 2998 326 3066 illam
338 3021 466 3064 omnem
482 3011 609 3086 gentem
630 2998 816 3086 AEthiepum
831 2999 957 3074 ferunt,
976 3000 1027 3066 cui
1039 3012 1135 3066 natu-

85 3109 168 3178 ralis
180 3109 326 3195 quaedem
343 3107 425 3174 inest
437 3129 476 3172 ex
487 3107 615 3174 seminis
631 3105 763 3173 carnalis
775 3107 976 3172 successione
989 3108 1133 3196 nigredo,

85 3214 369 3307 qnodinillislocis
380 3213 426 3280 sol
435 3214 530 3280 radiis
539 3215 713 3280 acrioribus
723 3215 1137 3302 strveatetadustnjnmsc-

92 3325 163 3392 mel
176 3337 268 3414 atque
279 3323 432 3390 infuscata
447 3345 579 3410 corpora
586 3324 715 3410 genuini
728 3323 794 3387 vitii
807 3323 1008 3388 successione
1015 3345 1136 3410 perma-

92 3445 205 3500 neant.
216 3432 374 3497 Contrarii
387 3454 461 3495 vero
474 3430 593 3496 ordinis
605 3443 653 3494 cst
663 3432 776 3496 enimse
788 3430 931 3518 nigredo.
945 3430 1025 3496 Nam
1034 3453 1136 3516 neque

87 3553 241 3630 aspectu,
252 3541 307 3605 sed
315 3539 467 3626 despectu
479 3538 552 3604 solis
565 3538 714 3613 inuritur,
727 3561 831 3625 neque
840 3537 1012 3612 nascende,
1023 3538 1075 3603 sed
1085 3562 1138 3602 ne-

79 3649 244 3741 gligendo
261 3647 461 3735 conquiritur
482 3659 541 3712 :et
564 3646 636 3711 ideo
650 3646 732 3710 sicut
749 3648 869 3734 ignavia
887 3647 1072 3723 assumitur,
1093 3647 1136 3716 ita

77 3773 120 3828 et
139 3758 298 3823 industria
317 3754 480 3844 repellitur
503 3765 536 3820 ct
550 3752 740 3841 repulsatur.
763 3755 924 3840 Denique,
943 3765 978 3820 ut
993 3755 1136 3842 superius

128 3904 228 3953 ¹Joan.
244 3918 296 3950 xiv.
312 3902 365 3936 -2
380 3899 452 3949 Cant.
467 3916 528 3961 vna,
549 3899 572 3950 5.
586 3927 617 3936 -
630 3895 638 3926 ³
649 3898 687 3950 ld.
699 3914 724 3960 1,
740 3901 763 3947 6.
