2692 4610
257 304 318 346 212
571 273 573 278 ¹
699 301 842 344 osvosxrs

254 445 266 476 ι
283 417 471 503 Legitimum
494 391 647 481 aternum
665 419 695 480 in
714 417 880 504 progenies
895 427 1027 486 vestras.
1042 412 1222 476 disoernore
1239 409 1291 474 irr-

254 553 267 586 ι
284 537 333 589 ter
347 523 487 589 medium
508 536 691 589 sanatorum
709 537 741 588 et
759 523 1060 594 contaminatorum.
1075 533 1107 584 et
1123 519 1204 584 inter
1220 542 1289 584 me-

254 663 267 696 s
285 633 374 698 dium
394 633 634 698 immundorum
651 645 684 698 et
703 634 787 698 inter
805 632 947 698 medinm
964 631 1170 703 mundorum,
1187 641 1224 692 et
1242 629 1289 692 in·

253 772 266 804 ι
282 755 404 808 struere
413 739 710 808 filioslsrae'lomnia
720 740 1290 832 legitimaquaeloeutusestDominns

252 880 265 912 ι
279 851 388 916 adeas
402 873 460 937 per
474 873 604 915 manum
620 849 719 936 Moysi
733 850 755 912 ¹.
767 879 781 912 ι
799 851 864 916 Lex
879 850 1006 915 evidens
1021 849 1127 923 datur.
1138 861 1172 912 et
1182 869 1290 912 saeer-

254 961 381 1025 dotibns
395 972 428 1023 et
443 960 577 1047 principi
592 959 808 1032 sacerdotum,
821 971 856 1022 ut
870 981 944 1024 oum
959 959 1117 1024 accedunt
1130 956 1172 1020 ad
1184 953 1289 1022 uitare

253 1070 327 1134 vino
342 1068 532 1142 abstineant,
548 1079 581 1131 et
596 1069 683 1132 omni
702 1080 779 1155 potu
796 1067 883 1155 quod
897 1068 1053 1132 inebriare
1068 1079 1183 1154 potest,
1198 1067 1288 1155 quod

250 1177 422 1265 Scriptum
435 1177 546 1241 divinae
558 1175 769 1263 appetistione
785 1174 967 1250 vernacula,
981 1177 1113 1242 siceram
1127 1176 1229 1240 moris
1241 1189 1287 1241 est

251 1284 427 1349 nominare.
441 1282 519 1348 Vult
529 1306 605 1372 ergo
619 1306 724 1348 sermo
736 1283 861 1348 divinus
876 1284 998 1348 sobrias
1013 1283 1045 1347 in
1058 1283 1207 1348 omnihus
1218 1307 1284 1348 essa

251 1391 379 1457 Domini
401 1392 594 1464 sacerdotes,
614 1403 723 1478 utpote
738 1392 806 1478 qui,
822 1392 1010 1457 accedentes
1031 1390 1072 1455 ad
1091 1388 1189 1454 altare
1211 1391 1283 1463 Dei,

252 1523 343 1566 orare
362 1523 420 1588 pro
436 1497 555 1587 populo
570 1499 719 1572 debeant,
736 1511 769 1562 ot
782 1522 841 1586 pro
857 1497 967 1564 alienis
984 1498 1173 1563 intervenire
1186 1497 1284 1564 detio·

251 1608 309 1680 tis;
325 1607 378 1694 qui
394 1605 572 1694 portionem
588 1607 620 1670 in
637 1617 719 1669 terra
737 1629 800 1670 non
816 1607 967 1679 habeant,
981 1607 1036 1670 sed
1052 1607 1117 1694 ipse
1128 1607 1283 1672 Dominus

250 1715 355 1802 portio
371 1733 483 1777 eorum
498 1713 560 1776 sit:
578 1712 623 1777 sio
639 1713 724 1776 enim
740 1713 817 1777 dioit
833 1713 872 1777 de
889 1713 936 1778 his
953 1713 1134 1802 Scriptura:
1153 1741 1169 1774 ι
1179 1714 1282 1788 Filiis,

252 1823 403 1908 sinquit,
417 1821 491 1886 Levi
515 1845 580 1886 non
599 1821 714 1886 dabitis
733 1833 855 1910 partem
877 1822 910 1887 in
928 1823 1034 1888 medio
1055 1823 1187 1888 fratrum
1209 1848 1281 1888 sua-

250 1960 263 1992 »
279 1953 364 2005 runa,
376 1929 448 2018 quia
468 1953 526 2018 ego
544 1931 648 2018 portio
666 1953 778 1996 eorum
794 1931 948 1996 Dominus
964 1932 1049 1997 Deus
1069 1933 1211 2019 ipsorum
1227 1934 1274 1997 ’.ι

251 2036 328 2102 Vult
349 2061 425 2126 ergo
450 2039 538 2113 istos.
559 2038 675 2125 quibus
693 2038 759 2125 ipse
781 2039 937 2104 Dominus
956 2040 1060 2126 portio
1080 2052 1141 2114 est,
1161 2041 1282 2105 sobrios

251 2168 332 2221 esso,
348 2147 486 2234 jejunas,
507 2144 668 2235 vigilantes
689 2147 720 2211 in
742 2148 827 2212 amni
848 2161 1003 2238 tempore,
1020 2149 1155 2214 maxime
1173 2160 1281 2214 autem

251 2257 385 2321 eumad
406 2257 601 2321 exorandum
624 2255 797 2320 Dominum
831 2267 863 2321 et
885 2255 1127 2322 sacrificandum
1153 2258 1184 2321 in
1208 2280 1283 2323 eon·

252 2377 361 2453 speetu
377 2366 446 2451 ejas
461 2362 611 2429 altaribus
630 2376 744 2452 praesto
760 2376 844 2429 sunt.
865 2365 945 2443 Qum
962 2365 1107 2430 mandata
1123 2366 1284 2432 intantum

253 2475 315 2552 vim
334 2475 382 2538 sui
403 2485 542 2548 servant,
554 2486 587 2536 et
603 2475 690 2536 omni
707 2473 905 2538 observantia
922 2473 1122 2538 custodienda
1137 2486 1230 2546 sant,
1252 2488 1288 2539 ut

250 2596 283 2648 ot
302 2579 471 2669 Apostolus
493 2581 561 2644 haec
578 2581 688 2644 eadem
704 2582 776 2644 nov'i
793 2579 984 2646 Testamenti
1005 2582 1125 2670 legibus
1137 2581 1252 2648 firmet
1261 2584 1283 2646 ⁸.

250 2693 286 2755 ln
309 2712 372 2776 quo
395 2686 538 2752 similiter
558 2687 653 2751 etiam
675 2688 742 2775 ipse
761 2689 993 2766 sacerdotibus,
1014 2690 1061 2755 vel
1083 2691 1286 2780 principibus

248 2795 447 2860 sacerdotum
465 2794 534 2857 vitae
550 2792 672 2881 regulas
687 2816 821 2882 ponens,
832 2797 910 2863 dicit
926 2819 981 2862 eos
998 2820 1060 2862 non
1081 2798 1201 2864 debere
1215 2823 1286 2865 esso

250 2903 322 2966 vino
345 2899 445 2965 multo
467 2899 649 2973 servientes,
674 2902 730 2966 sed
756 2902 877 2966 sobrios
903 2926 982 2969 esse.
1011 2903 1173 2970 Sobrietas
1195 2909 1288 2973 enim
1338 2919 1340 2948 ³

252 3011 394 3076 omnium
420 3011 574 3074 virtutum
596 3020 699 3078 muter
723 3023 783 3084 est,
808 3011 890 3076 sieut
913 3035 931 3076 e
955 3015 1117 3079 contrario
1143 3017 1288 3083 ebrietas
1336 2967 1339 3082 A

252 3119 394 3184 omnium
417 3118 563 3183 vitiorum
583 3117 605 3182 ⁶.
627 3117 745 3205 Aperte
767 3120 851 3184 enim
876 3123 1091 3208 pronuntiavit
1110 3123 1293 3212 Apostolus
1336 3119 1338 3124 ’

250 3229 379 3293 dicens:
403 3225 562 3300 «Vinum,
580 3226 612 3290 ia
630 3249 693 3312 quo
709 3237 757 3290 ost
772 3225 895 3294 luxuria
913 3229 923 3261 ⁵
933 3253 941 3300 3
963 3259 975 3290 ι
997 3243 1032 3294 ut
1048 3233 1238 3298 ostenderet
1253 3257 1295 3300 ex

146 3407 148 3414 ,
250 3337 415 3410 ebrietate,
434 3334 530 3401 veluti
549 3335 789 3424 primogenitam
814 3338 924 3413 filiam,
947 3341 1092 3428 generari
1112 3340 1292 3409 luxuriam.

250 3441 332 3506 Tum
363 3455 511 3530 praeterea
538 3452 571 3505 et
593 3439 750 3518 Salvator,
777 3444 905 3510 Domini
931 3460 963 3511 et
986 3447 1067 3536 regis
1092 3451 1298 3518 auctoritate

252 3549 470 3617 sacerdotibus
492 3545 586 3611 simul
609 3558 641 3612 et
659 3547 782 3636 populis
804 3548 947 3640 leges'ao
967 3555 1037 3640 jura
1059 3558 1295 3626 constituens:

214 3727 221 3736 ⁸
259 3656 460 3729 «Attendite,
481 3655 603 3738 inquit,
632 3679 672 3720 ne
697 3655 777 3721 sorte
807 3672 977 3746 graventur
1002 3663 1098 3727 corda
1123 3680 1236 3734 vestra
1265 3671 1300 3735 in

282 3807 291 3838 ¹
305 3808 383 3852 Levis.
397 3821 421 3860 x,
432 3805 481 3851 Set
491 3804 709 3867 seqq.-⁸Nnm.
723 3825 795 3866 xvvn,
810 3825 848 3866 ro,
862 3809 949 3858 artas.
965 3828 1018 3869 xur,
1032 3811 1130 3868 rA.-⁸
1145 3831 1152 3859 t
1170 3813 1253 3864 Tim.
1267 3833 1295 3865 r.

250 3909 280 3920 -
293 3880 302 3912 ⁴
313 3880 364 3927 Tit.
377 3896 393 3925 v.
406 3905 436 3916 υ-
446 3877 456 3908 ⁵
467 3878 560 3940 Ephas.
578 3893 602 3936 v,
618 3879 657 3926 18.
