2796 4618
382 299 413 342 1u
439 299 575 342 nouenos
599 297 727 341 nonnis
753 299 793 340 ur.
1044 279 1108 366 559

75 423 152 486 tiam
168 429 201 484 et
217 415 338 482 nectus
349 415 555 502 poenitentise,
572 437 628 503 per
644 438 721 504 quos
738 413 900 480 interitum
917 407 1110 484 imminentis

77 530 161 596 exitii
169 526 327 617 possimus
338 525 482 592 evadere.
496 525 565 591 Hoc
576 537 656 614 puto
667 526 818 591 accidisse
828 525 924 591 etiam
936 526 1054 616 populo
1066 527 1111 593 illi

79 640 129 727 qui
143 638 209 704 luit
224 647 298 702 ante
319 626 389 710 nos,
406 635 534 722 quando
550 655 663 700 omnes
675 634 924 713 declinaverunt,
940 659 1050 707 omnes
1068 629 1112 703 siss

80 748 141 825 mul
165 745 297 812 inutiles
318 745 393 810 faeti
408 756 495 818 sunt,
510 758 543 808 et
560 767 625 810 non
640 744 698 809 suit
713 747 767 832 qui
788 746 906 812 faceret
920 741 1110 822 benitatem,

80 858 215 925 nonfuit
232 854 382 942 usquead
395 852 523 920 unum'¹.
541 853 574 918 Si
587 855 672 918 enim
686 854 808 931 fuisset,
822 879 985 944 nunquam
1002 857 1110 944 utique
1184 919 1187 928 ,

83 966 300 1054 dereliquisset
311 986 364 1028 eos
375 964 470 1030 Deus.
486 962 550 1030 Sed
561 975 593 1028 et
605 987 662 1028 nos
676 964 842 1030 timeamus
858 989 898 1030 ne
914 967 994 1032 sorte
1009 966 1110 1032 simile

84 1078 201 1168 aliquid
215 1074 393 1142 inveniatur
406 1074 438 1138 in
453 1075 554 1140 nobis.
573 1073 683 1140 Timeo
699 1076 784 1141 enim
805 1071 892 1141 illam
911 1067 1110 1156 seutentiam,

86 1191 115 1254 in
133 1211 198 1276 qua
214 1184 370 1251 Dominus
388 1197 421 1248 et
439 1182 582 1249 Salvator
597 1197 716 1260 noster,
732 1185 785 1273 qui
802 1200 917 1253 cuncte
933 1190 1111 1276 praenoseit,

88 1299 172 1384 quasi
188 1297 338 1362 dubitans
354 1293 431 1359 dicit
446 1317 454 1356 :
476 1293 593 1359 «Putes
609 1296 735 1360 veniens
754 1294 851 1361 Filius
867 1296 1004 1363 bominis
1023 1299 1113 1364 inve-

91 1407 182 1471 »niet
195 1405 289 1470 fidem
303 1427 399 1492 super
414 1401 574 1468 terram²l
585 1433 597 1466 ι
607 1404 627 1469 J
630 1406 767 1470 ubentur
781 1427 857 1493 erge
873 1405 995 1494 Moyses
1010 1421 1043 1474 et
1057 1410 1115 1474 Aa·

94 1538 152 1580 ron
166 1515 249 1579 exire
268 1514 303 1580 de
320 1513 426 1580 medio
441 1536 619 1604 synagogae,
637 1527 671 1579 ut
686 1514 886 1581 interimatur
902 1541 1058 1609 synagoge
1076 1521 1116 1586 de

95 1622 200 1690 semel.
214 1622 274 1688 Sed
286 1623 446 1689 videamus
461 1623 536 1710 quid
554 1623 605 1689 isti
620 1624 750 1700 faciunt,
768 1627 967 1703 sanctisunt,
984 1617 1114 1716 perlecti

97 1744 178 1810 sunt,
189 1745 219 1798 et
233 1732 302 1822 plus
319 1733 417 1820 magis
432 1731 591 1821 Evangelii
608 1733 752 1822 discipuli
768 1757 863 1821 quam
879 1735 983 1824 Legis,
996 1748 1030 1802 et
1044 1738 1115 1804 ideo

97 1843 223 1934 diligunt
237 1844 334 1910 etium
351 1841 497 1908 inimicos
512 1865 598 1918 suos,
614 1853 711 1929 atque
725 1853 816 1908 orarit
831 1867 889 1932 pro
904 1849 1116 1931 persecutori-

94 1955 150 2019 bus
160 1956 234 2020 suis.
249 1951 313 2019 lllis
324 1952 410 2020 enim
421 1952 620 2018 saevientibus
632 1965 668 2016 ut
678 1950 893 2019 interficerent
904 1977 971 2029 eos,
982 1955 1032 2021 isti
1044 1979 1116 2045 pro-

94 2063 202 2132 cidunt
216 2063 250 2127 in
264 2061 376 2128 faeiem
392 2085 482 2127 suam
495 2083 589 2150 super
603 2071 731 2127 terram.

148 2173 209 2236 «Et
224 2171 267 2235 ait
278 2169 396 2257 Moyses
412 2170 453 2236 ad
467 2170 573 2238 buron
591 2195 599 2234 :
618 2170 752 2236 Assume
767 2169 924 2246 batillum,
941 2185 973 2236 et
989 2175 1116 2262 impone

101 2308 114 2340 ι
131 2301 224 2368 super
238 2276 315 2343 illud
328 2279 425 2368 ignem
441 2280 480 2345 ab
496 2277 598 2353 altari,
615 2291 647 2342 et
662 2278 758 2368 injice
772 2275 816 2342 illi
831 2280 1010 2356 incensum,
1023 2295 1056 2348 et
1069 2283 1117 2347 el-

100 2419 112 2452 »
127 2389 175 2454 fer
188 2387 335 2456 velociter
347 2391 376 2456 in
392 2402 507 2466 eastra,
520 2400 552 2456 et
567 2411 660 2454 exora
675 2411 733 2476 pro
748 2388 843 2476 ipsis:
859 2389 932 2453 exiit
944 2381 1029 2455 enim
1044 2391 1088 2455 ira
1101 2414 1118 2456 a

93 2532 106 2564 ι
123 2512 297 2589 conspectu
309 2501 447 2575 Domini,
460 2510 492 2563 et
507 2499 571 2584 jam
581 2498 678 2586 ,cepit
693 2509 814 2563 vestare
830 2498 1039 2587 populum⁸.»
1056 2500 1119 2568 Ve-

91 2635 161 2679 rum
184 2612 336 2699 quoniam
356 2610 390 2677 in
407 2609 466 2674 hos
487 2610 686 2696 pervenimus
710 2606 809 2684 locos,
829 2608 898 2674 volo
918 2611 958 2676 de
978 2614 1119 2679 bonitate

90 2723 147 2787 Dei
167 2722 342 2788 admonere
361 2717 530 2806 discipulos
546 2716 675 2792 Christi,
692 2717 814 2804 nequis
830 2717 909 2784 sorte
925 2732 1064 2786 vestrum
1080 2725 1119 2787 ab

86 2831 248 2898 baereticis
261 2830 473 2896 conturbetur
487 2829 512 2893 si
525 2828 651 2914 quando
663 2838 824 2891 certamen
835 2827 993 2904 inciderit,
1006 2828 1066 2896 illis
1077 2831 1121 2896 di·

88 2943 238 3010 centibus
250 2939 403 3027 quoniam
418 2937 502 3002 Deus
518 2935 608 3024 Legis
624 2958 688 3000 non
703 2945 750 2999 est
765 2935 880 3010 bonus,
892 2936 948 3000 sed
961 2938 1076 3024 justus,
1089 2953 1122 3007 et

90 3051 203 3140 Moysis
223 3049 275 3116 lex
290 3072 355 3114 non
372 3047 546 3117 bonitatem
562 3045 716 3118 continet,
733 3043 788 3108 sed
805 3044 968 3130 justitiam.
987 3043 1122 3113 Videant

91 3185 162 3251 ergo
172 3161 231 3250 qui
242 3161 348 3226 Deum
359 3159 476 3247 pariter
487 3156 696 3222 criminantur
705 3164 737 3218 et
748 3151 877 3242 Legem,
888 3158 1049 3240 quomodo
1057 3158 1122 3225 Mo·

93 3293 160 3358 yses
175 3275 244 3360 ipse
258 3284 292 3335 et
315 3269 421 3337 Aaron
444 3267 563 3355 priores
579 3265 722 3332 lecerunt
739 3263 801 3330 hoe
817 3253 901 3352 qu'od
916 3270 1120 3353 postmodum

94 3379 300 3469 Evangelium
322 3378 443 3444 docuit.
467 3379 552 3443 Ecce
572 3373 672 3463 diligit
688 3371 812 3460 Moyses
834 3371 990 3450 inimicos,
1004 3391 1036 3441 et
1054 3393 1123 3446 oret

90 3515 153 3581 pro
164 3491 418 3579 persecutoribus
429 3489 504 3565 suis,
518 3487 602 3575 qued
618 3485 725 3572 utique
739 3482 882 3549 Christus
898 3483 965 3549 lieri
978 3486 1010 3554 in
1023 3489 1122 3556 Evan-

89 3599 183 3691 geliis
198 3601 300 3667 docet.
316 3599 435 3666 Audite
449 3599 533 3664 enim
548 3595 708 3685 quomodo
724 3595 873 3660 cadentes
889 3595 922 3659 in
941 3595 1052 3661 faciem
1074 3623 1123 3665 su-

32 3719 35 3728 ’
91 3735 149 3799 per
165 3723 282 3776 terrem
304 3721 469 3796 orentpro
485 3705 611 3794 illisqui
628 3704 667 3769 ad
691 3702 924 3768 interficiendos
946 3727 1000 3770 eos
1023 3708 1110 3773 insur

90 3834 247 3890 rexerant.
266 3819 322 3886 Sic
338 3839 414 3906 ergo
431 3816 587 3881 iuvenitur
603 3825 635 3879 et
651 3805 810 3901 Evangelii
820 3812 1076 3902 virtusinLege,
1092 3831 1124 3884 et
1198 3858 1201 3864 ι
1255 3829 1262 3845 ·

124 3955 133 3988 ¹
147 3953 240 4004 l’ulm.
257 3968 315 4011 rur,
328 3949 353 3998 5.
363 3945 414 3986 -2
428 3947 489 3995 Luc.
501 3961 571 4003 artri,
583 3943 607 3992 8.
624 3971 651 3981 —
664 3942 673 3975 ³
685 3941 759 3992 Mum.
775 3942 877 4002 rv1,46.

944 4050 994 4092 ⁸22·
