2702 4610
216 250 275 312 108
653 261 796 306 onteaars

213 397 260 450 est
276 384 426 456 tantatio;
441 383 514 469 quia
530 381 590 448 nisi
604 381 753 446 buccinet
769 379 858 452 tuba,
874 400 940 442 nou
955 375 1165 443 committitur
1180 375 1249 441 bel-.

213 491 304 558 lum:
327 491 382 556 ubi
405 514 478 556 aero
493 491 618 578 signum
639 487 715 554 belli
740 489 816 552 tuba
838 485 1068 574 predicationis
1091 485 1248 550 ostende-
1337 467 1339 578 l

212 601 266 675 rit,
290 601 345 674 ibi,
364 600 478 687 inquit,
496 599 639 684 sequitur
657 597 801 670 alllictio,
823 595 866 661 ibi
878 595 980 659 omnis
1000 593 1245 660 tribulationum

213 733 316 798 pugna
331 709 504 796 consurgit.
518 710 565 774 Ex
576 731 639 796 quo
654 731 730 794 ergo
739 705 828 792 loqui
843 704 939 792 ooepit
953 705 1077 790 Moyses
1091 717 1126 768 et
1138 704 1247 769 Aaron
1338 727 1339 744 ¹

211 821 253 884 ad
267 819 477 892 Pharaonem,
494 817 643 905 affligitur
658 815 793 904 populus
807 816 877 882 Dei.
903 816 951 880 Ex
970 837 1034 900 quo
1051 815 1085 879 in
1105 814 1246 884 animam
1338 797 1339 814 i

213 938 300 992 tuam
316 949 419 992 sermo
434 926 493 992 Dei
511 925 650 1014 perlatus
664 937 725 999 est,
741 924 917 990 necessario
933 935 1094 988 certamen
1113 923 1197 988 intra
1213 937 1248 986 te

216 1038 383 1103 virtutibus
398 1039 564 1103 adversum
582 1038 655 1104 vitia
669 1037 841 1102 suscitatur
856 1057 866 1098 ε
883 1035 970 1123 prius
984 1051 1171 1122 vero·quam
1189 1057 1244 1099 ao·

213 1150 295 1214 niret
310 1172 414 1214 sermo
429 1151 482 1236 qui
499 1159 656 1236 argueret,
673 1146 745 1212 vitia
761 1146 844 1210 intra
866 1158 898 1208 te
918 1145 952 1208 iu
971 1165 1051 1230 pace
1065 1143 1243 1214 durabaut;

214 1258 270 1324 sed
284 1259 339 1324 ubi
359 1281 462 1324 sermo
477 1258 535 1323 Dei
558 1257 664 1322 lacere
682 1256 778 1344 eoepit
794 1255 1043 1340 uniuscujusque
1057 1252 1245 1326 discrimen,
1338 1307 1339 1310 ,

214 1379 291 1432 tunc
308 1369 503 1455 perturbatio
519 1389 631 1454 magna
649 1365 823 1452 consurgit,
838 1377 872 1429 et
887 1365 955 1430 sino
970 1363 1088 1428 scedere
1103 1365 1246 1428 nascitur
1338 1451 1339 1454 Ἴ

215 1473 345 1541 bellum.
362 1477 444 1542 Cum
459 1475 612 1563 injustitia
626 1475 711 1540 enim
726 1473 856 1562 quando
869 1485 974 1562 potest
989 1472 1158 1538 convenire
1177 1473 1246 1560 jus-

116 1590 121 1596 '
213 1587 504 1674 titia‚impudicitia
516 1605 589 1650 oum
601 1585 783 1659 sobrietate,
795 1605 871 1650 cum
882 1582 1011 1647 veritate
1023 1579 1245 1646 mendacium?

213 1692 254 1756 Et
269 1691 341 1758 ideo
356 1714 420 1756 non
435 1713 627 1778 magnopere
642 1690 877 1777 perturbemur,
895 1687 920 1752 si
935 1687 1060 1754 videtur
1076 1686 1151 1751 odor
1169 1709 1238 1750 nos-

215 1813 264 1868 ter
278 1799 462 1866 execrabilis
477 1823 544 1865 esse
559 1799 726 1866 Pharaoni.
750 1798 949 1864 Execrationi
965 1821 1104 1886 namque
1116 1810 1147 1863 et
1158 1798 1239 1864 vitiis

216 1911 344 1976 ducitur
360 1910 468 1975 virtus.
484 1909 570 1988 Quin
592 1911 709 1997 potius,
727 1921 761 1975 ut
777 1912 810 1974 in
824 1908 1051 1996 posterioribus
1066 1907 1156 1982 dicit,
1171 1907 1244 1994 quia

216 2019 303 2085 stetit
322 2018 445 2106 Moyses
465 2031 538 2084 ante
561 2019 772 2096 Pharaonem.
794 2032 914 2086 stemus
936 2019 1033 2084 etiarn
1057 2041 1115 2084 nos
1135 2031 1245 2082 eontra

215 2129 413 2195 Pharaonem
429 2143 462 2194 et
477 2154 540 2196 non
555 2129 735 2206 flectamur,
750 2130 808 2196 sed
828 2141 947 2194 stemus
964 2128 1144 2194 ssuccincti
1167 2124 1246 2191 lum·

217 2241 302 2306 »bos
316 2255 444 2303 nostros
457 2239 489 2304 in
505 2239 647 2314 veritate,
663 2252 696 2304 at
709 2238 840 2304 colonati
856 2239 953 2327 perles
968 2241 999 2302 in
1016 2239 1245 2326 praeparatione

144 2337 145 2342 ¹
218 2376 231 2408 ι
248 2345 406 2436 Evangelii
432 2347 548 2436 pacis¹.
563 2377 576 2410 a
592 2347 646 2413 Sic
659 2348 745 2414 enim
761 2371 818 2414 nos
841 2346 988 2412 bortatur
1007 2345 1175 2434 Apostolus
1194 2345 1241 2408 di-

216 2478 314 2522 cens:
336 2455 451 2522 «State
467 2467 588 2544 ergoet
611 2454 708 2520 nolite
728 2456 845 2522 iterum
866 2457 943 2543 'Jugo
966 2456 1125 2520 servitutis
1147 2455 1240 2520 inhn-

217 2594 229 2624 ι
246 2589 316 2630 rere
326 2564 348 2630 ².
365 2595 378 2626 ι
395 2567 513 2630 lterum
536 2563 637 2628 dicit:
657 2564 721 2628 «ln
741 2576 952 2650 quesumus,
973 2577 1007 2629 et
1028 2563 1201 2652 gloriamur
1214 2563 1249 2627 in

217 2699 301 2764 »spo
322 2673 428 2762 glorie
450 2673 510 2738 Dei
524 2673 547 2736 ³.
564 2699 576 2732 s
592 2672 720 2738 Stemus
735 2685 842 2738 autem
858 2675 1071 2749 confidenter,
1092 2677 1118 2740 si
1137 2677 1251 2741 Domi-

216 2807 294 2850 num
309 2783 519 2870 deprecemur
535 2793 570 2847 ut
592 2792 709 2848 statuat
728 2783 824 2870 pedes
850 2797 976 2850 nostros
998 2805 1094 2871 anper
1112 2785 1248 2871 petram,

215 2918 257 2961 ne
282 2894 373 2960 nobis
397 2891 475 2957 illud
495 2892 620 2957 eveniat
641 2892 727 2979 quod
749 2892 833 2958 idem
857 2893 1015 2982 Propheta
1036 2893 1138 2962 dicit:
1159 2893 1249 2957 «atet

218 3032 231 3067 ι
246 3016 352 3070 autem
367 3000 462 3090 paulo
477 3003 581 3068 minus
593 3003 672 3068 moti
683 3015 757 3069 sunt
775 3002 885 3091 pedes,
897 3015 929 3066 et
940 3000 1249 3090 paulominus-ellusi

216 3141 229 3174 ι
246 3125 319 3178 sunt
333 3135 457 3201 gressus
469 3112 531 3177 mei
542 3112 564 3177 ⁴.
579 3140 592 3173 ι
611 3111 738 3178 Stemus
749 3135 825 3201 ergo
836 3121 910 3178 ante
920 3113 1132 3188 Pharaonem,
1144 3113 1249 3187 idest,

217 3222 407 3286 obsistamus
418 3219 447 3284 ei
461 3220 493 3285 in
504 3221 692 3294 certamine.
704 3221 787 3286 sicut
798 3232 832 3286 et
842 3221 955 3286 Petrus
965 3219 1135 3310 Apostolus
1146 3219 1227 3288 dicit
1239 3243 1248 3285 s

226 3328 310 3392 «Cui
327 3329 460 3394 resistite
476 3329 571 3394 sortes
587 3331 618 3396 in
635 3330 698 3396 lide
708 3330 730 3396 ⁵.
747 3361 760 3394 a
777 3331 890 3398 Sedet
910 3331 1025 3396 Paulus
1045 3330 1253 3404 nihssomiuus

218 3437 318 3505 dicit:
339 3438 451 3504 «State
473 3439 505 3504 in
526 3439 590 3504 lida
610 3452 644 3504 et
666 3440 796 3508 viriliter
811 3441 893 3530 agite
903 3441 954 3505 ’.ι
973 3441 1007 3508 si
1024 3442 1112 3506 enim
1127 3441 1255 3518 sortiter-

218 3547 411 3622 steterimus,
423 3560 636 3635 consequetur
647 3547 726 3616 illud
736 3551 823 3640 quod
833 3553 944 3618 orabat
959 3533 1075 3616 Paulus
1085 3573 1144 3639 pro
1158 3551 1253 3618 ‹lisoi-

219 3654 302 3756 pulis
322 3656 444 3732 dicens,
463 3657 535 3743 quia
553 3657 663 3724 «Deus
681 3671 826 3726 conteret
843 3659 943 3728 Satan
960 3662 1019 3727 sub
1035 3661 1168 3750 pedibas
1181 3683 1254 3728 ves-

254 3815 366 3880 ¹l⁴lplrrs.
381 3831 414 3869 vr,
430 3815 456 3874 tl
469 3825 492 3863 ut
511 3817 548 3863 15.
559 3813 611 3868 -.²
621 3815 679 3866 Gal.
695 3833 720 3882 a,
736 3834 755 3864 ι.
768 3817 817 3856 -³
834 3819 907 3868 ttom.
920 3833 943 3877 v,
957 3835 979 3866 a.
990 3845 1020 3855 -
1032 3817 1041 3849 ⁸
1054 3816 1117 3866 Psal.
1130 3832 1217 3876 ιιιιιι,
1230 3831 1253 3860 n.

219 3888 271 3924 -l
287 3905 294 3935 t
308 3891 361 3936 Pet.
379 3905 402 3948 v,
414 3905 438 3952 9.
452 3917 481 3926 -
494 3891 503 3922 ⁶
517 3907 529 3937 a
543 3892 599 3939 Cor.
614 3907 664 3950 aar,
682 3891 720 3938 ιδ.
