2682 4594
352 247 383 292 rr
407 248 521 292 araaun
544 246 708 293 arenosus
730 250 803 294 uou.
830 251 863 293 u.
1059 207 1118 292 ,gt

101 370 193 445 deret,
213 379 407 456 quapropter
425 367 575 434 dicebat:
599 396 612 429 ι
632 370 681 434 Tu
702 392 737 434 es
757 369 811 457 qui
833 380 1057 446 venturuses,
1081 393 1122 437 an

100 479 184 545 alium
199 474 469 565 expectamus¹ls
491 475 562 543 Non
577 498 718 564 egressus
738 499 809 543 sum
833 503 849 543 a
869 479 1057 568 proposito,¹
1070 501 1122 544 ne

100 609 154 673 que
171 585 323 660 materiae,
340 606 411 671 quaa
426 583 505 648 mihi
524 607 589 672 prae
603 585 749 650 manibus
763 596 830 660 est,
848 583 964 649 oblitus
980 609 1061 651 sum.
1078 585 1122 650 ll-

100 698 150 762 lud
166 700 294 786 probare
315 695 408 761 nobis
422 696 455 760 iu
474 697 579 762 animo
595 709 642 762 est
659 747 668 774 ,
691 698 717 762 si
737 720 847 763 omnes
862 698 916 784 qui
931 709 1003 763 ante
1018 697 1124 764 Chris-

101 812 162 864 tum
176 801 205 864 in
218 799 377 865 infernum
393 798 642 875 descenderunt,
659 823 868 888 praecursores
881 800 1010 877 Christi,
1029 813 1123 887 atque

99 909 249 995 Prophetae
268 906 375 978 luere;
394 905 462 993 pari
477 905 598 972 ratione
614 918 647 972 et
662 907 843 974 Samuelem
855 932 894 973 eo
911 908 1124 986 descendisse,

100 1037 156 1080 aon
170 1011 364 1102 simpliciter,
382 1013 436 1078 sed
450 1023 485 1077 ut
496 1025 659 1088 sanctum
672 1015 727 1081 ubi
739 1015 764 1080 si
776 1029 823 1082 est
835 1029 980 1091 sanctus,
996 1029 1125 1082 sanctus

97 1122 215 1188 omnino
229 1132 289 1186 est.
305 1120 419 1187 Nonne
434 1121 467 1186 id
478 1120 574 1186 etiam
587 1123 628 1187 de
641 1122 768 1188 Christo
781 1121 973 1190 affirmamus
982 1123 998 1187 l
1008 1123 1124 1190 Annon

96 1229 227 1294 Christus
251 1241 339 1304 erat,
356 1226 431 1294 licet
447 1226 616 1316 aliquando
634 1230 719 1318 apud
740 1231 856 1296 inferos
872 1231 966 1296 tirerit
978 1231 993 1296 i
1007 1230 1124 1298 Annon

97 1337 151 1401 luit
161 1335 241 1402 lilius
250 1336 328 1414 Dei,
344 1333 418 1401 lieet
429 1335 463 1401 in
474 1336 687 1402 subterraneis
699 1337 827 1426 degeret
842 1337 939 1414 locis,
957 1366 969 1399 a
982 1348 1017 1402 ut
1030 1361 1126 1404 omne

102 1467 198 1533 agenu
211 1441 392 1509 flecteretur
401 1444 434 1508 in
446 1444 574 1509 nominc
588 1443 684 1520 Jesu,
696 1442 892 1523 caelestium,
906 1446 1126 1522 terrestrium,

103 1563 152 1616 ret
166 1549 389 1619 infernorum&
407 1579 421 1612 s
443 1551 514 1617 Non
530 1549 621 1617 aliter
640 1552 784 1619 Christus
799 1565 888 1630 erat,
904 1551 978 1620 licet
996 1553 1125 1620 iuferius

102 1671 196 1734 esset,
211 1671 247 1724 ut
256 1660 302 1724 sie
313 1659 438 1734 dicam,
455 1659 527 1725 etsi
543 1660 576 1726 in
589 1660 728 1726 inferiori
743 1660 814 1728 loco
827 1674 951 1751 ageret,
964 1661 1127 1728 voluntate

97 1767 235 1856 superius
248 1778 325 1834 erat.
331 1767 457 1851 ,Eodem
468 1778 563 1854 pacto
574 1779 607 1832 et
617 1767 801 1858 Prophetae,
814 1780 846 1834 et
856 1769 985 1836 Samuel
994 1757 1128 1858 ,quam-

90 1876 133 1940 vis
152 1898 189 1940 eo
207 1873 422 1950 descendant,
446 1874 499 1939 ubi
515 1886 588 1940 sunt
609 1876 722 1941 animae
740 1899 810 1965 quae
828 1877 861 1942 in
883 1875 1012 1942 internis
1027 1927 1041 1954 ,
1055 1876 1131 1944 loco

6 2057 12 2068 ἱ
89 1982 213 2070 quidem
238 1981 369 2046 inferius
395 1993 469 2046 sunt
481 2005 490 2055 ς
510 1993 543 2046 at
560 2005 625 2048 non
646 1983 775 2048 inferius
799 1995 872 2049 sunt
895 1982 1065 2052 voluntate.
1080 1985 1132 2070 ¹Et

87 2113 190 2179 quaero
205 2113 246 2156 an
261 2087 499 2178 supercoelestia
511 2091 742 2179 prophetarint.
758 2091 800 2158 At
812 2115 871 2180 ego
887 2115 1043 2182 nusquam
1059 2094 1126 2158 dre·

87 2197 173 2262 moni
183 2194 318 2262 similem
333 2197 509 2284 potentiam
521 2199 712 2264 concedam.
724 2199 750 2265 N
754 2221 805 2263 am
816 2197 947 2266 Samuel
960 2199 1000 2264 de
1016 2199 1130 2275 saule,

88 2317 122 2369 et
136 2303 251 2393 populo
263 2304 342 2380 Dei,
362 2315 396 2368 et
409 2327 507 2392 regno
530 2305 650 2382 David,
667 2305 768 2372 David
783 2303 904 2372 scilicet
920 2318 1125 2394 regnaturum

86 2412 280 2478 vaticinatur.
297 2411 361 2492 Qui
375 2411 569 2477 contrarium
583 2413 742 2488 sentiunt,
758 2414 942 2490 veritatem,
960 2437 1030 2500 quae
1042 2413 1074 2483 in
1086 2437 1137 2480 eo-

81 2519 156 2586 loco
166 2532 235 2595 est,
250 2518 440 2585 confirmare
455 2542 489 2584 se
500 2541 566 2584 non
580 2542 677 2608 posse
689 2519 949 2587 animadvertent.
968 2519 1033 2586 Sed
1048 2543 1126 2607 qua-

81 2649 160 2692 nam
175 2625 300 2692 ratione
319 2636 446 2690 sanetus
468 2649 529 2713 pro
543 2623 643 2692 salute
666 2625 748 2694 male
764 2651 796 2692 se
812 2627 1015 2702 habentium,
1032 2626 1065 2692 in
1081 2626 1125 2692 lo·

80 2758 158 2800 cum
167 2733 222 2800 ubi
235 2744 423 2821 permaneat
435 2732 605 2798 deveniet?
619 2729 735 2800 lnloca
750 2733 888 2800 militum
903 2735 1124 2822 egrotantium

81 2841 200 2907 medici
222 2861 367 2928 gressum
381 2840 516 2927 dirigant
532 2864 541 2904 ε
556 2841 718 2906 introeant
731 2843 784 2907 ubi
797 2841 891 2906 ioetor
908 2840 1053 2906 ulcerum
1067 2867 1125 2908 ao-

79 2966 157 3009 rum
169 2942 249 3010 male
263 2942 338 3010 olet.
360 2943 430 3009 Hoc
442 2945 580 3032 suggerit
596 2945 795 3012 medicorum
815 2947 848 3012 in
863 2945 1009 3012 homines
1022 2971 1120 3012 amor.

77 3053 137 3118 Sic
152 3063 184 3115 et
205 3050 413 3139 Propheticus
435 3073 541 3114 sermo
563 3049 717 3116 Salsatori
735 3053 853 3128 suasit,
871 3065 906 3118 ut
921 3077 960 3118 eo
977 3054 1122 3130 veniret,

73 3157 356 3245 descenderetque
369 3157 400 3222 in
416 3157 585 3226 infernum.
597 3157 681 3224 lllud
692 3159 768 3224 item
780 3161 1124 3228 orationiaddendum:

69 3264 212 3332 Samuel
223 3265 382 3353 Propheta
398 3264 475 3341 luit,
492 3287 599 3351 eoque
613 3277 740 3330 mortuo
755 3265 920 3356 prophetia
933 3269 972 3334 ab
988 3267 1042 3333 illo
1058 3269 1137 3334 dis-.

69 3374 188 3439 cessit.
217 3373 334 3440 Annon
363 3395 437 3438 vera
466 3373 543 3436 dicit
573 3371 794 3461 Apostoluslr
816 3375 888 3440 Jam
909 3375 1065 3465 propheto
1085 3399 1124 3441 ex

63 3491 214 3568 sparte,
231 3493 318 3544 etex
334 3491 424 3567 parte
435 3501 616 3567 cognosco:
635 3503 710 3545 cnm
730 3503 805 3546 vero
825 3485 1062 3559 consummatio¹
1073 3508 1129 3549 ve·-

54 3619 77 3652 ι
91 3589 202 3663 uerit,
218 3600 297 3653 tunc
310 3587 396 3674 quod
407 3610 446 3652 ex
460 3599 549 3674 parto
564 3599 629 3664 est,
642 3589 737 3654 etiam
749 3591 956 3656 evacuabitur
965 3592 989 3656 ⁸.
999 3619 1016 3666 ,ι
1028 3591 1117 3660 Con-

52 3694 252 3760 summatio
278 3693 384 3778 itaque
404 3703 476 3782 post
498 3691 595 3779 hujus
619 3693 689 3760 vitae
707 3691 804 3762 linem
826 3707 883 3765 est.
910 3693 1125 3784 thuidquid

105 3837 231 3887 ¹lllatrlr.
244 3853 285 3900 ιι,
300 3835 324 3886 3.
336 3863 367 3872 -
381 3832 488 3904 ²Plrilip.
503 3854 537 3898 rr,
554 3853 593 3888 ιο.
608 3834 661 3874 -l
680 3855 689 3888 r
707 3835 765 3889 Cor.
776 3855 839 3902 xus,
853 3856 877 3906 9.
