2692 4610
372 305 405 346 ltt
428 305 597 350 intinctu
620 307 748 352 Hofflttt
773 307 826 349 vn.
1058 310 1117 370 217

4 477 5 480 ,
96 437 177 492 rorat
194 447 273 512 ergo
288 425 548 501 ruminationem,
564 428 618 514 qui
638 449 676 492 ea
696 450 766 514 qum
788 428 964 492 secundum
979 425 1117 494 litteram

94 533 160 621 legit
170 545 299 600 revocat
313 535 494 598 adsensum
511 535 717 622 spiritualem,
730 547 763 602 et
776 538 817 600 ab
829 535 946 602 infimis
961 548 993 602 et
1009 536 1117 603 visibi-

94 641 170 706 iibua
186 642 228 705 ad
250 639 414 706 invisibilia
432 654 465 706 et
485 641 593 708 altiora
609 645 804 710 conscendit.
825 643 889 710 Sed
909 645 935 709 si
958 643 1119 709 mediteris

96 747 196 836 legem
213 750 359 824 divinam,
371 761 405 813 et
424 773 462 814 ea
479 775 549 838 quoe
562 750 698 842 legislad
711 752 859 818 subtilem
870 766 903 822 et
918 752 959 817 ad
973 752 1117 839 spiritua-

99 857 159 922 lem
176 854 410 943 intelligentiam
425 881 566 932 revoces,
580 862 642 924 rita
653 873 760 926 autem
776 873 829 924 tua
840 873 874 926 et
887 871 978 926 actus
994 859 1040 925 tui
1052 881 1116 922 non

98 966 156 1030 siut
169 963 241 1030 teies
254 978 288 1028 ut
298 964 438 1030 habeant
450 968 673 1033 discretionem
686 968 755 1034 ritae
771 970 930 1054 presentis
944 981 976 1032 et
990 968 1117 1040 suturae,

97 1075 183 1161 bujus
197 1074 304 1139 muli
317 1088 351 1138 et
365 1075 472 1140 saecuii
486 1079 705 1166 superventuri
712 1101 722 1149 ;
738 1078 763 1140 si
779 1099 842 1144 nen
855 1078 910 1142 ista
923 1074 1117 1164 competenti

93 1185 207 1248 ratione
218 1185 381 1250 discernas
392 1195 425 1248 at
440 1184 571 1258 dividas,
589 1184 728 1250 camelus
739 1207 773 1248 ea
786 1196 945 1248 tortuosus
957 1207 964 1247 :
977 1183 1031 1269 qui
1042 1203 1116 1250 cum
1179 1219 1187 1228 ·

90 1293 286 1358 intellectum
305 1293 468 1379 acceperis
489 1315 529 1357 ex
550 1293 754 1358 meditatione
777 1291 873 1380 hujus¹
895 1293 1008 1366 dirime
1025 1290 1114 1378 legis,

92 1425 155 1468 non
169 1401 282 1467 dividis
293 1424 395 1488 neque
410 1423 554 1490 segregas
569 1402 733 1490 praeseutin
747 1413 780 1468 at
794 1400 913 1474 sutura,
930 1421 989 1463 nec
1004 1421 1116 1486 angus-

96 1523 161 1574 tam
169 1509 330 1574 siamuvia
338 1512 472 1597 spatiosa
480 1511 628 1576 secernis.
640 1508 817 1576 Sedadhuc
826 1507 1020 1589 manifestius
1032 1507 1118 1592 quod
1150 1517 1157 1526 '

96 1618 212 1683 dicitnr
223 1617 433 1706 explanemus.
452 1619 535 1684 Sunt
550 1619 603 1707 qui
626 1632 790 1685 assumunt
813 1629 1036 1684 testamentum
1058 1616 1116 1681 Dei

90 1751 149 1816 per
161 1751 196 1793 os
210 1751 316 1803 suum,
328 1741 361 1793 et
375 1752 451 1793 cum
468 1727 571 1817 legem
585 1729 642 1793 Dai
661 1729 693 1793 in
709 1751 765 1792 ore
779 1728 930 1801 habeant,
947 1727 1008 1792 vita
1024 1736 1056 1792 et
1069 1746 1120 1790 ac·

90 1851 137 1902 tus
151 1837 200 1902 sui
214 1836 309 1926 longe
324 1861 341 1902 a
359 1839 462 1902 verbis
478 1861 589 1903 eorum
603 1851 637 1904 et
648 1838 846 1903 sermonibus
862 1836 1050 1924 discrepant.
1064 1835 1118 1900 Di-

87 1959 162 2012 cunt
177 1948 280 2021 enim,
295 1959 328 2011 et
343 1970 406 2011 non
430 1947 550 2012 faciunt
569 1971 578 2011 ε
596 1948 765 2035 dequibus
785 1959 818 2012 et
839 1946 996 2033 Propheta
1011 1946 1088 2010 dicit
1105 1967 1113 2010 ι

95 2055 290 2120 «Peccatori
309 2068 417 2119 autem
432 2056 511 2121 dixit
525 2056 610 2120 Deus
628 2077 637 2118 ε
657 2056 766 2133 Quare
783 2067 817 2120 tu
836 2075 963 2119 enarras
982 2052 1116 2140 justitias

91 2185 215 2238 rmeas,
225 2176 257 2228 et
268 2164 399 2228 assumis
414 2174 639 2229 testamentum
654 2184 762 2228 meum
776 2185 832 2249 per
842 2183 877 2225 os
893 2159 1047 2226 tuum¹i·
1061 2157 1119 2225 Vi-

94 2271 150 2334 des
162 2293 236 2357 ergo
249 2273 406 2358 quomodo
417 2273 476 2336 iste
487 2272 639 2347 ruminat,
653 2271 706 2359 qui
718 2279 943 2338 testamentum
954 2269 1012 2334 Dei
1023 2267 1119 2337 habet

94 2378 128 2440 in
143 2398 199 2440 ore
213 2399 279 2440 suo.
300 2377 360 2442 Sed
377 2378 455 2465 quid
474 2378 506 2443 in
525 2377 729 2465 sequentibus
748 2376 789 2440 ad
802 2397 876 2439 eum
893 2372 1030 2438 dicituri¹
1046 2371 1117 2434 «Tu

89 2517 102 2546 ι
118 2499 228 2553 auteur
241 2487 332 2553 odisti
344 2487 557 2576 disciplinam,
568 2500 601 2552 et
612 2486 756 2574 abjecisti
771 2507 932 2550 sermones
948 2504 1035 2546 meos
1051 2492 1121 2568 post

88 2627 101 2658 ι
113 2595 175 2662 te².
187 2597 248 2662 »in
256 2621 319 2684 quo
327 2599 490 2664 evidenter
497 2597 636 2663 ostendit
646 2597 743 2661 istum
755 2594 968 2658 ruminantem
979 2588 1122 2678 quidem,

86 2707 144 2772 sed
166 2705 318 2795 ungulam
337 2731 400 2772 non
417 2707 609 2774 dividentem
626 2731 635 2770 ε
652 2719 684 2772 et
700 2705 771 2770 ideo
788 2700 972 2766 immundus
987 2698 1123 2786 estqui·

90 2838 231 2904 cumque
247 2827 295 2879 est
312 2814 381 2879 talis
383 2861 520 2880 ..........

132 2924 214 2987 Haec
229 2921 378 3010 quidem⁸
401 2919 588 3009 generaliter
604 2919 688 2984 dictu
704 2919 766 2982 sint
782 2916 822 2980 de
838 2911 1050 2979 animalibus:
1071 2908 1122 2974 iilo

88 3055 165 3098 rere
179 3056 253 3120 quae
268 3032 301 3096 in
318 3032 407 3118 aquis
421 3043 507 3106 sunt,
527 3029 599 3117 quia
619 3029 782 3097 dicuntur,
801 3025 826 3089 si
842 3022 970 3110 quidem
986 3019 1124 3085 habeant

86 3143 203 3229 pinnas
219 3153 252 3206 et
271 3162 431 3227 squamas,
450 3138 567 3203 munda
579 3159 666 3206 esser
686 3135 712 3198 si
730 3153 802 3198 vero
817 3153 880 3195 non
896 3128 1046 3200 habeant,
1061 3126 1123 3192 im·

87 3250 225 3324 munda,
244 3271 307 3314 nec
327 3248 378 3313 edi
393 3247 533 3312 debere:
553 3241 632 3309 iliud
647 3242 679 3306 in
695 3241 743 3304 bia
759 3236 947 3308 ostenditur,
964 3244 999 3297 ut
1014 3231 1124 3318 siquis

91 3371 140 3423 est
150 3359 182 3424 io
193 3359 285 3447 aquis
296 3358 364 3422 istis
376 3367 408 3420 et
424 3356 457 3420 in
468 3355 547 3420 mari
559 3354 629 3418 ritae
644 3351 740 3437 hujus
751 3359 846 3434 atque
861 3345 892 3408 in
903 3342 1053 3408 ssuctibus
1065 3361 1124 3406 sm-

96 3466 161 3532 cuii
173 3469 305 3555 positus,
324 3476 432 3529 tamen
448 3461 562 3528 debeat
576 3459 650 3526 setis
665 3479 757 3546 agere
774 3466 807 3518 ut
827 3475 891 3516 non
910 3451 943 3515 in
960 3447 1124 3535 profundis

89 3575 376 3664 jacmtaquarum,
389 3572 473 3646 sicut
487 3578 562 3633 sunt
576 3566 625 3631 isti
641 3565 742 3653 pisces
754 3561 806 3647 qui
824 3559 973 3624 dicuntur
987 3580 1051 3622 non
1065 3555 1124 3619 ha-

85 3685 165 3748 bere
187 3685 302 3773 pinnas
326 3702 432 3767 neque
452 3699 608 3766 squamas.
632 3675 707 3740 Haec
724 3693 861 3757 namque
880 3688 991 3733 eorum
1012 3678 1124 3732 natura
