2660 4610
290 297 321 342 m
347 297 509 342 cturrouu
532 297 737 342 caurrconuu
759 300 819 342 un.
848 299 870 340 r.
1034 277 1094 352 401

63 423 199 492 vinculis
222 423 412 509 quibusdam
431 423 594 488 charitatis
611 423 680 509 ejus
700 425 837 486 astrictae
862 421 1102 494 adhaerentem,

66 559 107 600 ne
124 531 208 596 ultra
221 528 404 594 mobilitatis
421 528 554 617 alicujus
571 527 652 593 ullus
664 530 696 593 in
711 530 756 593 eis
773 529 906 593 resident
922 528 1032 602 locus,
1050 528 1105 592 sed

69 643 132 704 sint
148 662 223 704 cum
243 661 279 701 eo
296 660 377 701 tinus
396 637 542 726 spiritus,
556 649 591 701 et
600 636 799 724 compleatur
817 638 849 701 in
864 638 909 700 eis
925 635 1006 700 illud
1020 636 1106 722 quod

69 747 301 835 scriptumest:
321 745 432 810 «Sicut
446 757 499 819 tu,
517 745 627 819 Pater,
648 746 678 808 in
693 767 762 818 me,
779 756 813 809 et
829 767 887 832 ego
907 743 938 807 in
958 755 991 807 te
1008 768 1107 808 unum

74 877 222 928 numus,
240 853 281 916 itu
297 863 329 916 et
343 851 394 916 isti
410 851 443 916 in
459 851 551 916 nobis
565 875 664 917 unum
680 852 741 915 sint
752 851 797 915 ¹.»
814 852 878 916 Sed
890 850 1109 915 nuncinterim

74 965 131 1049 (ut
145 961 288 1049 videtur)
308 983 421 1048 sponsa
438 960 625 1026 consociatis
645 961 704 1024 sibi
722 958 964 1024 adolescentulis
986 959 1109 1032 multis,

70 1068 276 1156 quantumin
292 1067 520 1154 posterioribus
537 1065 642 1131 nullus
659 1089 727 1130 esse
747 1091 898 1132 numerus
918 1067 1052 1142 dieitur,
1072 1068 1112 1132 ab

70 1202 136 1242 uno
148 1175 218 1240 solo
229 1197 342 1251 sensu,
359 1174 391 1239 id
405 1187 472 1251 est,
485 1175 619 1240 odoratu
632 1175 855 1239 tautummodo
877 1184 967 1263 capta
984 1199 1113 1240 currere

71 1310 104 1350 se
121 1287 153 1349 in
166 1284 299 1348 odorem
316 1295 549 1371 unguentorum
563 1283 669 1370 sponsi
684 1294 933 1348 commemorat:
949 1285 1013 1347 sive
1027 1283 1112 1370 quod

74 1396 140 1481 ipsa
154 1416 250 1458 eursu
266 1391 404 1479 indigeat
422 1391 528 1456 adhuc
541 1402 573 1454 et
591 1390 758 1479 prosectu,
777 1391 841 1455 sire
857 1391 943 1476 quod
963 1391 1027 1478 ipsa
1043 1391 1112 1478 qui-

79 1502 150 1565 dem
162 1499 301 1588 perlecta
318 1498 376 1573 sit,
394 1521 453 1586 pro
471 1497 520 1561 his
541 1509 647 1562 autem
667 1494 910 1562 adolescentulis
925 1521 995 1583 quae
1012 1498 1116 1561 adhuc

80 1631 174 1674 cursu
185 1619 216 1672 et
227 1605 421 1694 profectibus
435 1603 592 1694 indigent,
603 1605 697 1669 etiam
712 1605 822 1693 ipsese
836 1629 964 1670 currere
977 1605 1093 1669 latetur
1106 1627 1114 1670 ι

81 1716 164 1780 sicut
179 1726 209 1778 et
222 1712 272 1778 ille
286 1713 339 1800 qui
357 1715 509 1801 cumipse
526 1714 584 1777 sub
600 1711 668 1802 lege
686 1735 749 1778 non
765 1725 866 1789 esset,
883 1712 920 1777 fit
936 1725 1042 1779 tamen
1057 1716 1116 1779 sub

78 1823 167 1912 lege,
184 1834 217 1886 ut
232 1845 286 1886 eos
303 1821 356 1909 qui
379 1822 440 1884 sub
460 1821 528 1909 lege
549 1832 623 1886 sunt
640 1819 830 1893 lucrifaciam
854 1833 885 1885 et
905 1821 1021 1886 iterum
1040 1846 1117 1888 cum

73 1932 107 1995 in
124 1929 195 2018 lege
206 1930 246 1994 sit
258 1929 395 2005 Christi,
411 1928 460 1994 his
478 1940 584 1994 tamen
600 1929 654 2017 qui
678 1930 744 1994 sinc
767 1927 835 2018 lege
850 1939 924 1994 s'unt
940 1929 976 1994 fit
997 1942 1029 1994 et
1052 1931 1117 2019 ipse

71 2039 145 2103 sine
165 2035 253 2125 lege,
274 2048 307 2100 ut
324 2060 379 2101 eos
401 2037 454 2124 qui
473 2037 540 2101 sine
560 2034 628 2124 lege
644 2047 716 2100 sunt
732 2035 841 2101 salvet.
859 2039 899 2103 Et
914 2037 977 2102 hoc
996 2037 1033 2103 fit
1063 2038 1074 2124 (
1085 2051 1119 2102 ut

74 2149 214 2213 diximus
224 2153 235 2235 )
247 2146 313 2212 solo
326 2147 430 2212 adhuc
440 2147 574 2211 odoratu
585 2147 655 2234 ejus
670 2159 812 2234 accepto.
826 2147 912 2227 Quid
925 2160 1015 2235 putas
1025 2163 1119 2237 agent

72 2279 152 2322 cum
169 2267 203 2319 et
218 2254 361 2320 auditum
376 2277 487 2320 earum
499 2266 533 2318 et
549 2255 650 2318 visum
662 2265 695 2318 et
706 2265 826 2320 tactum
839 2304 848 2329 ,
862 2266 1053 2344 gustumque
1068 2280 1119 2320 oc-

74 2365 246 2453 cupaverit
262 2364 395 2428 verbum
411 2363 489 2439 Dei,
507 2375 539 2426 et
554 2361 684 2450 singulis
703 2363 880 2450 quibusque
901 2364 1044 2428 sensibus
1061 2366 1119 2428 vir-

74 2485 164 2536 tutes
180 2494 218 2536 ex
238 2493 271 2536 se
287 2481 502 2558 competentes
521 2481 642 2534 naturae
663 2491 774 2535 eurum
793 2471 1024 2559 capacitatique
1036 2495 1100 2560 pree

68 2578 213 2645 buerit?
238 2579 280 2644 ita
315 2588 350 2642 ut
373 2576 484 2643 oculus
509 2577 533 2642 si
556 2577 663 2642 videre
692 2577 831 2666 potuerit
866 2578 998 2667 gloriam
1029 2581 1117 2666 ejus,

64 2685 213 2777 gloriam
229 2696 379 2772 tauquam
395 2684 546 2773 unigeniti
564 2685 708 2759 uPatre,
725 2683 810 2750 aliud
835 2684 915 2751 ultra
930 2687 995 2774 jam
1012 2687 1118 2752 videre

65 2794 180 2868 nolit,
196 2815 299 2881 neque
311 2793 436 2859 auditus
453 2791 537 2856 aliud
552 2816 647 2880 quam
664 2795 797 2859 verbum
809 2795 878 2858 vitae
891 2806 922 2857 et
937 2793 1045 2860 salutis
1062 2821 1118 2860 au-

62 2905 156 2971 dire.
182 2901 245 2966 Sed
267 2914 299 2966 et
320 2903 411 2990 cujus
432 2924 542 2966 manus
560 2899 733 2989 palpaverit
755 2903 794 2966 de
816 2903 1019 2978 verbositas,
1041 2904 1119 2970 nihil

62 3011 160 3076 ultra
180 3008 361 3084 materiale,
389 3006 465 3072 nihil
485 3007 593 3096 fragile
616 3010 835 3095 caducumque
861 3007 1028 3098 palpabit3
1059 3037 1119 3079 uec

58 3131 192 3210 gustus
207 3138 281 3181 eum
295 3117 593 3204 gustaveritbonum
607 3118 738 3180 verbum
750 3117 827 3191 Dei,
844 3139 1037 3206 carnemque
1049 3121 1118 3209 ejus

59 3239 99 3292 et
117 3247 244 3314 panem
256 3224 308 3310 qui
325 3223 364 3288 de
381 3221 462 3289 coelo
478 3224 660 3298 deseendit,
678 3221 763 3289 aliud
779 3225 855 3311 quid
871 3226 1024 3312 posthaec
1041 3251 1116 3316 gus-

61 3350 146 3401 tare
163 3332 313 3420 patietur.
334 3332 401 3396 Prae
421 3330 589 3397 dulcedine
605 3355 742 3420 namque
758 3333 873 3420 ipsius,
891 3345 922 3397 et
946 3337 1117 3415 suavitate,

59 3438 189 3507 omnis
199 3437 335 3526 reliquus
350 3441 378 3502 ei
396 3461 489 3527 sapor
503 3462 594 3527 asper
608 3439 767 3504 ridebitur
782 3451 814 3504 et
830 3463 974 3516 emarus,
995 3455 1027 3506 et
1046 3443 1117 3509 ideo

53 3548 135 3613 hoc
154 3542 229 3608 solo
245 3555 397 3609 vescetur.
418 3544 556 3608 Omnem
574 3566 711 3630 numque
727 3546 912 3610 suavitatem
928 3569 1118 3631 quamcum-

52 3677 133 3747 que
155 3651 299 3738 cupierit
315 3651 347 3715 in
371 3651 431 3716 hoc
446 3650 603 3724 inveniet,
624 3650 663 3714 ad
686 3652 790 3716 omnia
807 3675 943 3738 namque
964 3663 1071 3740 aptum
1087 3679 1120 3720 se

51 3761 205 3833 reddit,
231 3771 262 3822 et
282 3757 429 3823 habilem.
456 3759 600 3845 Denique
622 3758 672 3822 his
688 3760 742 3848 qui
761 3780 798 3823 ex
821 3757 1051 3845 incorruptibili
1071 3785 1121 3826 se-

96 3925 106 3957 Ι
124 3923 349 3976 Joan.xvrr,21.

223 4027 249 4064 x.
904 3972 909 3983 ·
949 4004 988 4064 att
