2744 4624
440 326 471 367 ιιι
499 327 623 368 mooun
646 325 774 370 ιιιιιιιιιι
800 328 821 367 ι.
1101 305 1141 387 87

105 443 169 507 mis
181 440 283 507 vuldo.
303 441 369 509 Nisi
384 441 474 506 euim
491 439 591 526 (siout
609 439 676 527 ipse
693 440 1143 530 duit¹leeuidimetgrsuu1u

105 551 262 616 frumeuti
274 551 308 614 iu
325 561 458 623 mmm,
483 559 517 614 ot
538 559 699 614 mortuum
716 548 837 624 luisset,
853 573 917 614 non
934 549 1044 636 utique
1061 549 1145 614 leue·

108 671 185 724 tum
197 657 285 724 huno
298 656 473 746 plurimum
488 656 584 722 totius
602 657 689 722 orbis
710 669 802 724 murm
817 656 957 728 Ecclesia
975 655 1140 724 attulisset.

113 769 217 856 igitur
229 780 428 856 posteaquam
448 767 565 832 eeoidit
579 789 715 856 gieuum
730 768 763 832 in
778 779 909 842 tenum.
927 782 961 834 et
980 779 1144 834 mortuum

116 888 178 952 ost,
190 877 287 942 omnis
297 876 365 943 lueu
379 900 420 941 ex
434 876 505 964 ipso
517 877 654 944 surrexit
671 875 814 944 fidelium
832 899 932 968 seges,
948 889 980 944 ot
995 875 1144 966 multipli-

117 986 178 1050 cati
188 998 259 1050 suet
271 984 326 1050 lilii
338 982 448 1060 temet.
464 997 498 1050 ot
509 981 709 1050 invaluerunt
721 986 814 1050 nimis
826 985 934 1051 vuldes
947 987 1004 1052 «ln
1015 1007 1144 1052 omnem

114 1095 230 1158 »onim
246 1107 362 1162 terrem
378 1093 475 1159 exivit
492 1109 588 1160 soum
607 1095 856 1182 Apostolorum,
868 1108 901 1160 ot
917 1095 950 1160 iu
964 1093 1044 1160 linos
1059 1094 1144 1160 orbis

112 1215 231 1270 uterum
254 1206 350 1270 verbe
370 1203 520 1278 eorum²;
536 1217 594 1270 »et
614 1227 672 1294 pes·
693 1205 789 1292 ipsos.
813 1205 894 1270 siout
913 1204 1066 1292 seriptum
1080 1214 1142 1276 ost.
1254 1285 1262 1294 ἢ

121 1313 294 1382 «Verbum
314 1316 439 1380 Domini
460 1316 639 1392 crescebat,
665 1326 699 1382 ot
720 1313 1046 1403 multiplicabatur'.»
1069 1315 1145 1380 llseo

118 1421 495 1509 quantumsdmystieum
506 1422 862 1511 pertinetiutolleetum.
877 1423 941 1488 sed
952 1421 1144 1488 otmomlem

124 1535 156 1598 iu
167 1533 220 1597 liis
234 1552 299 1598 nou
312 1534 486 1599 omittemus
499 1533 618 1600 looum.
634 1533 784 1600 AEdiliout
796 1534 882 1598 enim
893 1531 1014 1597 suimus
1024 1530 1147 1595 audito

123 1658 205 1709 rum.
224 1640 363 1728 lgituset
373 1640 404 1706 iu
417 1653 447 1706 to
460 1642 487 1706 si
503 1641 659 1708 morietur
674 1640 806 1728 Joseplt,
818 1639 852 1704 id
866 1653 927 1713 ost,
940 1638 966 1704 si
977 1635 1146 1704 mortifion-

118 1751 238 1814 tieuom
255 1748 370 1815 Christi
384 1751 416 1816 iu
427 1772 561 1839 oet-pose
573 1764 630 1816 tuo
641 1750 804 1838 suscipies,
815 1759 849 1816 et
864 1746 1037 1814 mortifices
1049 1769 1146 1812 mem·

114 1857 170 1920 bos
181 1868 237 1920 tus
248 1867 394 1946 peceato,
404 1867 483 1924 tuno
495 1859 528 1924 in
541 1872 571 1924 te
586 1855 944 1946 multiplioobuotmlilii
954 1853 1060 1922 lsrael.
1072 1853 1143 1920 Filii

113 1959 212 2028 lsrael
228 1985 337 2030 sensus
348 1965 425 2031 toni
436 1975 469 2030 et
480 1963 658 2053 spirituales
668 1965 880 2053 accipiuntur.
900 1964 934 2030 Si
948 1986 1024 2052 orgo
1038 1987 1147 2030 seusus
1252 1967 1257 1978 '

113 2071 219 2136 menis
239 2071 487 2148 mostifieentur,
506 2093 617 2138 seusus
636 2072 762 2160 spiritus
782 2083 943 2147 euesouut,
958 2084 992 2136 et
1005 2071 1146 2160 quotidie

116 2181 342 2246 emorientibus
357 2181 389 2244 in
402 2193 434 2245 te
445 2181 540 2254 vitiis,
557 2181 709 2246 virtutum
721 2202 873 2244 eumerus
884 2191 1034 2268 sugetun
1049 2179 1148 2245 sedet

124 2300 207 2352 tem
219 2287 444 2377 tomdtipliost
452 2289 486 2354 in
496 2290 646 2381 operibus
661 2288 767 2364 boeio,
778 2311 849 2376 quae
859 2311 916 2377 per
927 2287 1068 2354 efficium
1081 2309 1148 2353 eeu

119 2396 208 2482 poris
226 2397 445 2464 minuti-untur.
464 2395 584 2464 Verum
598 2397 624 2464 si
636 2399 682 2468 ,ι’ἰι
694 2410 730 2462 ut
745 2399 910 2462 ostendum
922 2397 980 2462 tibi
993 2397 1032 2462 de
1043 2396 1149 2488 Scrip-

116 2506 211 2581 turis,
227 2508 295 2595 quis
313 2521 361 2572 est
375 2529 469 2596 quem
489 2519 572 2574 terte
591 2505 860 2596 multiplicaverit,
878 2507 1001 2572 intuere
1016 2507 1148 2593 Aposto-

113 2613 183 2682 lum
200 2613 333 2682 Paulum
347 2617 510 2703 quomedo
534 2617 611 2683 dioit
628 2641 636 2682 ι
654 2643 667 2678 ι
682 2617 716 2682 Si
732 2629 839 2684 eutem
865 2614 969 2681 visere
988 2614 1020 2680 iu
1040 2637 1148 2688 corne,

112 2751 126 2786 ι
142 2724 196 2790 hio
212 2725 293 2789 mihi
308 2725 429 2790 lmetus
445 2727 549 2813 operis
559 2737 620 2801 est.
631 2737 664 2791 et
678 2715 879 2813 qu'ideligem¹
895 2723 1017 2812 ignoro.
1034 2723 1149 2790 eoam-

113 2844 193 2898 »tou
207 2834 297 2899 euim
313 2857 353 2900 ex
373 2833 512 2910 duobus,
533 2835 725 2900 desiderium
740 2835 860 2901 hebeno
885 2832 1011 2899 dissolvi
1030 2846 1063 2898 et
1080 2855 1148 2898 esso

113 2963 220 3007 »essm
242 2941 383 3017 Christo,
400 2941 501 3008 multo
522 2945 608 3010 enim
630 2941 762 3018 melius3
784 2961 972 3034 pei-munere
988 2953 1097 3035 sutem
1115 2944 1148 3010 iu

112 3079 127 3110 ι
141 3069 243 3117 arno
257 3051 357 3139 mugio
371 3053 584 3118 necessus-lusu
599 3063 730 3140 psopter
746 3075 800 3117 vos
811 3051 834 3117 ⁴.
851 3079 864 3114 ι
880 3051 974 3118 Vides
988 3053 1149 3139 quomodo

113 3159 202 3224 huuc
219 3171 304 3224 tem
320 3158 532 3246 multiplicet?
552 3160 637 3226 Dum
655 3159 740 3230 euim
756 3170 863 3226 manet
879 3161 910 3225 in
926 3170 1023 3232 temo.
1040 3159 1150 3233 idest,

114 3267 147 3333 iu
162 3291 262 3334 nme
278 3291 350 3342 sua,
361 3267 591 3356 multiplicetur
602 3270 771 3336 ooudoudo
783 3268 951 3344 Eoelesiss,
965 3267 1151 3360 multiplicu-

120 3376 375 3464 tursoquireudo
388 3375 542 3465 populum
558 3377 638 3450 Deo,
654 3389 688 3442 et
701 3378 741 3444 eb
759 3376 950 3444 Hierusalem
965 3378 1000 3442 in
1015 3378 1150 3444 circuitu

125 3485 269 3570 usquead
281 3482 445 3572 lllyrieum
457 3485 515 3552 liei
529 3483 735 3573 Evangelium
745 3486 960 3574 pimdioendo.
973 3485 1039 3551 Sed
1051 3486 1152 3552 videe-

121 3613 190 3657 mus
203 3594 279 3681 quid
294 3594 423 3660 additur
438 3595 470 3665 in
485 3595 762 3681 consequentibus.

166 3703 341 3770 «Surrexit
356 3715 473 3781 eutem,
493 3706 616 3792 inquit,
639 3727 695 3770 rex
713 3704 792 3770 elius
811 3707 842 3771 in
858 3705 1008 3795 AEgypto,
1026 3706 1079 3796 qui
1096 3727 1153 3769 ne-

116 3841 128 3874 ι
144 3813 266 3880 soiebut
279 3813 416 3901 loseph.
429 3827 461 3880 ot
475 3816 552 3884 dixit
566 3816 651 3905 genti
664 3836 745 3881 suos:
758 3818 842 3884 Eece
857 3836 933 3904 gens
951 3813 1089 3880 filiorum
1105 3813 1152 3878 ls-

148 3941 243 3993 ¹Joan,
258 3959 304 4001 ιιι,
319 3941 360 4002 ul.
373 3969 402 3980 -
415 3941 425 3975 ²
436 3943 499 3992 l'sol.
511 3943 671 4005 us11t‚5.-²
686 3946 741 3994 det.
755 3959 824 4009 v1,·7.
835 3969 864 3981 -
875 3943 884 3976 l
897 3941 961 3994 Phil.
974 3960 994 4004 1,
1006 3959 1046 4003 ιι,
1058 3941 1096 4002 2³,
1110 3941 1155 4000 sl.
