2734 4594
234 279 292 342 162
682 295 825 338 ostensus

227 425 297 511 ejus
309 421 420 496 Anna,
440 441 509 522 qun
524 429 627 483 servat
641 429 673 482 et
690 415 828 482 custodit
845 439 921 480 eum
937 427 970 480 et
984 414 1105 480 enutrit
1118 437 1193 477 etim
1208 463 1217 487 ,
1235 425 1271 476 ut

233 545 377 618 tompore
397 539 577 616 opportuno
598 525 716 613 pariter
733 548 808 590 cum
826 523 894 612 ipso
912 523 1071 590 ascendat.
1093 522 1174 602 Qute
1194 545 1272 586 cum

232 639 345 705 viderit
359 636 417 724 ipsi
435 635 545 702 edesse
565 646 710 722 tempus,
729 644 766 697 ut
781 634 846 720 jam
862 632 1015 698 recedens
1031 655 1049 695 a
1064 629 1147 696 lacte
1162 628 1276 695 solidis

230 760 263 811 ct
273 744 408 811 sortibus
424 743 503 808 cibis
519 754 637 818 utatur,
656 753 690 805 ut
705 740 804 829 possit
819 752 850 806 et
866 739 1084 806 sacerdotibus
1097 739 1276 812 interesse,

231 867 263 919 et
275 854 315 918 de
328 851 433 917 altoris
445 850 540 915 edere
552 848 732 924 sacrificiis,
745 860 823 913 tunc
834 871 908 914 eum
920 847 988 912 Deo
999 859 1177 912 consecrat.
1193 843 1279 910 vide

235 961 261 1026 si
283 961 314 1026 in
335 957 398 1024 alio
418 957 491 1024 loeo
511 957 544 1022 in
563 955 734 1044 scripturis
754 955 870 1021 sanctis
890 955 1011 1020 invenis
1025 952 1198 1042 significari
1219 951 1278 1016 ali-

233 1092 365 1159 qucmu
388 1066 470 1132 lactc
485 1063 663 1154 depulsum.
684 1066 751 1154 Ego
768 1077 876 1130 tamen
896 1073 1052 1156 quantuni
1074 1061 1114 1127 nd
1136 1083 1280 1149 praesens

234 1177 388 1244 memoria
411 1174 569 1265 suggerit,
592 1174 681 1240 lenae
700 1155 834 1238 memini
853 1196 861 1238 :
883 1173 923 1238 de
944 1195 1009 1260 quo
1030 1172 1189 1259 scriptum
1208 1182 1279 1244 est,

235 1286 322 1375 quod
337 1283 518 1350 convivium
532 1305 684 1370 magnum
699 1280 775 1350 lecit
791 1279 952 1348 Abraham
967 1303 1003 1344 ea
1017 1279 1068 1344 dio
1083 1303 1147 1366 qua
1162 1302 1181 1343 a
1196 1276 1280 1343 lacte

236 1391 384 1482 depulsus
393 1402 440 1456 est
449 1391 536 1456 Isaac
551 1388 632 1454 lilius
643 1388 750 1454 suus¹.
765 1389 860 1476 Apud
871 1387 1016 1454 homines
1027 1385 1159 1474 quidem
1170 1384 1279 1452 sacculi

236 1501 331 1590 hujus
343 1511 487 1589 puncntes
499 1496 602 1563 solent
613 1495 725 1562 notulis
737 1496 824 1562 diem
836 1495 999 1562 celebrare
1007 1493 1150 1560 liliorum
1160 1519 1169 1560 t
1180 1495 1279 1560 dhre

235 1610 311 1676 ham
331 1632 405 1674 vero
425 1627 498 1672 non'
511 1603 653 1672 celebrat
673 1602 812 1670 natalem
832 1604 918 1670 diem
941 1603 1030 1670 lsuuc
1051 1602 1109 1668 lilii
1132 1603 1202 1679 sui,
1226 1603 1279 1668 sed

235 1715 326 1784 illum
338 1717 422 1781 diem
437 1714 551 1780 lectum
565 1713 628 1801 ugit
638 1761 647 1788 ‚
659 1725 692 1777 et
703 1711 818 1778 laetitioe
830 1713 981 1800 deputat,
994 1723 1028 1775 et
1041 1711 1188 1777 convivia
1200 1710 1278 1777 cele

187 1827 190 1834 '
237 1828 329 1899 brat,
345 1846 420 1890 cum
436 1845 511 1886 eum
523 1847 540 1887 a
551 1819 636 1887 lacte
651 1818 800 1909 depellit,
813 1833 846 1885 et
859 1820 899 1886 nd
910 1821 998 1886 cibos
1009 1819 1106 1885 sortes
1119 1831 1152 1885 et
1163 1819 1278 1886 solidos
1355 1793 1357 1816 *

240 1931 397 2022 applicat,
414 1930 501 2018 quusi
514 1929 537 1994 si
549 1953 606 2019 per
617 1928 686 1995 haeo
699 1929 819 1995 diceret
834 1929 923 1995 lseac
937 1953 944 1993 :
968 1928 1077 1994 «cum
1091 1928 1194 1994 sectus
1208 1951 1275 1992 sum

240 2041 321 2116 uvir,
338 2039 468 2128 deposui
483 2061 553 2127 quse
566 2050 657 2104 erant
667 2035 791 2126 purvuli
801 2035 824 2101 ².
839 2065 852 2098 ι
868 2036 1003 2125 Oportet
1014 2060 1093 2126 ergo
1104 2034 1195 2102 tdem
1206 2057 1271 2100 esse
1355 2003 1357 2116 l

240 2151 326 2215 hunc
343 2147 396 2236 qui
412 2145 545 2212 offertur
561 2147 629 2211 Deo
641 2158 676 2211 ut
687 2131 809 2211 hibitet
823 2146 856 2210 in
868 2145 1000 2222 sanctis,
1018 2145 1075 2232 qui
1087 2144 1173 2236 posit
1185 2141 1264 2206 vesci

241 2257 390 2324 carnibus
404 2255 540 2332 sanctis,
558 2255 598 2320 de
614 2255 730 2342 quibus
744 2254 898 2342 scriptum
913 2265 983 2320 cst:
1002 2249 1276 2342 ‹Sanctiltcsmini

243 2378 299 2430 »ut
315 2363 514 2431 manducetis
529 2362 672 2430 cernesl.
688 2392 700 2424 ι

285 2473 343 2539 ΙΧ.
355 2473 418 2538 Sed
427 2469 589 2537 videamus
598 2469 765 2560 qualicum
773 2493 869 2560 prece
878 2470 982 2547 Anna,
995 2471 1027 2538 id
1033 2483 1084 2536 est
1090 2471 1194 2561 gratia
1209 2493 1279 2536 con-
1354 2481 1356 2504 ¹

242 2594 345 2648 secret
358 2582 437 2647 Deo.
454 2580 577 2646 Novum
593 2581 710 2668 quippe
724 2578 844 2668 aliquid
859 2580 891 2645 in
905 2579 1069 2669 principiis
1084 2581 1162 2669 ipsis
1178 2581 1280 2646 obsco
1353 2569 1356 2708 ]

241 2692 396 2758 vabimus.
412 2689 562 2755 ditenim
576 2712 583 2752 :
599 2688 644 2752 Et
654 2687 752 2754 oravit
766 2688 881 2765 Anna,
899 2700 928 2753 et
942 2687 1053 2753 dicit&
1071 2691 1112 2753 Et
1123 2712 1282 2778 nusquam
1355 2735 1356 2756 ι

161 2793 168 2802 ’
240 2821 312 2866 cam
329 2797 417 2886 quusi
437 2797 477 2864 ud
491 2797 593 2862 Deum
607 2809 752 2863 orantem
771 2796 917 2873 invenio,
935 2796 982 2862 vol
1002 2795 1213 2885 loquentem,
1229 2797 1283 2863 nisi
1354 2849 1356 2898 Ι

241 2932 298 2996 pen
313 2907 377 2972 duo
392 2918 517 2970 tuntum
534 2905 648 2982 verbu,
668 2906 721 2970 ubi
738 2905 836 2970 dicit:
860 2906 1000 2972 «Laetutn
1016 2929 1087 2972 sum
1103 2907 1138 2971 in
1154 2906 1286 2974 salutari

244 3027 321 3079 »tuo
332 3013 381 3090 ⁵,s
398 3026 430 3079 et
443 3011 549 3078 uliud:
569 3041 581 3073 ι
594 3013 677 3093 Quin
690 3037 755 3078 non
766 3026 814 3078 cst
824 3025 938 3102 pnaetcr
949 3025 991 3078 te.
1003 3041 1017 3074 ι
1031 3013 1167 3080 Initium
1181 3029 1287 3081 autem
1353 2961 1356 3092 l

244 3123 288 3188 sio
307 3122 404 3187 halet
426 3146 434 3187 :
455 3148 468 3184 ι
483 3119 642 3187 Exultnvit
657 3143 836 3188 cormeum
854 3121 887 3187 in
905 3121 1079 3187 Domino.»
1100 3123 1175 3188 Non
1193 3124 1288 3197 dixit,

243 3227 393 3296 exultavit
414 3252 470 3294 cor
491 3251 600 3296 meum
620 3228 653 3292 in
675 3240 718 3294 te.
743 3229 776 3295 Si
795 3229 881 3310 enim
903 3240 985 3294 esset
1008 3231 1129 3306 oratio,
1154 3231 1204 3296 ita
1226 3230 1289 3297 dici
1355 3299 1356 3302 ,

242 3359 439 3424 consequens
461 3349 529 3402 crat
547 3360 555 3401 t
573 3333 731 3402 Exultnvit
749 3359 929 3402 cormeum
948 3337 980 3402 in
997 3347 1039 3402 te.
1062 3338 1103 3402 Et
1118 3338 1242 3406 iterum
1259 3341 1292 3404 in

243 3446 386 3533 sequenti
404 3467 495 3510 versu
512 3447 581 3533 ejus
599 3443 698 3510 dicit:
720 3444 927 3510 «Exultatnm
942 3456 990 3509 est
1005 3467 1107 3511 cornu
1125 3470 1240 3514 meum
1258 3448 1295 3513 in

244 3557 343 3620 »Deo
363 3580 375 3613 ι
396 3553 466 3618 Νοιι
486 3553 585 3618 dixit:
600 3551 780 3625 Exultatum
797 3563 843 3618 cst
858 3574 959 3618 cornu
975 3576 1083 3618 meum
1103 3555 1137 3618 in
1160 3567 1212 3630 te,
1232 3556 1294 3620 sod

242 3663 274 3728 in
291 3663 370 3728 Deo.
395 3660 590 3728 «Dilutatum
606 3675 704 3728 estes
720 3685 828 3729 meum
843 3683 938 3750 super
951 3661 1117 3740 inimicos,
1134 3666 1212 3752 quia
1230 3665 1295 3730 lee-

280 3804 1296 3879 totuin-²1eor.1111,11.-³uum.xx,1t.--tineg.1,n.-

244 3906 434 3967 ιιι1.ιι,ι,ι.
