2692 4610
282 229 345 305 ste
632 232 633 237 ’
715 253 857 296 ourcsurs

282 365 332 430 lus
346 377 395 431 est
407 366 461 432 hie
476 365 632 434 Sacerdos
648 391 794 458 maguus,
811 371 866 458 qni
888 392 989 457 neque
1009 371 1039 436 in
1058 382 1138 458 patre
1153 369 1258 458 pollutus

282 475 336 550 sit,
355 497 458 562 neque
473 476 506 539 in
527 488 638 543 matre.
657 475 829 543 Videamus
847 492 954 545 autem
972 480 996 544 si
1017 480 1115 545 adhuc
1131 501 1259 568 pessumus

282 579 402 669 aliquid
412 580 592 659 sublimius,
604 597 637 649 et
650 608 710 673 pro
721 586 874 674 dignitate
889 588 965 653 tanti
980 586 1128 676 pontificis
1143 587 1257 652 invenire.

282 691 377 756 Pater
386 691 532 756 omnium
547 715 638 758 verus
653 694 772 760 dicitur
786 695 882 761 Deus.
897 696 1029 762 Matrem
1038 708 1149 774 autem,
1159 698 1259 784 Aposto-

282 797 332 864 lus
353 798 532 866 Jerusalem
550 800 629 866 dicit
644 825 712 867 esse
727 801 921 868 caelestem¹.
940 803 1056 868 Omnes
1070 827 1139 892 ergo
1152 800 1197 889 qui
1209 823 1260 890 pes-

283 918 371 983 cant,
388 910 647 975 contaminantur
658 911 690 977 in
706 923 796 999 patre
811 936 829 977 a
845 936 909 1000 quo
924 914 1019 979 creati
1033 925 1112 978 suut.
1129 912 1191 977 Sive
1203 911 1259 975 enin

283 1011 406 1105 egimus
421 1016 541 1105 aliquid
551 1018 700 1108 impium,
710 1019 775 1084 sive
787 1017 886 1086 locuti
899 1044 1018 1096 sumus,
1031 1020 1093 1086 sive
1103 1020 1259 1108 cogitavimus

284 1138 394 1190 contra
407 1128 523 1202 Deum,
537 1149 611 1193 cum
624 1150 687 1192 non
703 1128 898 1194 credidimus
910 1131 978 1194 Deo
989 1129 1177 1195 contaminati
1187 1148 1259 1193 sumus

284 1236 318 1301 in
334 1247 433 1323 patre.
449 1237 554 1325 Atque
567 1237 689 1303 utinam
700 1249 780 1304 tunc
796 1236 899 1304 solum
911 1263 969 1329 per
980 1237 1207 1306 incredulitatem
1218 1235 1258 1298 hc·

285 1357 356 1408 tum
370 1345 422 1418 sit,
437 1357 597 1410 cessatum
614 1345 654 1409 sit
670 1369 744 1410 vero
760 1358 929 1434 postquam
944 1347 1147 1413 credidimus!
1159 1345 1201 1410 Sic
1212 1363 1258 1429 erp

285 1453 380 1518 etiam
397 1453 652 1518 contaminamur
668 1453 700 1518 in
712 1467 825 1532 matre,
839 1455 865 1520 si
880 1455 1045 1522 credentes
1060 1457 1122 1522 Deo
1136 1453 1177 1518 vel
1188 1449 1260 1518 uecta·

285 1562 365 1627 siam
383 1560 540 1637 laedimus,
553 1560 602 1626 vel
620 1560 801 1630 libertatem
818 1565 929 1629 matris
943 1564 1077 1631 coeiestis
1092 1564 1198 1652 indigna
1211 1581 1260 1646 pse

285 1671 348 1737 cati
367 1670 517 1735 servitute
535 1667 700 1736 ioedamus.
725 1668 818 1737 Solus
836 1694 909 1735 vero
929 1671 1082 1737 Dominus
1096 1683 1187 1736 noster
1200 1667 1260 1733 Juus

287 1778 446 1852 Christus.
469 1777 523 1864 qui
545 1791 715 1867 peccatum
734 1779 848 1855 nescit,
867 1803 971 1867 neque
993 1781 1025 1845 in
1046 1791 1129 1868 patre
1149 1797 1224 1864 nequo
1238 1773 1258 1835 in

287 1898 390 1952 matre
405 1885 637 1950 contaminatus
652 1896 712 1960 est,
725 1885 809 1950 etde
825 1887 941 1952 sanctis
957 1910 1023 1953 non
1033 1888 1124 1952 exivit
1126 1931 1189 1951 ......
1200 1881 1260 1947 ssu·

287 2018 347 2083 per
360 1996 393 2059 in
408 1992 523 2058 senatis
541 2002 604 2068 est,
618 2006 651 2057 et
666 2005 774 2058 manet
789 2016 914 2082 semper
928 2006 1058 2060 sanctus
1072 1996 1104 2059 in
1119 1991 1197 2058 verhis
1207 1985 1257 2056 suis,

288 2115 416 2171 sanctus
435 2103 468 2168 in
487 2101 610 2170 actibus
632 2103 711 2177 suis,
730 2116 857 2169 sanctus
880 2104 912 2170 in
935 2105 1084 2170 omnihus
1105 2096 1259 2170 voluntatibus

290 2213 368 2288 suis,
378 2224 410 2278 et
421 2209 507 2278 solus
522 2225 570 2277 est
585 2213 638 2300 qui
651 2236 815 2300 nunquam
829 2213 1009 2295 inveniatur
1019 2227 1105 2280 extra
1119 2220 1210 2279 sanem
1220 2201 1262 2280 Qui

288 2322 375 2388 enim
386 2331 510 2411 peccat,
518 2321 582 2385 exit
594 2322 633 2387 de
644 2323 760 2388 sanctis
775 2345 783 2386 ε
796 2334 829 2387 et
841 2323 1101 2411 quotiescumque
1110 2321 1168 2410 quis
1178 2321 1263 2406 peccat.

289 2432 383 2498 toties
399 2429 537 2496 efficitur
551 2443 637 2495 extra
654 2442 773 2495 sancta.
792 2427 936 2496 Christus
953 2445 1074 2508 autem,
1085 2431 1135 2519 qui
1148 2437 1264 2509 uuoqtttt

290 2541 449 2630 peccavit,
466 2562 629 2625 nunquam
645 2538 721 2603 exiit
735 2538 774 2602 de
790 2539 916 2603 sanctis.
936 2538 1002 2604 Sed
1016 2552 1049 2604 et
1062 2551 1097 2604 tu
1111 2536 1157 2625 qui
1170 2523 1265 2616 scquedt

291 2648 467 2724 Christum,
490 2659 523 2712 et
543 2646 765 2732 imitatoreius
781 2669 827 2721 es,
843 2646 868 2710 si
886 2669 1072 2734 permaneas
1089 2649 1119 2712 in
1134 2643 1212 2710 verbo
1222 2631 1267 2704 usi.

291 2759 317 2824 si
333 2758 366 2822 in
380 2755 450 2846 lege
468 2757 538 2845 ejus
554 2755 716 2820 mediteris
733 2753 784 2820 die
806 2778 843 2821 ac
860 2749 974 2828 nocte,
986 2759 1012 2821 si
1036 2759 1067 2822 in
1083 2750 1214 2822 mandatis
1224 2744 1269 2830 ejus

292 2866 480 2942 exercearis,
500 2887 625 2952 semper
640 2864 673 2928 in
688 2863 803 2929 sanctis
822 2886 869 2938 es,
886 2887 947 2930 nec
964 2887 1103 2954 unqusm
1122 2862 1185 2928 iude
1201 2856 1271 2921 disoe-

293 2977 351 3041 dis.
367 2975 477 3062 Neque
493 2974 578 3040 enim
598 2973 630 3038 in
645 2972 717 3038 loco
736 2985 844 3040 sancte
862 2975 1032 3060 quaerenda
1048 2985 1130 3046 sunt,
1145 2969 1191 3036 sed
1202 2967 1272 3030 inae

292 3086 391 3157 tibus,
407 3093 439 3147 et
454 3084 529 3157 vitu,
541 3104 580 3148 ac
591 3083 744 3148 moribus.
762 3082 842 3161 Quae
857 3082 882 3146 si
897 3084 1077 3148 secundum
1091 3075 1273 3148 neomutus

295 3192 471 3259 secundum
483 3203 676 3279 preceptum
691 3189 751 3254 Dei
766 3189 956 3267 habeantur,
970 3192 1091 3257 etiamsi
1110 3191 1140 3255 in
1152 3188 1228 3252 domo
1238 3177 1273 3245 sis,

294 3303 416 3369 etiamsi
428 3300 460 3365 in
476 3299 544 3365 soro
553 3323 562 3373 ;
582 3310 614 3365 et
629 3298 706 3387 quid
722 3297 794 3364 dico
806 3298 838 3363 in
852 3298 1077 3366 foroietiamsi
1091 3289 1122 3364 in
1137 3286 1264 3362 theuttttit

292 3410 427 3475 veniuris
445 3409 540 3488 verbo
559 3405 616 3472 Dei
633 3406 826 3481 deserviens,
843 3407 875 3472 iu
889 3408 1006 3473 sanctis
1021 3421 1053 3475 te
1067 3431 1131 3474 esse
1145 3425 1199 3470 nun
1212 3391 1276 3462 tuti-

295 3532 354 3584 tes.
376 3519 440 3582 Aut
454 3539 518 3580 non
540 3515 596 3579 tihi
617 3514 744 3580 videtur
764 3513 880 3579 Paulus
900 3539 975 3582 cum
996 3518 1147 3606 ingressus
1162 3521 1202 3576 est
1216 3504 1277 3568 thet·

295 3641 395 3700 trum,
419 3622 467 3704 vel
496 3646 570 3689 cum
598 3623 756 3711 ingressus
779 3635 827 3688 cst
854 3624 1068 3714 Areopagum,
1092 3635 1122 3688 et
1142 3606 1278 3708 predicavit

296 3731 540 3806 Atheniensibus
553 3730 726 3808 Christum,
740 3732 773 3798 in
785 3733 901 3800 sanctis
914 3733 1031 3799 fuisse?
1046 3732 1149 3799 Sedet
1163 3745 1223 3792 cum
1234 3735 1279 3805 por

331 3860 404 3909 ¹Gal.
418 3875 450 3908 rv.
