2702 4610
234 227 244 268 l
255 225 291 270 te
668 217 814 264 ΟΙΙΘΒΜΙ

231 361 276 414 tas
288 348 320 418 io
333 356 437 418 tauro,
449 353 563 408 caetara
575 363 701 429 qnoque
710 363 781 429 quae
791 338 947 428 AEgyptua
961 339 1093 406 deorum
1105 351 1275 428 portenta

228 458 378 528 miratum
395 453 474 520 utin
486 451 601 538 quibua
616 449 738 516 cultum
757 450 1047 516 credebant'inasse
1060 450 1225 525 divinum,
1242 451 1280 515 in

230 565 279 632 his
290 564 434 630 viderent
446 557 623 626 miamanda
639 557 803 646 supplicia.
821 555 931 622 Ulcera
943 556 1093 644 posthaec
1108 569 1140 622 at
1152 559 1281 625 vesica

230 695 305 739 eum
317 671 452 743 fervore,
465 680 553 734 sexto
562 668 595 732 in
606 669 739 734 verbere
748 667 981 756 producuntur.
997 668 1037 732 Et
1048 667 1175 734 videtur
1186 668 1280 734 mihi

230 781 316 869 quod
338 781 369 846 in
385 777 545 848 ulceribus
563 793 715 866 arguatur
730 777 838 848 dolosa
852 790 886 844 et
899 775 1066 866 purulenta
1082 777 1223 852 malitia.
1244 780 1281 844 in

231 892 341 956 vesicis
352 902 481 955 tumena
492 901 525 954 et
540 887 649 956 inflata
663 889 824 978 superbia,
837 889 870 953 in
885 887 1008 952 serrare
1026 887 1080 952 irae
1098 909 1135 952 ac
1151 886 1280 953 furoris

134 1041 146 1052 -
231 997 361 1065 inscitia.
374 995 546 1082 Hucusque
557 1017 767 1083 peremtum
780 1017 910 1062 auorum
923 992 1051 1080 liguram
1065 993 1186 1059 mundo
1196 1018 1280 1084 sup

232 1106 323 1196 plicia
341 1115 568 1192 temperantur.
1025 1109 1029 1118 “

278 1217 353 1280 Post
366 1215 433 1280 haec
446 1235 520 1278 vero
532 1214 663 1279 rechma
675 1213 806 1278 veniunt
822 1213 863 1278 da
877 1217 1020 1302 supernis
1032 1235 1138 1288 voees,
1150 1213 1276 1300 inquit,

235 1326 363 1393 tonitrui
385 1324 453 1390 sine
466 1323 565 1390 dubio
583 1333 616 1391 et
632 1322 765 1410 grando
782 1333 815 1388 et
831 1323 911 1410 ignia
928 1323 1108 1391 discurrens
1127 1325 1162 1389 in
1176 1345 1277 1412 gran-

235 1438 318 1506 dina.
339 1433 419 1502 Vide
434 1445 721 1520 temperamentum
735 1433 847 1498 divinae
867 1435 1075 1522 correptionis
1089 1457 1097 1497 ε
1111 1457 1176 1499 non
1192 1455 1275 1498 cum

233 1547 359 1615 silentio
371 1546 529 1616 verberat,
540 1541 596 1610 aed
607 1541 662 1632 dat
674 1564 780 1616 aenea,
788 1554 822 1607 et
833 1541 1011 1608 doctrinam
1023 1540 1145 1608 coelitus
1157 1541 1274 1614 mittit,

233 1679 292 1744 per
302 1676 398 1741 quam
408 1651 505 1740 posait
517 1647 644 1737 culpam
657 1674 746 1716 auam
759 1650 928 1739 castigatus
939 1675 1109 1739 agnoscere
1117 1651 1268 1716 mundus.

234 1766 297 1830 Dat
307 1773 340 1826 et
350 1757 550 1848 grandinem,
562 1779 725 1848 perquem
737 1769 770 1822 et
783 1770 891 1822 tenura
909 1757 1015 1824 adhuc
1029 1767 1181 1825 vastentur
1190 1771 1271 1822 nns'·

236 1871 340 1940 centia
354 1868 513 1934 vitiorum.
530 1867 593 1931 Dat
606 1878 640 1933 et
654 1866 774 1954 ignem,
791 1868 893 1934 aniana
912 1891 982 1934 esse
996 1869 1100 1956 spinas
1114 1879 1146 1934 et
1163 1868 1272 1934 tn'bu-

237 1982 296 2055 los,
320 2001 399 2066 quos
423 1979 537 2044 debeat
552 1977 630 2065 ignia
652 1976 704 2042 ille
723 1977 893 2065 depascere
912 1979 952 2044 dc
973 2001 1039 2067 qno
1058 1979 1134 2046 dicit
1157 1978 1275 2044 Domi·

237 2112 324 2157 nna:
348 2087 482 2175 «Ignem
504 2086 572 2150 veni
595 2087 721 2152 mittere
745 2087 778 2150 in
802 2086 975 2152 terram¹.»
998 2088 1059 2154 Per
1078 2089 1165 2155 hunc
1184 2089 1272 2153 enim

234 2308 432 2376 locustarum
451 2306 484 2372 in
499 2317 612 2375 octavo
634 2303 707 2371 loeo
723 2304 759 2370 lit
774 2303 907 2381 mantio,
928 2317 1006 2393 puto
1020 2331 1079 2394 per
1093 2306 1155 2372 hoc
1170 2329 1271 2394 genua

239 2417 350 2508 plugae,
367 2414 545 2485 dissidentis
556 2435 682 2501 semper
693 2437 711 2478 a
722 2435 757 2480 ae
769 2423 802 2476 et
814 2411 1021 2480 diaoordantis
1033 2412 1163 2480 humani
1175 2428 1271 2501 gene-

240 2530 282 2594 ria
296 2525 540 2594 inconstantiam
556 2523 723 2592 confutari.
742 2523 880 2588 Locusta
896 2523 983 2588 enirn
997 2545 1072 2590 cnm
1086 2547 1191 2613 regem
1205 2547 1275 2590 non

241 2639 368 2709 babeat,
389 2635 472 2698 sicut
491 2631 655 2719 Scriptura
674 2631 867 2706 ilicitanae
888 2635 956 2699 aoie
977 2633 1158 2700 ordinatum
1185 2633 1277 2702 ducit

242 2739 478 2812 »exercitum²;
496 2767 508 2801 ι
523 2738 668 2810 homiues
685 2761 759 2806 vero
775 2763 850 2806 cum
864 2743 1065 2809 rationabiles
1080 2767 1097 2809 a
1114 2745 1181 2810 Deo
1199 2745 1277 2811 facti

240 2855 317 2928 sint,
332 2871 436 2935 neque
457 2848 642 2934 semetipsos
663 2849 807 2916 ordinate
832 2873 940 2940 regere
962 2867 1147 2942 potuerunt,
1170 2873 1280 2944 neque

241 2963 299 3030 Dei
318 2960 398 3046 regia
418 2958 575 3046 patienter
591 2956 808 3024 moderamina
829 2958 997 3046 pertulere.
1013 2962 1102 3027 Nona
1118 2961 1209 3051 plaga
1227 2975 1280 3030 tc-

242 3073 348 3139 nebrae
370 3079 456 3139 sunt.
478 3065 549 3134 sive.
565 3077 600 3129 ut
615 3067 730 3138 inentia
749 3089 861 3132 eornm
884 3069 1009 3144 emitae
1030 3081 1194 3158 arguatur,
1211 3073 1281 3139 aire

244 3193 279 3246 ut
297 3175 471 3263 intelligant
481 3155 598 3248 'divine
619 3175 860 3263 dispensationis
881 3190 915 3242 at
930 3178 1138 3245 Providentiae
1156 3180 1280 3246 obscu-

243 3292 381 3363 rissimae
391 3309 459 3354 ease
476 3285 623 3352 rationes.
645 3287 783 3361 «Posuit
797 3289 888 3352 anim
904 3290 991 3355 Dana
1006 3293 1152 3356 tenebrae
1163 3289 1282 3357 latibu-

240 3431 257 3477 ρ
272 3400 337 3467 lum
350 3396 475 3473 snnm⁸,
491 3423 505 3458 a
520 3417 598 3482 quaa
609 3395 653 3462 illi
666 3398 821 3469 audacter
836 3413 868 3464 ct
879 3411 999 3466 temera
1018 3401 1210 3488 perscrutari
1223 3423 1283 3469 cua

243 3511 377 3600 pientes,
394 3521 426 3574 et
446 3506 505 3575 alia
523 3527 562 3572 ex
575 3505 644 3572 aliia
660 3523 849 3586 asserentes,
866 3511 898 3576 in
915 3531 1034 3576 crassas
1057 3525 1088 3576 at
1104 3509 1282 3600 palpabiles

242 3641 389 3689 errorum
402 3619 550 3687 tenebras
564 3616 703 3683 devoluti
715 3631 799 3684 aunt.
814 3617 864 3685 Ad
880 3618 1027 3687 ultimum
1042 3621 1281 3710 primitivorum

244 3730 378 3800 inlertnr
388 3727 544 3800 interitus,
563 3727 596 3794 in
607 3751 671 3817 qno
683 3730 722 3794 sit
737 3729 877 3796 fortaasia
895 3729 1014 3820 aliquid
1025 3753 1117 3820 supra
1134 3743 1280 3798 nostram

279 3858 614 3921 ¹Luc.xu‚49.-²Prov.
634 3875 680 3906 xxx
695 3895 703 3918 ‚
721 3877 760 3924 ²7·
775 3889 805 3899 -
833 3861 1068 3922 ³l'aal.aan,1a.
