2734 4594
235 303 295 346 100
680 302 822 345 omentis

221 425 410 504 ¹ostenderet
426 424 498 511 quia
511 425 565 511 qui
581 438 676 512 negat
690 427 819 512 quidem
832 423 881 500 se',
898 435 986 489 extra
1000 425 1103 512 ipsum
1123 437 1182 503 est,
1195 429 1238 514 qui
1328 426 1335 517 ξ

231 546 336 600 autem
352 529 540 603 confitetur,
558 531 591 593 in
605 531 673 619 ipso
684 544 741 598 est.
762 533 931 619 Propterea
946 554 1023 619 ergo
1039 544 1072 596 et
1085 532 1138 600 hio
1152 535 1240 622 Serip

230 655 299 706 tura
315 637 425 711 dicit,
450 637 523 724 qnia
546 659 620 702 oum
648 633 816 704 defunctus
839 649 920 702 esset
940 636 1048 714 Jesus,
1075 641 1241 705 ‹exunexit

229 743 411 835 »generatio
426 740 486 808 alia
497 755 569 830 post
579 767 651 820 eos,
669 746 723 832 qui
739 767 803 810 non
819 744 958 808 scierunt
975 742 1103 821 desum,
1119 759 1151 810 et
1164 769 1241 834 opera

229 876 322 941 »quae
332 850 407 916 fecit
421 851 454 914 in
469 849 564 916 Israel
575 850 597 914 ¹.
610 879 622 912 a

271 958 310 1023 11.
339 985 351 1018 a
363 959 403 1022 Et
417 955 561 1022 fecerunt
573 957 628 1021 filii
646 957 741 1023 lsrael
757 958 875 1024 malum
892 970 964 1023 ante
979 958 1114 1025 Deum².
1126 987 1139 1020 a
1152 959 1242 1026 Omni

224 1078 336 1154 potens
352 1063 531 1128 dominator
546 1065 631 1130 Deus
644 1067 651 1128 i
669 1088 832 1153 nunqnam
849 1065 971 1130 accidat
986 1066 1098 1140 nobis,
1118 1079 1152 1129 ut
1165 1065 1240 1130 Jesns

226 1174 369 1238 Christus
385 1183 589 1259 posteaquam
606 1173 777 1236 resurrexit
794 1197 812 1237 a
832 1173 982 1247 mortuis,
999 1195 1127 1238 rursum
1142 1175 1242 1238 moria-

222 1279 322 1344 turin
340 1277 442 1343 nobis.
462 1276 549 1356 Quid
569 1281 662 1343 enim
676 1279 752 1344 mihi
775 1279 906 1366 prodest
922 1278 947 1342 si
966 1279 999 1342 in
1016 1277 1083 1343 aliis
1113 1279 1191 1344 vivat
1212 1303 1242 1344 ex

222 1387 355 1459 virtute,
379 1395 411 1447 et
429 1384 462 1447 in
477 1406 529 1447 nro
551 1383 708 1448 moriatur
726 1407 765 1448 ex
792 1382 977 1453 infirmitate
990 1385 1146 1472 peccati?
1171 1387 1243 1465 Quid

220 1493 299 1562 mihi
313 1491 442 1580 prodest
457 1489 526 1555 siin
542 1512 612 1564 me,
633 1501 665 1555 et
684 1490 717 1554 in
741 1512 813 1556 meo
835 1490 932 1556 corde
948 1513 1012 1556 non
1027 1491 1120 1568 vivit,
1137 1503 1169 1556 et
1182 1493 1244 1558 siin

220 1624 272 1666 mc
288 1621 383 1687 opera
406 1598 477 1662 vitae
498 1620 561 1661 non
589 1596 737 1684 perficit?
760 1597 847 1676 Quid
869 1597 947 1665 mihi
973 1597 1104 1687 prodest
1125 1600 1150 1664 si
1172 1600 1245 1688 apud

221 1705 318 1771 alium
333 1728 372 1770 ex
387 1703 478 1768 bonis
497 1703 629 1779 studiis,
654 1726 692 1767 ex
715 1704 799 1770 bona
825 1703 905 1778 fide,
929 1727 968 1770 ex
992 1706 1084 1770 honis
1107 1707 1246 1794 operibus

219 1813 360 1878 nascitur
370 1822 402 1874 et
418 1809 559 1874 reficitur
574 1833 581 1872 :
602 1810 686 1898 apud
705 1833 757 1874 me
778 1822 883 1876 autem
899 1822 932 1875 et
947 1811 979 1876 in
994 1834 1066 1876 meo
1085 1813 1180 1877 corde
1197 1836 1248 1900 per

219 1918 317 1984 malas
329 1916 535 2004 cogitationes
546 1928 579 1980 et
595 1916 749 1980 desideria
765 1916 911 1993 nefanda,
928 1941 985 2005 per
999 1919 1104 1984 studia
1121 1921 1248 2006 pessima

218 2023 392 2090 suffocatur
406 2022 642 2110 quodammodo
652 2035 685 2087 et
701 2022 855 2088 necaturi
874 2023 955 2090 Vide
970 2025 1055 2090 enim
1073 2025 1152 2111 quid
1168 2025 1250 2090 addit

218 2131 401 2219 Scriptura,
413 2131 487 2217 quia
510 2131 686 2204 «surrexit,
708 2129 825 2216 inquit,
842 2133 1002 2219 generatio
1019 2129 1079 2197 alia
1098 2155 1171 2219 quae
1190 2155 1249 2198 non

218 2238 387 2328 »cognovit
406 2236 534 2311 Jesum,
550 2249 583 2301 et
599 2259 693 2323 opera
712 2259 782 2324 quse
797 2236 872 2302 feeit
883 2261 997 2326 magna
1010 2237 1059 2302 ’.ι
1083 2238 1252 2304 Generatie

217 2344 268 2411 illa
280 2366 350 2432 quae
365 2365 430 2407 non
449 2341 597 2429 cognovit
616 2341 790 2406 Dominum
797 2339 936 2416 desum,
955 2342 1013 2406 ista
1027 2353 1076 2406 est
1098 2341 1254 2408 malarum

216 2452 463 2540 cogitationum,
479 2461 511 2514 et
527 2449 735 2537 pessimarum
748 2425 979 2537 cupiditatum,
992 2473 1062 2537 quae
1073 2450 1257 2538 procedunt

214 2583 253 2624 ex
269 2559 375 2626 corde.
394 2557 457 2622 Ista
468 2568 516 2622 cst
528 2556 692 2644 ¹generatio
704 2579 774 2642 quae
786 2579 850 2621 non
866 2557 1067 2644 recognoscit
1079 2556 1257 2620 Dominum

214 2668 342 2741 Jesum,
368 2688 470 2752 neque
494 2687 572 2752 opus
594 2685 745 2750 magnum
769 2663 856 2749 quod
879 2663 955 2728 fecit
973 2661 1140 2728 in-Israel.
1162 2662 1260 2729 Vides

214 2775 287 2862 quia
300 2785 481 2861 peccatores
492 2793 531 2834 eo
542 2792 642 2855 usque
655 2769 862 2856 perveniunt,
881 2780 916 2833 ut
931 2782 963 2834 et
978 2791 1058 2856 opus
1070 2767 1154 2835 illud
1167 2793 1258 2856 mag-

215 2904 292 2945 num
307 2891 341 2944 et
354 2875 541 2966 praeclarum
553 2875 637 2960 quod
649 2875 723 2940 fecit
730 2875 902 2950 Dominus,
912 2874 1159 2951 obliviscantur,
1170 2875 1261 2964 quod

214 2985 383 3052 crucifixus
399 2995 447 3048 est
471 2982 706 3070 «propeccatis
722 2983 855 3055 nostris,
878 2994 911 3045 et
927 2983 1099 3046 resurrexit
1124 2995 1264 3071 propter

214 3091 494 3182 »justificationem
506 3100 647 3154 nostram
656 3087 678 3150 ⁶.
690 3114 703 3146 r
719 3089 808 3152 Unde
821 3089 917 3154 credo
929 3088 1162 3177 quodpropter
1173 3089 1266 3155 hane

162 3207 169 3214 '
214 3199 405 3267 oblivionem
417 3209 562 3263 metuens
578 3193 746 3283 Apostolus
763 3196 889 3260 dicebat
904 3194 1136 3284 discipulusne
1148 3197 1267 3262 Time

214 3307 308 3380 theo,
324 3326 419 3392 quem
442 3302 813 3391 praecipuumhahebat:
831 3329 844 3362 a
864 3301 985 3367 Memor
999 3314 1068 3367 esto
1086 3302 1269 3368 Christum

215 3414 347 3479 »desum
363 3409 568 3475 resurrexisse
585 3434 602 3473 a
617 3408 750 3474 mortuis
758 3407 780 3471 ⁵.
794 3435 806 3469 a
821 3408 947 3474 Sciebat
962 3409 1047 3474 enim
1064 3411 1142 3494 quia
1160 3410 1273 3496 hujus

214 3533 280 3585 tam
307 3516 414 3605 magni
432 3517 555 3603 operis,
577 3516 662 3602 quod
685 3515 818 3580 surrexit
840 3539 857 3578 a
880 3515 1029 3590 mortuis,
1051 3515 1122 3580 fieri
1147 3526 1275 3604 posset

215 3625 352 3714 oblivio,
369 3625 394 3688 si
405 3624 564 3711 generatio
576 3622 736 3710 peccatrix
752 3623 886 3694 oriretur
902 3622 933 3688 in
949 3622 1055 3687 corde.
1071 3622 1174 3688 Fecit
1188 3643 1276 3709 ergo

252 3790 375 3844 ⁴Jud.u,
392 3783 567 3838 10.—²1bid.
584 3785 759 3836 rr.-¹1bid.
779 3803 816 3836 ιο.
829 3783 967 3836 --ἸὶοιιιΙ
986 3785 1081 3848 1v,25.
1098 3815 1125 3824 ·—
1142 3785 1190 3836 ⁵2
1206 3789 1279 3835 Tin.

220 3879 283 3927 ,κει
