2734 4594
397 279 428 322 nr
452 280 565 324 manau
589 279 758 326 ancnonou
780 281 853 326 uon.
881 284 900 326 ι.
1116 263 1176 328 165

133 421 301 476 manuum,
316 401 404 488 quod
415 400 606 468 sacrificium
619 402 737 470 dicitur
749 405 981 492 vespertinum,
995 429 1059 474 non
1071 404 1175 474 solum

135 509 252 574 usitatis
266 521 306 586 ¹et
325 509 478 589 attritris,
499 511 556 576 sed
577 523 610 576 et
633 509 864 599 aliquantulum
884 513 1039 582 innovatis
1061 515 1178 580 disser-

134 617 270 684 tionibus
285 615 467 706 explanare.
1103 679 1106 688 Α

176 725 219 792 Χ.
232 724 404 792 Videamus
416 749 493 815 ergo
506 726 582 815 quid
590 726 650 794 sibi
661 726 727 794 vult
738 728 817 795 ratio
829 727 886 796 ista
898 729 1048 796 orationis
1060 731 1177 806 Annae,

136 856 228 920 quam
245 834 270 898 si
287 833 512 908 didicerimus,
534 833 679 902 similiter
696 834 835 901 fortassis
855 848 888 900 ct
903 859 961 902 nos
980 860 1071 904 orare
1087 851 1180 928 pote·

136 941 244 1008 rimus.
273 940 478 1018 «Exultavit,
502 941 619 1030 inquit,
639 965 819 1010 cormeum
834 944 867 1010 in
888 945 1025 1012 Domino
1040 945 1061 1011 ¹.
1078 975 1091 1006 a
1111 947 1181 1034 'Ne-

134 1049 272 1116 cessario
287 1049 431 1118 addidit:
453 1050 495 1118 In
513 1050 656 1118 Domino.
678 1053 734 1118 Est
748 1055 834 1118 enim
853 1052 1006 1122 exultatio
1028 1078 1097 1142 quse
1117 1078 1181 1122 non

132 1169 180 1222 est
194 1158 227 1222 in
242 1157 400 1234 Domino,
417 1159 498 1226 sicut
513 1171 546 1226 et
561 1158 639 1226 illud
652 1159 769 1228 dicitur
784 1183 792 1226 r
815 1160 948 1227 Gaudete
962 1161 993 1228 ia
1010 1163 1145 1252 Domino
1155 1161 1178 1227 ².

134 1267 241 1332 Potest
256 1267 342 1333 enim
356 1266 426 1356 quia
441 1265 580 1358 gaudere
596 1267 629 1333 in
645 1268 845 1346 carnalibus,
857 1281 889 1334 et
906 1294 969 1336 nou
984 1271 1017 1336 iu
1030 1271 1177 1338 Domino.

136 1375 168 1439 Si
183 1374 269 1440 enim
287 1375 441 1464 gaudeam
459 1376 546 1464 qnod
570 1377 674 1442 inveni
696 1377 881 1444 thesaurum
901 1378 1077 1456 visibilem,
1097 1380 1181 1446 istud

136 1482 291 1570 gaudium
310 1485 411 1550 carnis
425 1497 492 1562 est,
515 1497 548 1550 ct
567 1509 630 1552 non
650 1486 683 1552 in
699 1487 846 1554 Domino.
866 1487 900 1554 Si
921 1489 1076 1576 gaudeam
1096 1488 1182 1577 quod

138 1613 190 1682 rue
214 1590 358 1658 homines
379 1590 510 1660 laudant
529 1643 537 1668 ,
559 1606 592 1657 et
613 1594 695 1680 sorte
718 1619 781 1660 non
806 1618 866 1683 pro
886 1596 1026 1672 merito,
1048 1619 1113 1662 non
1136 1609 1183 1662 est

138 1700 200 1766 hoc
211 1701 348 1790 gaudere
365 1701 395 1766 in
408 1701 545 1770 Domino
556 1702 579 1767 ⁸.
595 1703 628 1770 Si
645 1704 800 1792 gaudeam
817 1705 850 1770 in
865 1705 960 1770 rebus
971 1702 1132 1794 fragilibus
1151 1718 1184 1770 et

134 1811 263 1878 caducis
274 1861 283 1888 ,
296 1812 365 1880 haec
376 1813 482 1879 omnia
496 1837 560 1880 non
574 1814 692 1880 habent
704 1813 862 1882 laudabile
881 1815 1042 1904 gandium.
1052 1816 1091 1890 ,si
1103 1839 1179 1882 vero

132 1920 288 2010 gaudeam
303 1922 456 2008 quoniam
474 1921 586 2011 dignus
601 1921 730 1990 habitus
743 1946 813 1990 sum
829 1947 887 2010 pro
907 1925 1035 1990 numine
1049 1925 1179 1990 Domini

132 2029 283 2118 injuriam
297 2031 385 2118 pati,
402 2030 487 2096 istud
501 2029 651 2119 gaudium
664 2032 697 2098 in
709 2033 847 2098 Domino
858 2044 924 2107 est,
937 2033 1010 2120 qnia
1023 2033 1089 2121 ipse
1100 2031 1179 2100 dixit

131 2160 229 2226 super
243 2137 293 2202 his
307 2161 316 2202 ι
337 2165 349 2196 a
361 2138 507 2204 Gaudete
518 2150 550 2204 ct
562 2137 720 2215 exultate,
733 2138 807 2226 quia
821 2162 943 2206 merces
960 2152 1061 2204 vestra
1076 2139 1177 2206 inulta

135 2257 206 2310 »est
225 2245 259 2309 in
275 2244 363 2312 coelis
376 2243 427 2310 ’.ι
451 2246 484 2312 si
507 2246 663 2336 gaudeam
686 2269 760 2312 cum
778 2247 849 2312 odia
870 2247 903 2312 in
919 2270 972 2312 mc
992 2259 1181 2312 exercentur

135 2353 272 2440 injusta,
288 2355 313 2420 si
332 2353 486 2444 gaudeam
505 2379 582 2422 cum
606 2355 776 2444 impugnor
796 2367 927 2444 propter
945 2356 1078 2421 verbum
1100 2355 1178 2430 Dei,

134 2460 161 2526 si
179 2462 333 2550 gaudeam
353 2485 427 2528 cum
445 2464 580 2552 castigor
596 2463 627 2527 in
650 2461 877 2551 languoribus,
897 2463 929 2528 in
948 2462 1181 2552 persecutioni·

133 2571 215 2645 bus,
229 2571 262 2636 in
279 2570 429 2659 angustiis
440 2619 449 2647 ,
462 2571 488 2635 si
500 2571 568 2637 hacc
584 2573 691 2638 omnia
707 2568 796 2636 laetus
811 2571 984 2659 excipiam,
1001 2570 1087 2636 istud
1100 2595 1180 2659 gau-

131 2678 221 2746 dium
242 2679 275 2745 in
296 2679 435 2748 Domino
454 2690 511 2744 est.
534 2680 575 2744 Et
591 2678 661 2744 ideo
677 2703 736 2744 nos
756 2678 851 2744 docet
871 2678 1053 2766 Scriptura,
1072 2671 1106 2742 ut
1122 2679 1181 2744 ab·

132 2786 279 2874 jicientes
309 2786 423 2876 gaudia
438 2797 572 2872 terrena
600 2785 745 2876 fragilia,
769 2799 801 2852 et
825 2787 969 2862 caduca,
989 2787 1029 2850 de
1055 2787 1178 2852 aeternis

133 2893 255 2982 gaudiis
280 2891 457 2960 cxrrltemus
481 2894 514 2958 iu
538 2894 702 2971 Domino,
731 2905 766 2958 ut
787 2894 902 2960 merito
924 2893 1067 2959 dicamus
1093 2895 1184 2981 quod

133 3001 227 3068 Anna
248 3001 347 3068 dixit:
368 3000 551 3068 «Exultavit
572 3024 629 3068 cor
649 2983 766 3068 meum*
781 3002 813 3066 in
835 3001 1013 3066 Domino.»
1034 3003 1073 3066 Et
1096 3026 1179 3090 quo-

131 3109 221 3176 niam
234 3133 309 3176 cum
320 3109 390 3178 haec
406 3110 576 3186 dicuntur,
593 3110 722 3198 quidam
737 3111 776 3175 dc
788 3109 964 3176 astantibus
979 3108 1117 3198 repletus
1132 3123 1181 3176 cat

130 3219 246 3307 spiritu
262 3218 448 3295 immundo,
460 3231 492 3285 et
507 3216 694 3284 exclamavit
709 3219 752 3283 ita
770 3230 803 3283 ut
815 3218 906 3283 fieret
917 3217 1024 3307 populi
1040 3242 1180 3285 concur-

130 3351 207 3402 sus,
231 3327 373 3394 dicamus
397 3339 430 3392 et
451 3349 509 3392 nos
533 3348 608 3393 cum
632 3328 725 3394 Anna
740 3327 865 3392 dicente
885 3350 893 3392 ι
916 3324 1103 3393 «Exultavit
1124 3351 1179 3393 cor

132 3457 265 3500 »mcum
276 3435 310 3500 in
322 3435 471 3501 Domino.
488 3462 500 3497 a
520 3435 705 3500 Contrarias
719 3433 846 3522 spiritus
862 3434 1090 3520 exultationem
1104 3459 1180 3502 nos-

129 3555 216 3608 tram
232 3542 265 3608 in
287 3542 426 3608 Domino
450 3541 532 3608 ferre
549 3566 614 3608 non
637 3542 760 3630 potuit,
781 3542 836 3609 sed
853 3542 918 3608 vult
938 3535 1010 3610 eam
1033 3556 1177 3618 mutare,

129 3663 169 3716 ut
180 3649 286 3718 ablata
302 3673 339 3718 ea
353 3649 536 3716 introducat
551 3650 727 3725 tristitiam,
743 3661 775 3715 at
791 3649 958 3740 prohibeat
973 3674 1031 3717 nos
1047 3651 1175 3717 dicere:

136 3788 153 3820 a
166 3758 327 3825 Exultavit
346 3783 402 3825 cor
421 3782 529 3826 mcum
544 3760 576 3824 in
598 3758 744 3824 Domino.
762 3787 774 3818 ι
795 3757 915 3825 Verum
936 3783 976 3825 ne
998 3782 1055 3824 uos
1073 3760 1176 3846 impe·
1225 3789 1227 3806 ·

171 3905 181 3939 ¹
194 3923 204 3956 ι
218 3911 280 3973 fleg.
291 3925 323 3968 11,
341 3923 362 3956 r.
375 3935 394 3944 -·
412 3901 523 3971 'Postlla
535 3923 571 3967 ιν,
584 3909 607 3968 4.
621 3933 649 3942 -
662 3906 672 3939 ⁸
683 3909 739 3955 Act.
751 3923 775 3954 v.
791 3935 814 3943 --
827 3905 836 3938 ⁴
849 3905 938 3955 Maria.
951 3923 964 3952 v
977 3921 1033 3969 ,ta
