2632 4600
355 275 387 318 ur
412 274 553 318 reinna!
575 273 693 317 xxxviii
718 275 790 317 nor.
819 277 840 317 1.
1059 253 1124 318 503

77 399 236 465 muudum
252 394 413 461 ibustrans
428 395 512 460 diem
528 393 602 460 iacit
619 419 627 460 a
647 395 689 460 ita
707 407 741 458 et
759 395 792 458 in
808 394 907 460 corde
923 396 1016 484 justi,
1034 397 1120 484 qnod

77 529 137 596 pro
151 504 330 572 constantia
344 514 377 567 ot
392 501 542 568 firmitate
557 503 614 568 Dei
627 501 869 568 firmamentum·
880 505 995 569 merito
1012 504 1122 592 appel·
1190 499 1191 502 ¹

77 613 181 689 latur,
197 614 223 678 si
237 612 399 677 exoriatur
413 609 459 676 sol
478 611 605 698 justitio
621 609 712 676 lesus
729 611 873 676 Christus
890 611 1045 678 Dominus
1062 635 1122 678 no-

77 733 158 798 ster,
170 733 204 785 et
212 719 370 786 illuminet
383 743 458 784 eum
473 717 594 784 lumine
610 719 747 786 scientias
757 732 791 783 ct
806 720 944 785 veritatis
956 769 965 795 ,
978 720 1064 785 diem
1080 721 1096 786 l
1110 759 1122 770 ·

77 830 127 895 cit
139 830 173 894 in
188 829 391 914 cordesius:
407 839 440 892 et
456 840 575 915 quanto
586 827 781 915 frequentius
795 828 937 892 exoritur
952 840 984 893 et
1000 826 1122 893 illumi-

77 949 152 1010 nat,
174 947 261 1000 tsnto
275 936 431 1022 majorem
447 935 505 998 sibi
524 933 635 1000 talium
651 936 773 999 dierum
791 957 961 1000 numerum
980 957 1114 1024 compu-

77 1046 168 1112 tabit.
187 1044 290 1132 Digne
306 1065 383 1130 ergo
402 1042 546 1107 conscius
569 1042 629 1106 sibi
646 1041 801 1131 propheta
823 1043 862 1108 de
879 1041 1119 1130 hujuscemodi

75 1151 310 1218 illuminatione
324 1150 401 1214 dicit
412 1173 420 1214 ε
431 1149 569 1215 «Notum
580 1149 630 1216 lac
642 1150 720 1216 mihi
732 1151 869 1216 Domine
886 1151 983 1216 linem
993 1175 1119 1228 meum,

79 1274 134 1326 set
151 1279 323 1325 numerum
339 1257 462 1323 dierum
479 1279 630 1324 meorum·
642 1258 711 1346 quis
726 1270 793 1333 est,
810 1270 846 1322 ut
860 1259 957 1324 sciam
971 1259 1048 1347 quid
1064 1261 1121 1326 de-

85 1369 148 1432 ssll
162 1367 283 1432 mibi.»

128 1475 186 1540 tx.
198 1477 237 1540 Et
250 1475 334 1540 addit
346 1497 353 1538 ι
366 1501 378 1534 ι
390 1476 474 1540 Ecce
488 1486 607 1542 veteres
616 1477 747 1564 posuisti
756 1477 822 1540 dies
831 1499 931 1542 meos.
947 1477 1005 1541 »ln
1016 1501 1119 1565 graeco

83 1587 235 1653 scribitur
247 1599 407 1662 παλαιστὰς,
423 1587 510 1674 quod
524 1587 680 1675 significat
690 1609 872 1652 mensuram
885 1597 1023 1675 quatuor
1044 1587 1120 1676 digi-

83 1707 201 1761 torum.
221 1694 332 1761 Volsns
347 1717 423 1783 ergo
441 1695 556 1760 docere
575 1719 632 1760 nos
648 1695 701 1781 qui
716 1696 782 1782 jam
798 1694 831 1758 in
849 1695 909 1760 hac
927 1695 989 1760 vita
1007 1695 1120 1760 breves

81 1819 114 1871 et
127 1827 186 1894 per
201 1829 316 1894 paucos
332 1807 479 1871 ducimus
495 1804 580 1880 dics,
597 1805 675 1870 dixit
690 1805 778 1870 hunc
794 1803 985 1870 versiculum
1002 1807 1041 1870 do
1056 1830 1121 1892 quo

79 1913 340 2003 supradiximus.
360 1916 486 2001 Exque
507 1908 690 2007 intelligitur
706 1913 778 1999 quia
798 1914 895 2000 possit
918 1923 950 1977 et
971 1911 1047 1978 alius
1071 1914 1122 1977 di-

75 2045 172 2095 cere,
189 2021 263 2108 quia
278 2022 344 2086 dies
359 2041 447 2085 meos
465 2021 596 2109 posuisti
612 2043 712 2086 unum
727 2021 885 2108 digitum,
905 2018 989 2086 volut
1007 2043 1123 2085 conse-

77 2153 181 2218 quens
198 2129 237 2194 de
253 2130 405 2218 temporis
420 2129 594 2205 brevitate,
611 2142 642 2193 et
657 2127 736 2194 elius
754 2128 832 2192 duos
849 2127 961 2216 digitos
977 2127 1025 2192 vel
1041 2141 1118 2193 tres.

81 2241 200 2318 Quaero
221 2251 327 2302 autem
350 2238 374 2302 si
394 2247 498 2326 potest
520 2236 630 2324 aliquis
651 2237 817 2300 hominum
838 2237 943 2304 dicero
965 2237 1037 2322 quia
1053 2237 1121 2300 'dies

83 2347 147 2412 moi
165 2347 276 2412 docem
297 2346 385 2434 digiti
406 2356 500 2420 sunt,·
516 2358 571 2410 aut
589 2345 717 2433 viginti,
735 2344 901 2410 autetiam
918 2343 1063 2433 amplius.
1083 2346 1124 2409 Et

76 2455 155 2543 quia
179 2453 248 2519 loca
271 2453 409 2518 dillioilia
431 2453 642 2527 incurrimus,
664 2451 758 2517 velim
783 2452 943 2538 requirere
967 2453 1067 2518 sicubi
1090 2453 1122 2517 in

77 2563 256 2651 Scripturis
267 2561 329 2628 tale
346 2560 463 2648 aliquid
478 2562 674 2636 invenimus,
687 2585 725 2625 cx
738 2585 801 2648 quo
814 2562 911 2649 possit
927 2561 1039 2648 aperiri
1054 2561 1124 2649 pla-

75 2673 153 2738 nius
174 2671 207 2735 id
227 2670 312 2756 quod
333 2669 456 2734 videtur
472 2671 655 2734 obscurum.
676 2669 712 2732 ln
728 2669 825 2733 Esaia¹
839 2669 993 2756 scriptum
1014 2693 1124 2734 recor--

77 2781 142 2847 dor
160 2803 168 2843 ε
187 2805 199 2838 ι
216 2778 295 2858 Quis
310 2777 438 2842 metitus
456 2789 521 2852 est,
544 2776 660 2864 inquit,
678 2799 775 2841 manu
796 2801 931 2864 aquam,
950 2788 983 2840 et
1004 2777 1122 2843 coelum

76 2885 232 2976 spalmo,
248 2897 282 2950 ct
296 2905 425 2949 omnem
441 2896 557 2950 terram
574 2883 694 2972 pugillo
704 2883 740 2947 Ῥ
756 2885 825 2947 »Ex
840 2885 954 2970 quibus
977 2886 1125 2950 conside-

74 3009 131 3065 ret
147 2996 288 3084 quisquis
303 2992 356 3059 ille
371 3005 418 3058 est
437 2994 623 3081 prudentior
641 2994 822 3059 auditorum
841 3017 898 3082 per
917 2995 1038 3083 singula
1053 2995 1123 3062 loca

72 3103 278 3171 differentias
294 3125 534 3178 mensurarum,
549 3103 709 3189 quomodo
725 3122 837 3166 eorum
853 3102 981 3190 quidem
998 3106 1051 3190 qui
1064 3127 1126 3170 oos-

75 3214 150 3278 lum
170 3223 332 3276 morentur
344 3195 512 3298 appellari,
528 3233 600 3298 pars
619 3211 687 3274 vitae
700 3233 771 3298 quae
787 3208 921 3274 coelestis
936 3221 1001 3286 ost,
1019 3211 1124 3300 pulmo

75 3321 143 3388 Dei
158 3319 263 3383 metiri
279 3319 406 3393 dicitur,
424 3321 617 3406 quicumque
637 3317 688 3383 ille
706 3330 754 3382 est
775 3319 832 3382 Dei
850 3317 973 3405 palmus
993 3343 1001 3384 :
1019 3332 1051 3384 ot
1069 3345 1129 3386 eo-

75 3451 158 3495 rum
177 3448 319 3516 quorum¹
332 3428 395 3492 vita
415 3427 518 3493 adbuc
536 3439 661 3491 terrena
682 3439 750 3501 est,
769 3425 887 3515 pugillo
907 3427 963 3492 Dei
980 3427 1042 3492 vits
1063 3451 1127 3492 me-

75 3540 174 3604 titur.
196 3534 261 3600 Sed
283 3533 394 3624 pugilli
417 3535 513 3600 divini
540 3532 751 3600 differentiam
781 3557 867 3599 nuno
895 3535 1074 3622 requirere,
1096 3548 1129 3600 et

75 3655 232 3714 nostrum
257 3667 436 3710 sermonem
453 3655 485 3708 ot
507 3646 650 3708 auditum
675 3655 812 3708 vestrum
829 3643 966 3708 fortassis
983 3643 1123 3706 excedat.

76 3755 315 3822 Verumtamen
339 3752 421 3817 siout
448 3753 492 3816 ibi
516 3775 611 3818 manu
640 3773 754 3837 aquam
777 3752 904 3816 metitus
928 3762 994 3824 est,
1022 3748 1128 3836 palmo

125 3897 204 3950 ¹1sai.
218 3913 250 3946 xr.
258 3933 266 3957 ,
284 3913 322 3948 ιι.
