<?xml version="1.0" encoding="UTF-8"?>
<!DOCTYPE html PUBLIC "-//W3C//DTD XHTML 1.0 Transitional//EN"
    "http://www.w3.org/TR/xhtml1/DTD/xhtml1-transitional.dtd">
<html xmlns="http://www.w3.org/1999/xhtml" xml:lang="en" lang="en">
 <head>
  <title>
</title>
<meta http-equiv="Content-Type" content="text/html;charset=utf-8" />
  <meta name='ocr-system' content='tesseract 3.04.00' />
  <meta name='ocr-capabilities' content='ocr_page ocr_carea ocr_par ocr_line ocrx_word'/>
</head>
<body>
  <div class='ocr_page' id='page_1' title='image "./collectioselect01guilgoog_0540.png"; bbox 0 0 2744 4600; ppageno 0'>
   <div class='ocr_carea' id='block_1_1' title="bbox 278 249 862 325">
    <p class='ocr_par' dir='ltr' id='par_1_1' title="bbox 278 249 862 325">
     <span class='ocr_line' id='line_1_1' title="bbox 278 249 862 325; baseline -0.007 -13"><span class='ocrx_word' id='word_1_1' title='bbox 278 249 341 325; x_wconf 73' lang='lat'><strong>540</strong></span> <span class='ocrx_word' id='word_1_2' title='bbox 551 293 553 298; x_wconf 87' lang='lat'>-</span> <span class='ocrx_word' id='word_1_3' title='bbox 720 266 862 309; x_wconf 76' lang='lat' dir='ltr'><strong>oniensis</strong></span> 
     </span>
    </p>
   </div>
   <div class='ocr_carea' id='block_1_2' title="bbox 193 374 1273 1669">
    <p class='ocr_par' dir='ltr' id='par_1_2' title="bbox 193 374 1273 1669">
     <span class='ocr_line' id='line_1_2' title="bbox 276 374 1268 472; baseline -0.013 -20"><span class='ocrx_word' id='word_1_4' title='bbox 276 397 412 452; x_wconf 87' lang='lat' dir='ltr'><strong>euerant</strong></span> <span class='ocrx_word' id='word_1_5' title='bbox 433 385 513 459; x_wconf 87' lang='lat' dir='ltr'><strong>Deo,</strong></span> <span class='ocrx_word' id='word_1_6' title='bbox 534 394 605 472; x_wconf 91' lang='lat' dir='ltr'><strong>post</strong></span> <span class='ocrx_word' id='word_1_7' title='bbox 627 383 901 447; x_wconf 75' lang='lat' dir='ltr'><strong>enumerationem</strong></span> <span class='ocrx_word' id='word_1_8' title='bbox 923 389 1121 450; x_wconf 83' lang='lat' dir='ltr'><strong>cunctarum,</strong></span> <span class='ocrx_word' id='word_1_9' title='bbox 1137 376 1166 440; x_wconf 92' lang='lat' dir='ltr'><strong>iu</strong></span> <span class='ocrx_word' id='word_1_10' title='bbox 1183 374 1268 440; x_wconf 82' lang='lat' dir='ltr'><strong>ultima</strong></span> 
     </span>
     <span class='ocr_line' id='line_1_3' title="bbox 278 484 1268 562; baseline -0.014 -1"><span class='ocrx_word' id='word_1_11' title='bbox 278 493 482 562; x_wconf 80' lang='lat' dir='ltr'><strong>conclusione</strong></span> <span class='ocrx_word' id='word_1_12' title='bbox 502 495 547 559; x_wconf 86' lang='lat' dir='ltr'><strong>sie</strong></span> <span class='ocrx_word' id='word_1_13' title='bbox 568 493 644 558; x_wconf 86' lang='lat' dir='ltr'><strong>dicit</strong></span> <span class='ocrx_word' id='word_1_14' title='bbox 659 493 698 556; x_wconf 90' lang='lat' dir='ltr'><strong>de</strong></span> <span class='ocrx_word' id='word_1_15' title='bbox 713 494 757 558; x_wconf 92' lang='lat' dir='ltr'><strong>eis</strong></span> <span class='ocrx_word' id='word_1_16' title='bbox 772 518 779 558; x_wconf 92' lang='lat'>:</span> <span class='ocrx_word' id='word_1_17' title='bbox 793 519 805 552; x_wconf 79' lang='lat' dir='ltr'><strong>a</strong></span> <span class='ocrx_word' id='word_1_18' title='bbox 817 492 856 556; x_wconf 86' lang='lat' dir='ltr'><strong>Et</strong></span> <span class='ocrx_word' id='word_1_19' title='bbox 871 491 892 554; x_wconf 92' lang='lat' dir='ltr'><strong>ii</strong></span> <span class='ocrx_word' id='word_1_20' title='bbox 909 511 1017 554; x_wconf 86' lang='lat' dir='ltr'><strong>omnes</strong></span> <span class='ocrx_word' id='word_1_21' title='bbox 1033 486 1199 552; x_wconf 89' lang='lat' dir='ltr'><strong>testimonio</strong></span> <span class='ocrx_word' id='word_1_22' title='bbox 1214 484 1268 548; x_wconf 83' lang='lat' dir='ltr'><strong>idai</strong></span> 
     </span>
     <span class='ocr_line' id='line_1_4' title="bbox 280 591 1268 690; baseline -0.013 -24"><span class='ocrx_word' id='word_1_23' title='bbox 280 614 439 690; x_wconf 75' lang='lat' dir='ltr'><strong>»accepto</strong></span> <span class='ocrx_word' id='word_1_24' title='bbox 459 625 523 666; x_wconf 92' lang='lat' dir='ltr'><strong>non</strong></span> <span class='ocrx_word' id='word_1_25' title='bbox 540 613 751 689; x_wconf 87' lang='lat' dir='ltr'><strong>perceperunt</strong></span> <span class='ocrx_word' id='word_1_26' title='bbox 770 597 1040 687; x_wconf 78' lang='lat' dir='ltr'><strong>repromissiones,</strong></span> <span class='ocrx_word' id='word_1_27' title='bbox 1058 596 1121 659; x_wconf 80' lang='lat' dir='ltr'><strong>Deo</strong></span> <span class='ocrx_word' id='word_1_28' title='bbox 1135 616 1187 680; x_wconf 92' lang='lat' dir='ltr'><strong>pro</strong></span> <span class='ocrx_word' id='word_1_29' title='bbox 1201 591 1268 655; x_wconf 88' lang='lat' dir='ltr'><strong>nobis</strong></span> 
     </span>
     <span class='ocr_line' id='line_1_5' title="bbox 279 705 1269 798; baseline -0.013 -22"><span class='ocrx_word' id='word_1_30' title='bbox 279 711 417 777; x_wconf 77' lang='lat' dir='ltr'><strong>»melius</strong></span> <span class='ocrx_word' id='word_1_31' title='bbox 437 709 555 798; x_wconf 87' lang='lat' dir='ltr'><strong>aliquid</strong></span> <span class='ocrx_word' id='word_1_32' title='bbox 575 711 773 798; x_wconf 78' lang='lat' dir='ltr'><strong>providente,</strong></span> <span class='ocrx_word' id='word_1_33' title='bbox 791 709 837 772; x_wconf 86' lang='lat' dir='ltr'><strong>uti</strong></span> <span class='ocrx_word' id='word_1_34' title='bbox 852 729 892 772; x_wconf 88' lang='lat' dir='ltr'><strong>ne</strong></span> <span class='ocrx_word' id='word_1_35' title='bbox 909 708 977 772; x_wconf 87' lang='lat' dir='ltr'><strong>sine</strong></span> <span class='ocrx_word' id='word_1_36' title='bbox 992 705 1081 770; x_wconf 89' lang='lat' dir='ltr'><strong>nobis</strong></span> <span class='ocrx_word' id='word_1_37' title='bbox 1100 723 1269 768; x_wconf 88' lang='lat' dir='ltr'><strong>eonsumma-</strong></span> 
     </span>
     <span class='ocr_line' id='line_1_6' title="bbox 280 807 1269 898; baseline -0.011 -15"><span class='ocrx_word' id='word_1_38' title='bbox 280 819 447 885; x_wconf 74' lang='lat' dir='ltr'><strong>arentur¹.</strong></span> <span class='ocrx_word' id='word_1_39' title='bbox 464 820 585 898; x_wconf 77' lang='lat' dir='ltr'><strong>»Quasi</strong></span> <span class='ocrx_word' id='word_1_40' title='bbox 608 821 750 884; x_wconf 80' lang='lat' dir='ltr'><strong>dicerent</strong></span> <span class='ocrx_word' id='word_1_41' title='bbox 771 820 836 882; x_wconf 77' lang='lat' dir='ltr'><strong>istm</strong></span> <span class='ocrx_word' id='word_1_42' title='bbox 859 839 974 882; x_wconf 82' lang='lat' dir='ltr'><strong>novem</strong></span> <span class='ocrx_word' id='word_1_43' title='bbox 989 826 1021 880; x_wconf 90' lang='lat' dir='ltr'><strong>et</strong></span> <span class='ocrx_word' id='word_1_44' title='bbox 1036 815 1127 878; x_wconf 88' lang='lat' dir='ltr'><strong>semis</strong></span> <span class='ocrx_word' id='word_1_45' title='bbox 1142 812 1227 876; x_wconf 88' lang='lat' dir='ltr'><strong>tribus</strong></span> <span class='ocrx_word' id='word_1_46' title='bbox 1243 807 1269 871; x_wconf 86' lang='lat' dir='ltr'><strong>da</strong></span> 
     </span>
     <span class='ocr_line' id='line_1_7' title="bbox 193 930 1271 1016; baseline -0.014 -19"><span class='ocrx_word' id='word_1_47' title='bbox 193 1003 198 1008; x_wconf 56' lang='grc'><em>,</em></span> <span class='ocrx_word' id='word_1_48' title='bbox 278 930 338 997; x_wconf 87' lang='lat' dir='ltr'><strong>illis</strong></span> <span class='ocrx_word' id='word_1_49' title='bbox 350 931 472 994; x_wconf 89' lang='lat' dir='ltr'><strong>duabus</strong></span> <span class='ocrx_word' id='word_1_50' title='bbox 482 941 515 994; x_wconf 90' lang='lat' dir='ltr'><strong>et</strong></span> <span class='ocrx_word' id='word_1_51' title='bbox 525 932 619 996; x_wconf 90' lang='lat' dir='ltr'><strong>semis</strong></span> <span class='ocrx_word' id='word_1_52' title='bbox 633 930 793 1002; x_wconf 83' lang='lat' dir='ltr'><strong>tribubus.</strong></span> <span class='ocrx_word' id='word_1_53' title='bbox 808 930 878 1016; x_wconf 90' lang='lat' dir='ltr'><strong>quia</strong></span> <span class='ocrx_word' id='word_1_54' title='bbox 892 940 1058 1016; x_wconf 89' lang='lat' dir='ltr'><strong>propterea</strong></span> <span class='ocrx_word' id='word_1_55' title='bbox 1074 949 1136 989; x_wconf 89' lang='lat' dir='ltr'><strong>noa</strong></span> <span class='ocrx_word' id='word_1_56' title='bbox 1151 931 1271 1010; x_wconf 85' lang='lat' dir='ltr'><strong>ceperunt</strong></span> 
     </span>
     <span class='ocr_line' id='line_1_8' title="bbox 193 1026 1271 1129; baseline -0.014 -25"><span class='ocrx_word' id='word_1_57' title='bbox 193 1120 194 1123; x_wconf 8' lang='grc' dir='ltr'><strong>Ἴ</strong></span> <span class='ocrx_word' id='word_1_58' title='bbox 278 1040 501 1129; x_wconf 81' lang='lat' dir='ltr'><strong>promissiones</strong></span> <span class='ocrx_word' id='word_1_59' title='bbox 519 1052 610 1104; x_wconf 83' lang='lat' dir='ltr'><strong>terrae</strong></span> <span class='ocrx_word' id='word_1_60' title='bbox 624 1037 706 1104; x_wconf 92' lang='lat' dir='ltr'><strong>illius</strong></span> <span class='ocrx_word' id='word_1_61' title='bbox 728 1061 797 1124; x_wconf 82' lang='lat' dir='ltr'><strong>quae</strong></span> <span class='ocrx_word' id='word_1_62' title='bbox 811 1038 856 1101; x_wconf 82' lang='lat' dir='ltr'><strong>eis</strong></span> <span class='ocrx_word' id='word_1_63' title='bbox 872 1047 958 1100; x_wconf 87' lang='lat' dir='ltr'><strong>extra</strong></span> <span class='ocrx_word' id='word_1_64' title='bbox 976 1034 1148 1100; x_wconf 80' lang='lat' dir='ltr'><strong>Jordeuem</strong></span> <span class='ocrx_word' id='word_1_65' title='bbox 1164 1053 1212 1118; x_wconf 91' lang='lat' dir='ltr'><strong>per</strong></span> <span class='ocrx_word' id='word_1_66' title='bbox 1225 1026 1271 1091; x_wconf 84' lang='lat' dir='ltr'><strong>llo</strong></span> 
     </span>
     <span class='ocr_line' id='line_1_9' title="bbox 279 1139 1269 1236; baseline -0.011 -23"><span class='ocrx_word' id='word_1_67' title='bbox 279 1171 335 1213; x_wconf 91' lang='lat' dir='ltr'><strong>sen</strong></span> <span class='ocrx_word' id='word_1_68' title='bbox 354 1143 479 1213; x_wconf 82' lang='lat' dir='ltr'><strong>decreta</strong></span> <span class='ocrx_word' id='word_1_69' title='bbox 495 1159 556 1222; x_wconf 85' lang='lat' dir='ltr'><strong>est,</strong></span> <span class='ocrx_word' id='word_1_70' title='bbox 571 1148 638 1212; x_wconf 91' lang='lat' dir='ltr'><strong>Deo</strong></span> <span class='ocrx_word' id='word_1_71' title='bbox 653 1167 712 1236; x_wconf 92' lang='lat' dir='ltr'><strong>pro</strong></span> <span class='ocrx_word' id='word_1_72' title='bbox 728 1147 819 1212; x_wconf 90' lang='lat' dir='ltr'><strong>nobis</strong></span> <span class='ocrx_word' id='word_1_73' title='bbox 837 1145 957 1232; x_wconf 88' lang='lat' dir='ltr'><strong>aliquid</strong></span> <span class='ocrx_word' id='word_1_74' title='bbox 975 1143 1089 1209; x_wconf 85' lang='lat' dir='ltr'><strong>melias</strong></span> <span class='ocrx_word' id='word_1_75' title='bbox 1108 1139 1269 1230; x_wconf 82' lang='lat' dir='ltr'><strong>providente,</strong></span> 
     </span>
     <span class='ocr_line' id='line_1_10' title="bbox 280 1255 1270 1342; baseline -0.013 -21"><span class='ocrx_word' id='word_1_76' title='bbox 280 1258 324 1321; x_wconf 88' lang='lat' dir='ltr'><strong>uti</strong></span> <span class='ocrx_word' id='word_1_77' title='bbox 334 1257 449 1321; x_wconf 88' lang='lat' dir='ltr'><strong>nesine</strong></span> <span class='ocrx_word' id='word_1_78' title='bbox 459 1257 868 1322; x_wconf 85' lang='lat' dir='ltr'><strong>nobiseonsammareatur.</strong></span> <span class='ocrx_word' id='word_1_79' title='bbox 883 1255 1270 1342; x_wconf 83' lang='lat' dir='ltr'><strong>Proptereaergotranseuut</strong></span> 
     </span>
     <span class='ocr_line' id='line_1_11' title="bbox 279 1357 1271 1450; baseline -0.01 -22"><span class='ocrx_word' id='word_1_80' title='bbox 279 1364 446 1428; x_wconf 86' lang='lat' dir='ltr'><strong>nobiscum</strong></span> <span class='ocrx_word' id='word_1_81' title='bbox 462 1364 573 1428; x_wconf 90' lang='lat' dir='ltr'><strong>armati</strong></span> <span class='ocrx_word' id='word_1_82' title='bbox 588 1363 629 1428; x_wconf 89' lang='lat' dir='ltr'><strong>ad</strong></span> <span class='ocrx_word' id='word_1_83' title='bbox 644 1361 801 1450; x_wconf 84' lang='lat' dir='ltr'><strong>praelium,</strong></span> <span class='ocrx_word' id='word_1_84' title='bbox 818 1372 850 1426; x_wconf 88' lang='lat' dir='ltr'><strong>ot</strong></span> <span class='ocrx_word' id='word_1_85' title='bbox 864 1363 975 1449; x_wconf 85' lang='lat' dir='ltr'><strong>juvant</strong></span> <span class='ocrx_word' id='word_1_86' title='bbox 990 1384 1049 1425; x_wconf 89' lang='lat' dir='ltr'><strong>nos</strong></span> <span class='ocrx_word' id='word_1_87' title='bbox 1064 1362 1104 1424; x_wconf 88' lang='lat' dir='ltr'><strong>ad</strong></span> <span class='ocrx_word' id='word_1_88' title='bbox 1120 1357 1271 1444; x_wconf 82' lang='lat' dir='ltr'><strong>belligeran-</strong></span> 
     </span>
     <span class='ocr_line' id='line_1_12' title="bbox 282 1459 1273 1561; baseline -0.014 -23"><span class='ocrx_word' id='word_1_89' title='bbox 282 1472 358 1538; x_wconf 91' lang='lat' dir='ltr'><strong>dum</strong></span> <span class='ocrx_word' id='word_1_90' title='bbox 370 1472 410 1538; x_wconf 91' lang='lat' dir='ltr'><strong>ad</strong></span> <span class='ocrx_word' id='word_1_91' title='bbox 419 1473 643 1561; x_wconf 75' lang='lat' dir='ltr'><strong>expugnandos</strong></span> <span class='ocrx_word' id='word_1_92' title='bbox 657 1471 809 1536; x_wconf 89' lang='lat' dir='ltr'><strong>inimicos.</strong></span> <span class='ocrx_word' id='word_1_93' title='bbox 825 1469 888 1534; x_wconf 91' lang='lat' dir='ltr'><strong>Sed</strong></span> <span class='ocrx_word' id='word_1_94' title='bbox 901 1468 943 1534; x_wconf 94' lang='lat' dir='ltr'><strong>illi</strong></span> <span class='ocrx_word' id='word_1_95' title='bbox 956 1479 1121 1534; x_wconf 87' lang='lat' dir='ltr'><strong>transeunt</strong></span> <span class='ocrx_word' id='word_1_96' title='bbox 1132 1465 1182 1554; x_wconf 93' lang='lat' dir='ltr'><strong>qui</strong></span> <span class='ocrx_word' id='word_1_97' title='bbox 1191 1459 1273 1528; x_wconf 82' lang='lat' dir='ltr'><strong>armati</strong></span> 
     </span>
     <span class='ocr_line' id='line_1_13' title="bbox 281 1575 1272 1669; baseline -0.009 -22"><span class='ocrx_word' id='word_1_98' title='bbox 281 1593 368 1657; x_wconf 90' lang='lat' dir='ltr'><strong>sunt,</strong></span> <span class='ocrx_word' id='word_1_99' title='bbox 386 1582 440 1668; x_wconf 90' lang='lat' dir='ltr'><strong>qui</strong></span> <span class='ocrx_word' id='word_1_100' title='bbox 456 1583 512 1646; x_wconf 85' lang='lat' dir='ltr'><strong>viri</strong></span> <span class='ocrx_word' id='word_1_101' title='bbox 530 1581 626 1646; x_wconf 88' lang='lat' dir='ltr'><strong>sortes</strong></span> <span class='ocrx_word' id='word_1_102' title='bbox 644 1593 718 1646; x_wconf 88' lang='lat' dir='ltr'><strong>sunt</strong></span> <span class='ocrx_word' id='word_1_103' title='bbox 734 1593 766 1646; x_wconf 87' lang='lat' dir='ltr'><strong>et</strong></span> <span class='ocrx_word' id='word_1_104' title='bbox 781 1592 925 1669; x_wconf 86' lang='lat' dir='ltr'><strong>potentes</strong></span> <span class='ocrx_word' id='word_1_105' title='bbox 943 1603 956 1645; x_wconf 71' lang='grc' dir='ltr'><em>τ</em></span> <span class='ocrx_word' id='word_1_106' title='bbox 970 1581 1078 1648; x_wconf 86' lang='lat' dir='ltr'><strong>eaeteri</strong></span> <span class='ocrx_word' id='word_1_107' title='bbox 1097 1603 1178 1652; x_wconf 82' lang='lat' dir='ltr'><strong>voro,</strong></span> <span class='ocrx_word' id='word_1_108' title='bbox 1192 1575 1272 1663; x_wconf 76' lang='lat' dir='ltr'><strong>ignava</strong></span> 
     </span>
    </p>
   </div>
   <div class='ocr_carea' id='block_1_3' title="bbox 181 1688 1275 1777">
    <p class='ocr_par' dir='ltr' id='par_1_3' title="bbox 181 1688 1275 1777">
     <span class='ocr_line' id='line_1_14' title="bbox 181 1688 1275 1777; baseline -0.013 -19"><span class='ocrx_word' id='word_1_109' title='bbox 181 1705 191 1715; x_wconf 92' lang='lat'>&#39;</span> <span class='ocrx_word' id='word_1_110' title='bbox 280 1713 394 1757; x_wconf 80' lang='lat' dir='ltr'><strong>manus</strong></span> <span class='ocrx_word' id='word_1_111' title='bbox 405 1702 437 1756; x_wconf 84' lang='lat' dir='ltr'><strong>et</strong></span> <span class='ocrx_word' id='word_1_112' title='bbox 448 1689 596 1765; x_wconf 90' lang='lat' dir='ltr'><strong>imbellis,</strong></span> <span class='ocrx_word' id='word_1_113' title='bbox 609 1702 773 1756; x_wconf 80' lang='lat' dir='ltr'><strong>remanent</strong></span> <span class='ocrx_word' id='word_1_114' title='bbox 784 1703 870 1756; x_wconf 86' lang='lat' dir='ltr'><strong>extra</strong></span> <span class='ocrx_word' id='word_1_115' title='bbox 880 1691 1067 1758; x_wconf 86' lang='lat' dir='ltr'><strong>Jordanem.</strong></span> <span class='ocrx_word' id='word_1_116' title='bbox 1088 1689 1121 1754; x_wconf 91' lang='lat' dir='ltr'><strong>Si</strong></span> <span class='ocrx_word' id='word_1_117' title='bbox 1136 1688 1184 1777; x_wconf 92' lang='lat' dir='ltr'><strong>qui</strong></span> <span class='ocrx_word' id='word_1_118' title='bbox 1197 1696 1275 1750; x_wconf 86' lang='lat' dir='ltr'><strong>auten</strong></span> 
     </span>
    </p>
   </div>
   <div class='ocr_carea' id='block_1_4' title="bbox 279 1796 1298 3841">
    <p class='ocr_par' dir='ltr' id='par_1_4' title="bbox 279 1796 1298 3841">
     <span class='ocr_line' id='line_1_15' title="bbox 280 1796 1274 1887; baseline -0.009 -22"><span class='ocrx_word' id='word_1_119' title='bbox 280 1801 313 1865; x_wconf 89' lang='lat' dir='ltr'><strong>in</strong></span> <span class='ocrx_word' id='word_1_120' title='bbox 329 1801 401 1886; x_wconf 90' lang='lat' dir='ltr'><strong>ipsis</strong></span> <span class='ocrx_word' id='word_1_121' title='bbox 417 1800 474 1864; x_wconf 85' lang='lat' dir='ltr'><strong>viri</strong></span> <span class='ocrx_word' id='word_1_122' title='bbox 491 1798 589 1871; x_wconf 86' lang='lat' dir='ltr'><strong>sortes</strong></span> <span class='ocrx_word' id='word_1_123' title='bbox 604 1811 693 1874; x_wconf 80' lang='lat' dir='ltr'><strong>sunt,</strong></span> <span class='ocrx_word' id='word_1_124' title='bbox 708 1798 824 1866; x_wconf 86' lang='lat' dir='ltr'><strong>relictis</strong></span> <span class='ocrx_word' id='word_1_125' title='bbox 840 1798 1029 1866; x_wconf 80' lang='lat' dir='ltr'><strong>animalibus</strong></span> <span class='ocrx_word' id='word_1_126' title='bbox 1045 1812 1078 1865; x_wconf 85' lang='lat' dir='ltr'><strong>et</strong></span> <span class='ocrx_word' id='word_1_127' title='bbox 1095 1796 1239 1887; x_wconf 84' lang='lat' dir='ltr'><strong>pecoribus</strong></span> <span class='ocrx_word' id='word_1_128' title='bbox 1250 1797 1274 1850; x_wconf 77' lang='lat' dir='ltr'><strong>sl</strong></span> 
     </span>
     <span class='ocr_line' id='line_1_16' title="bbox 281 1891 1275 1996; baseline -0.003 -26"><span class='ocrx_word' id='word_1_129' title='bbox 281 1907 428 1970; x_wconf 88' lang='lat' dir='ltr'><strong>omnibus</strong></span> <span class='ocrx_word' id='word_1_130' title='bbox 447 1905 695 1994; x_wconf 75' lang='lat' dir='ltr'><strong>impedimentis,</strong></span> <span class='ocrx_word' id='word_1_131' title='bbox 714 1919 855 1996; x_wconf 81' lang='lat' dir='ltr'><strong>pugnant</strong></span> <span class='ocrx_word' id='word_1_132' title='bbox 877 1907 1048 1972; x_wconf 85' lang='lat' dir='ltr'><strong>adversum</strong></span> <span class='ocrx_word' id='word_1_133' title='bbox 1063 1907 1184 1972; x_wconf 91' lang='lat' dir='ltr'><strong>hostem</strong></span> <span class='ocrx_word' id='word_1_134' title='bbox 1197 1891 1275 1966; x_wconf 65' lang='lat' dir='ltr'><strong>uoltis·¹</strong></span> 
     </span>
     <span class='ocr_line' id='line_1_17' title="bbox 281 2004 1274 2105; baseline -0.004 -24"><span class='ocrx_word' id='word_1_135' title='bbox 281 2035 534 2101; x_wconf 76' lang='lat' dir='ltr'><strong>eum-usquequo</strong></span> <span class='ocrx_word' id='word_1_136' title='bbox 551 2014 717 2080; x_wconf 85' lang='lat' dir='ltr'><strong>vincantur</strong></span> <span class='ocrx_word' id='word_1_137' title='bbox 729 2015 846 2080; x_wconf 84' lang='lat' dir='ltr'><strong>inimici</strong></span> <span class='ocrx_word' id='word_1_138' title='bbox 862 2015 974 2090; x_wconf 88' lang='lat' dir='ltr'><strong>nostri,</strong></span> <span class='ocrx_word' id='word_1_139' title='bbox 991 2037 1159 2105; x_wconf 86' lang='lat' dir='ltr'><strong>usquequo</strong></span> <span class='ocrx_word' id='word_1_140' title='bbox 1173 2004 1274 2078; x_wconf 59' lang='lat' dir='ltr'><strong>haered</strong></span> 
     </span>
     <span class='ocr_line' id='line_1_18' title="bbox 281 2113 1275 2212; baseline 0.001 -26"><span class='ocrx_word' id='word_1_141' title='bbox 281 2132 379 2186; x_wconf 87' lang='lat' dir='ltr'><strong>tatem</strong></span> <span class='ocrx_word' id='word_1_142' title='bbox 397 2131 488 2186; x_wconf 84' lang='lat' dir='ltr'><strong>terrm</strong></span> <span class='ocrx_word' id='word_1_143' title='bbox 502 2123 606 2196; x_wconf 73' lang='lat' dir='ltr'><strong>bone.</strong></span> <span class='ocrx_word' id='word_1_144' title='bbox 631 2134 723 2187; x_wconf 80' lang='lat' dir='ltr'><strong>terrm</strong></span> <span class='ocrx_word' id='word_1_145' title='bbox 743 2121 844 2188; x_wconf 84' lang='lat' dir='ltr'><strong>mellis</strong></span> <span class='ocrx_word' id='word_1_146' title='bbox 865 2121 1018 2211; x_wconf 87' lang='lat' dir='ltr'><strong>laetisque</strong></span> <span class='ocrx_word' id='word_1_147' title='bbox 1039 2125 1208 2212; x_wconf 84' lang='lat' dir='ltr'><strong>capiamus.</strong></span> <span class='ocrx_word' id='word_1_148' title='bbox 1222 2113 1275 2194; x_wconf 74' lang='lat' dir='ltr'><strong>Qult</strong></span> 
     </span>
     <span class='ocr_line' id='line_1_19' title="bbox 282 2227 1279 2319; baseline -0.008 -25"><span class='ocrx_word' id='word_1_149' title='bbox 282 2230 367 2294; x_wconf 89' lang='lat' dir='ltr'><strong>enim</strong></span> <span class='ocrx_word' id='word_1_150' title='bbox 393 2231 516 2295; x_wconf 84' lang='lat' dir='ltr'><strong>dabitat</strong></span> <span class='ocrx_word' id='word_1_151' title='bbox 535 2229 622 2317; x_wconf 92' lang='lat' dir='ltr'><strong>quod</strong></span> <span class='ocrx_word' id='word_1_152' title='bbox 642 2232 741 2296; x_wconf 86' lang='lat' dir='ltr'><strong>saneti</strong></span> <span class='ocrx_word' id='word_1_153' title='bbox 765 2231 880 2319; x_wconf 89' lang='lat' dir='ltr'><strong>quique</strong></span> <span class='ocrx_word' id='word_1_154' title='bbox 902 2231 1048 2310; x_wconf 83' lang='lat' dir='ltr'><strong>Petrum,</strong></span> <span class='ocrx_word' id='word_1_155' title='bbox 1069 2244 1103 2300; x_wconf 87' lang='lat' dir='ltr'><strong>et</strong></span> <span class='ocrx_word' id='word_1_156' title='bbox 1117 2227 1279 2298; x_wconf 82' lang='lat' dir='ltr'><strong>orationibus</strong></span> 
     </span>
     <span class='ocr_line' id='line_1_20' title="bbox 281 2337 1279 2430; baseline -0.001 -28"><span class='ocrx_word' id='word_1_157' title='bbox 281 2359 338 2402; x_wconf 87' lang='lat' dir='ltr'><strong>nos</strong></span> <span class='ocrx_word' id='word_1_158' title='bbox 353 2337 476 2423; x_wconf 88' lang='lat' dir='ltr'><strong>jurent,</strong></span> <span class='ocrx_word' id='word_1_159' title='bbox 493 2349 525 2401; x_wconf 85' lang='lat' dir='ltr'><strong>at</strong></span> <span class='ocrx_word' id='word_1_160' title='bbox 539 2349 699 2425; x_wconf 85' lang='lat' dir='ltr'><strong>gestorum</strong></span> <span class='ocrx_word' id='word_1_161' title='bbox 716 2363 845 2404; x_wconf 88' lang='lat' dir='ltr'><strong>suorum</strong></span> <span class='ocrx_word' id='word_1_162' title='bbox 861 2340 1055 2410; x_wconf 80' lang='lat' dir='ltr'><strong>confirment</strong></span> <span class='ocrx_word' id='word_1_163' title='bbox 1071 2357 1166 2430; x_wconf 89' lang='lat' dir='ltr'><strong>atque</strong></span> <span class='ocrx_word' id='word_1_164' title='bbox 1180 2340 1279 2405; x_wconf 76' lang='lat' dir='ltr'><strong>horna</strong></span> 
     </span>
     <span class='ocr_line' id='line_1_21' title="bbox 280 2437 1281 2540; baseline -0.002 -30"><span class='ocrx_word' id='word_1_165' title='bbox 280 2456 334 2510; x_wconf 84' lang='lat' dir='ltr'><strong>tur</strong></span> <span class='ocrx_word' id='word_1_166' title='bbox 348 2444 511 2534; x_wconf 82' lang='lat' dir='ltr'><strong>exemplis,</strong></span> <span class='ocrx_word' id='word_1_167' title='bbox 529 2447 584 2511; x_wconf 84' lang='lat' dir='ltr'><strong>sed</strong></span> <span class='ocrx_word' id='word_1_168' title='bbox 599 2460 631 2512; x_wconf 86' lang='lat' dir='ltr'><strong>et</strong></span> <span class='ocrx_word' id='word_1_169' title='bbox 647 2446 859 2514; x_wconf 85' lang='lat' dir='ltr'><strong>voluminibus</strong></span> <span class='ocrx_word' id='word_1_170' title='bbox 874 2451 949 2526; x_wconf 88' lang='lat' dir='ltr'><strong>suis,</strong></span> <span class='ocrx_word' id='word_1_171' title='bbox 966 2474 1073 2540; x_wconf 88' lang='lat' dir='ltr'><strong>parea</strong></span> <span class='ocrx_word' id='word_1_172' title='bbox 1088 2475 1159 2540; x_wconf 81' lang='lat' dir='ltr'><strong>quae</strong></span> <span class='ocrx_word' id='word_1_173' title='bbox 1171 2437 1281 2515; x_wconf 80' lang='lat' dir='ltr'><strong>nobissd</strong></span> 
     </span>
     <span class='ocr_line' id='line_1_22' title="bbox 281 2552 1281 2641; baseline -0.006 -21"><span class='ocrx_word' id='word_1_174' title='bbox 281 2553 468 2620; x_wconf 82' lang='lat' dir='ltr'><strong>memoriam</strong></span> <span class='ocrx_word' id='word_1_175' title='bbox 482 2555 598 2641; x_wconf 85' lang='lat' dir='ltr'><strong>scripta</strong></span> <span class='ocrx_word' id='word_1_176' title='bbox 614 2552 809 2640; x_wconf 89' lang='lat' dir='ltr'><strong>reliquerunt</strong></span> <span class='ocrx_word' id='word_1_177' title='bbox 821 2556 971 2622; x_wconf 84' lang='lat' dir='ltr'><strong>docentes</strong></span> <span class='ocrx_word' id='word_1_178' title='bbox 986 2581 1060 2635; x_wconf 91' lang='lat' dir='ltr'><strong>nos,</strong></span> <span class='ocrx_word' id='word_1_179' title='bbox 1074 2572 1108 2624; x_wconf 90' lang='lat' dir='ltr'><strong>et</strong></span> <span class='ocrx_word' id='word_1_180' title='bbox 1125 2560 1281 2623; x_wconf 76' lang='lat' dir='ltr'><strong>instruens</strong></span> 
     </span>
     <span class='ocr_line' id='line_1_23' title="bbox 279 2660 1283 2751; baseline 0 -27"><span class='ocrx_word' id='word_1_181' title='bbox 279 2661 439 2748; x_wconf 86' lang='lat' dir='ltr'><strong>quomodo</strong></span> <span class='ocrx_word' id='word_1_182' title='bbox 454 2660 618 2725; x_wconf 83' lang='lat' dir='ltr'><strong>adversum</strong></span> <span class='ocrx_word' id='word_1_183' title='bbox 635 2661 778 2726; x_wconf 88' lang='lat' dir='ltr'><strong>inimicas</strong></span> <span class='ocrx_word' id='word_1_184' title='bbox 795 2674 966 2751; x_wconf 84' lang='lat' dir='ltr'><strong>potestates</strong></span> <span class='ocrx_word' id='word_1_185' title='bbox 982 2667 1203 2732; x_wconf 85' lang='lat' dir='ltr'><strong>dimicandum</strong></span> <span class='ocrx_word' id='word_1_186' title='bbox 1213 2662 1254 2734; x_wconf 83' lang='lat' dir='ltr'><strong>sit,</strong></span> <span class='ocrx_word' id='word_1_187' title='bbox 1263 2666 1283 2720; x_wconf 81' lang='lat' dir='ltr'><strong>tl</strong></span> 
     </span>
     <span class='ocr_line' id='line_1_24' title="bbox 279 2768 1283 2864; baseline 0.009 -32"><span class='ocrx_word' id='word_1_188' title='bbox 279 2770 438 2856; x_wconf 86' lang='lat' dir='ltr'><strong>quomodo</strong></span> <span class='ocrx_word' id='word_1_189' title='bbox 457 2792 593 2856; x_wconf 80' lang='lat' dir='ltr'><strong>agonum</strong></span> <span class='ocrx_word' id='word_1_190' title='bbox 611 2768 773 2835; x_wconf 86' lang='lat' dir='ltr'><strong>toleranda</strong></span> <span class='ocrx_word' id='word_1_191' title='bbox 789 2773 961 2838; x_wconf 88' lang='lat' dir='ltr'><strong>certamina</strong></span> <span class='ocrx_word' id='word_1_192' title='bbox 973 2774 987 2840; x_wconf 73' lang='lat' dir='ltr'><strong>l</strong></span> <span class='ocrx_word' id='word_1_193' title='bbox 1001 2774 1153 2864; x_wconf 80' lang='lat' dir='ltr'><strong>Pugnant</strong></span> <span class='ocrx_word' id='word_1_194' title='bbox 1168 2785 1283 2861; x_wconf 60' lang='lat' dir='ltr'><strong>ergoptl</strong></span> 
     </span>
     <span class='ocr_line' id='line_1_25' title="bbox 280 2876 1286 2971; baseline -0.001 -29"><span class='ocrx_word' id='word_1_195' title='bbox 280 2879 371 2942; x_wconf 87' lang='lat' dir='ltr'><strong>nobis</strong></span> <span class='ocrx_word' id='word_1_196' title='bbox 386 2891 418 2942; x_wconf 90' lang='lat' dir='ltr'><strong>et</strong></span> <span class='ocrx_word' id='word_1_197' title='bbox 433 2878 503 2965; x_wconf 88' lang='lat' dir='ltr'><strong>ipsi,</strong></span> <span class='ocrx_word' id='word_1_198' title='bbox 519 2878 672 2944; x_wconf 88' lang='lat' dir='ltr'><strong>incedant</strong></span> <span class='ocrx_word' id='word_1_199' title='bbox 688 2879 781 2966; x_wconf 90' lang='lat' dir='ltr'><strong>primi</strong></span> <span class='ocrx_word' id='word_1_200' title='bbox 801 2893 874 2946; x_wconf 83' lang='lat' dir='ltr'><strong>ante</strong></span> <span class='ocrx_word' id='word_1_201' title='bbox 891 2905 949 2947; x_wconf 90' lang='lat' dir='ltr'><strong>nos</strong></span> <span class='ocrx_word' id='word_1_202' title='bbox 968 2884 1097 2948; x_wconf 87' lang='lat' dir='ltr'><strong>armati.</strong></span> <span class='ocrx_word' id='word_1_203' title='bbox 1121 2886 1208 2971; x_wconf 87' lang='lat' dir='ltr'><strong>ipsos</strong></span> <span class='ocrx_word' id='word_1_204' title='bbox 1224 2876 1286 2943; x_wconf 81' lang='lat' dir='ltr'><strong>eain</strong></span> 
     </span>
     <span class='ocr_line' id='line_1_26' title="bbox 281 2984 1287 3080; baseline 0.001 -29"><span class='ocrx_word' id='word_1_205' title='bbox 281 3008 338 3051; x_wconf 89' lang='lat' dir='ltr'><strong>nos</strong></span> <span class='ocrx_word' id='word_1_206' title='bbox 351 2984 502 3051; x_wconf 84' lang='lat' dir='ltr'><strong>habentes</strong></span> <span class='ocrx_word' id='word_1_207' title='bbox 516 2985 557 3050; x_wconf 86' lang='lat' dir='ltr'><strong>ad</strong></span> <span class='ocrx_word' id='word_1_208' title='bbox 567 2985 761 3073; x_wconf 84' lang='lat' dir='ltr'><strong>exemplum,</strong></span> <span class='ocrx_word' id='word_1_209' title='bbox 775 2999 807 3052; x_wconf 88' lang='lat' dir='ltr'><strong>et</strong></span> <span class='ocrx_word' id='word_1_210' title='bbox 819 2988 960 3054; x_wconf 85' lang='lat' dir='ltr'><strong>videntes</strong></span> <span class='ocrx_word' id='word_1_211' title='bbox 971 3013 1086 3056; x_wconf 90' lang='lat' dir='ltr'><strong>eorum</strong></span> <span class='ocrx_word' id='word_1_212' title='bbox 1100 2986 1287 3080; x_wconf 77' lang='lat' dir='ltr'><strong>perspiritum</strong></span> 
     </span>
     <span class='ocr_line' id='line_1_27' title="bbox 280 3092 1287 3188; baseline 0.001 -29"><span class='ocrx_word' id='word_1_213' title='bbox 280 3093 371 3159; x_wconf 87' lang='lat' dir='ltr'><strong>sortia</strong></span> <span class='ocrx_word' id='word_1_214' title='bbox 394 3092 489 3170; x_wconf 81' lang='lat' dir='ltr'><strong>laeta,</strong></span> <span class='ocrx_word' id='word_1_215' title='bbox 511 3118 672 3161; x_wconf 85' lang='lat' dir='ltr'><strong>armamur</strong></span> <span class='ocrx_word' id='word_1_216' title='bbox 693 3097 732 3162; x_wconf 88' lang='lat' dir='ltr'><strong>ad</strong></span> <span class='ocrx_word' id='word_1_217' title='bbox 754 3096 896 3185; x_wconf 82' lang='lat' dir='ltr'><strong>praelium</strong></span> <span class='ocrx_word' id='word_1_218' title='bbox 912 3099 1093 3188; x_wconf 82' lang='lat' dir='ltr'><strong>spirituale,</strong></span> <span class='ocrx_word' id='word_1_219' title='bbox 1118 3101 1287 3166; x_wconf 72' lang='lat' dir='ltr'><strong>erudieras</strong></span> 
     </span>
     <span class='ocr_line' id='line_1_28' title="bbox 280 3200 1290 3292; baseline 0.004 -25"><span class='ocrx_word' id='word_1_220' title='bbox 280 3200 450 3292; x_wconf 83' lang='lat' dir='ltr'><strong>spiritualia</strong></span> <span class='ocrx_word' id='word_1_221' title='bbox 471 3205 617 3291; x_wconf 68' lang='lat' dir='ltr'><strong>nequitiae</strong></span> <span class='ocrx_word' id='word_1_222' title='bbox 633 3206 664 3270; x_wconf 91' lang='lat' dir='ltr'><strong>in</strong></span> <span class='ocrx_word' id='word_1_223' title='bbox 680 3205 861 3273; x_wconf 86' lang='lat' dir='ltr'><strong>eoelestibus</strong></span> <span class='ocrx_word' id='word_1_224' title='bbox 876 3208 1076 3275; x_wconf 86' lang='lat' dir='ltr'><strong>dimicamus.</strong></span> <span class='ocrx_word' id='word_1_225' title='bbox 1107 3211 1164 3278; x_wconf 87' lang='lat' dir='ltr'><strong>Sie</strong></span> <span class='ocrx_word' id='word_1_226' title='bbox 1182 3206 1290 3292; x_wconf 74' lang='lat' dir='ltr'><strong>uanique</strong></span> 
     </span>
     <span class='ocr_line' id='line_1_29' title="bbox 281 3310 1290 3408; baseline 0.006 -34"><span class='ocrx_word' id='word_1_227' title='bbox 281 3311 333 3398; x_wconf 90' lang='lat' dir='ltr'><strong>qui</strong></span> <span class='ocrx_word' id='word_1_228' title='bbox 350 3313 408 3376; x_wconf 86' lang='lat' dir='ltr'><strong>sub</strong></span> <span class='ocrx_word' id='word_1_229' title='bbox 425 3310 500 3376; x_wconf 81' lang='lat' dir='ltr'><strong>lesu</strong></span> <span class='ocrx_word' id='word_1_230' title='bbox 514 3312 595 3377; x_wconf 88' lang='lat' dir='ltr'><strong>duce</strong></span> <span class='ocrx_word' id='word_1_231' title='bbox 610 3311 758 3386; x_wconf 83' lang='lat' dir='ltr'><strong>militant,</strong></span> <span class='ocrx_word' id='word_1_232' title='bbox 777 3315 903 3403; x_wconf 79' lang='lat' dir='ltr'><strong>triginta</strong></span> <span class='ocrx_word' id='word_1_233' title='bbox 916 3329 948 3381; x_wconf 91' lang='lat' dir='ltr'><strong>et</strong></span> <span class='ocrx_word' id='word_1_234' title='bbox 959 3340 998 3382; x_wconf 87' lang='lat' dir='ltr'><strong>eo</strong></span> <span class='ocrx_word' id='word_1_235' title='bbox 1009 3319 1154 3408; x_wconf 88' lang='lat' dir='ltr'><strong>amplius</strong></span> <span class='ocrx_word' id='word_1_236' title='bbox 1167 3331 1290 3407; x_wconf 76' lang='lat' dir='ltr'><strong>regespt·</strong></span> 
     </span>
     <span class='ocr_line' id='line_1_30' title="bbox 279 3417 1294 3518; baseline 0.006 -32"><span class='ocrx_word' id='word_1_237' title='bbox 279 3422 412 3496; x_wconf 88' lang='lat' dir='ltr'><strong>rimant,</strong></span> <span class='ocrx_word' id='word_1_238' title='bbox 428 3433 460 3485; x_wconf 92' lang='lat' dir='ltr'><strong>et</strong></span> <span class='ocrx_word' id='word_1_239' title='bbox 476 3434 573 3486; x_wconf 86' lang='lat' dir='ltr'><strong>terras</strong></span> <span class='ocrx_word' id='word_1_240' title='bbox 587 3446 698 3488; x_wconf 86' lang='lat' dir='ltr'><strong>eornm</strong></span> <span class='ocrx_word' id='word_1_241' title='bbox 710 3436 795 3490; x_wconf 90' lang='lat' dir='ltr'><strong>sorte</strong></span> <span class='ocrx_word' id='word_1_242' title='bbox 807 3425 996 3492; x_wconf 74' lang='lat' dir='ltr'><strong>haereditatis</strong></span> <span class='ocrx_word' id='word_1_243' title='bbox 1008 3431 1190 3518; x_wconf 86' lang='lat' dir='ltr'><strong>accipiunt.</strong></span> <span class='ocrx_word' id='word_1_244' title='bbox 1205 3417 1294 3513; x_wconf 85' lang='lat' dir='ltr'><strong>Depul·</strong></span> 
     </span>
     <span class='ocr_line' id='line_1_31' title="bbox 281 3530 1293 3621; baseline 0.002 -27"><span class='ocrx_word' id='word_1_245' title='bbox 281 3531 320 3595; x_wconf 87' lang='lat' dir='ltr'><strong>sis</strong></span> <span class='ocrx_word' id='word_1_246' title='bbox 338 3553 473 3617; x_wconf 90' lang='lat' dir='ltr'><strong>namque</strong></span> <span class='ocrx_word' id='word_1_247' title='bbox 490 3530 703 3617; x_wconf 86' lang='lat' dir='ltr'><strong>spiritualibus</strong></span> <span class='ocrx_word' id='word_1_248' title='bbox 718 3534 918 3621; x_wconf 82' lang='lat' dir='ltr'><strong>nequitiisde</strong></span> <span class='ocrx_word' id='word_1_249' title='bbox 933 3536 1136 3613; x_wconf 82' lang='lat' dir='ltr'><strong>eoelestibus,</strong></span> <span class='ocrx_word' id='word_1_250' title='bbox 1157 3531 1293 3604; x_wconf 68' lang='lat' dir='ltr'><strong>heredia</strong></span> 
     </span>
     <span class='ocr_line' id='line_1_32' title="bbox 280 3636 1218 3735; baseline 0.007 -32"><span class='ocrx_word' id='word_1_251' title='bbox 280 3651 342 3705; x_wconf 88' lang='lat' dir='ltr'><strong>tem</strong></span> <span class='ocrx_word' id='word_1_252' title='bbox 361 3637 448 3726; x_wconf 79' lang='lat' dir='ltr'><strong>regni</strong></span> <span class='ocrx_word' id='word_1_253' title='bbox 466 3636 631 3702; x_wconf 85' lang='lat' dir='ltr'><strong>cmlestiss</strong></span> <span class='ocrx_word' id='word_1_254' title='bbox 647 3640 724 3706; x_wconf 82' lang='lat' dir='ltr'><strong>Jesu</strong></span> <span class='ocrx_word' id='word_1_255' title='bbox 741 3643 877 3710; x_wconf 84' lang='lat' dir='ltr'><strong>Domino</strong></span> <span class='ocrx_word' id='word_1_256' title='bbox 893 3656 1001 3710; x_wconf 83' lang='lat' dir='ltr'><strong>nostro</strong></span> <span class='ocrx_word' id='word_1_257' title='bbox 1016 3648 1218 3735; x_wconf 86' lang='lat' dir='ltr'><strong>percipiunt.</strong></span> 
     </span>
     <span class='ocr_line' id='line_1_33' title="bbox 323 3745 1298 3841; baseline 0.005 -30"><span class='ocrx_word' id='word_1_258' title='bbox 323 3747 392 3811; x_wconf 85' lang='lat' dir='ltr'><strong>Vll.</strong></span> <span class='ocrx_word' id='word_1_259' title='bbox 420 3745 526 3808; x_wconf 87' lang='lat' dir='ltr'><strong>Potest</strong></span> <span class='ocrx_word' id='word_1_260' title='bbox 543 3757 575 3810; x_wconf 88' lang='lat' dir='ltr'><strong>et</strong></span> <span class='ocrx_word' id='word_1_261' title='bbox 591 3749 700 3814; x_wconf 89' lang='lat' dir='ltr'><strong>tertius</strong></span> <span class='ocrx_word' id='word_1_262' title='bbox 721 3751 827 3817; x_wconf 86' lang='lat' dir='ltr'><strong>adhue</strong></span> <span class='ocrx_word' id='word_1_263' title='bbox 845 3753 1046 3841; x_wconf 78' lang='lat' dir='ltr'><strong>expositionis</strong></span> <span class='ocrx_word' id='word_1_264' title='bbox 1069 3756 1177 3822; x_wconf 87' lang='lat' dir='ltr'><strong>videri</strong></span> <span class='ocrx_word' id='word_1_265' title='bbox 1193 3749 1298 3819; x_wconf 71' lang='lat' dir='ltr'><strong>aratus.</strong></span> 
     </span>
    </p>
   </div>
   <div class='ocr_carea' id='block_1_5' title="bbox 311 3872 570 3938">
    <p class='ocr_par' dir='ltr' id='par_1_5' title="bbox 311 3872 570 3938">
     <span class='ocr_line' id='line_1_34' title="bbox 311 3872 570 3938; baseline 0.008 -18"><span class='ocrx_word' id='word_1_266' title='bbox 311 3875 319 3908; x_wconf 87' lang='lat'>¹</span> <span class='ocrx_word' id='word_1_267' title='bbox 335 3873 413 3921; x_wconf 83' lang='lat' dir='ltr'><strong>llebr.</strong></span> <span class='ocrx_word' id='word_1_268' title='bbox 430 3888 463 3930; x_wconf 78' lang='lat'><strong>¹¹:</strong></span> <span class='ocrx_word' id='word_1_269' title='bbox 479 3873 519 3938; x_wconf 70' lang='lat'><strong>59,</strong></span> <span class='ocrx_word' id='word_1_270' title='bbox 532 3872 570 3931; x_wconf 69' lang='lat' dir='ltr'><strong>lo.</strong></span> 
     </span>
    </p>
   </div>
   <div class='ocr_carea' id='block_1_6' title="bbox 0 0 1379 4600">
    <p class='ocr_par' dir='ltr' id='par_1_6' title="bbox 0 0 1379 4600">
     <span class='ocr_line' id='line_1_35' title="bbox 0 0 1379 4600; baseline 0 0"><span class='ocrx_word' id='word_1_271' title='bbox 0 0 1379 4600; x_wconf 95' lang='lat' dir='ltr'><strong> </strong></span> 
     </span>
    </p>
   </div>
  </div>
 </body>
</html>
