2702 4610
391 315 424 356 tlt
449 313 574 356 exonutt
596 311 724 356 ttotttttt
750 312 804 354 Kll·
1060 313 1112 375 171

70 442 130 509 sed
145 441 180 508 in
195 435 423 504 remotioribus
440 435 608 504 dominice
623 436 738 501 domus
753 432 846 507 locis.
859 430 1063 498 saecularibus
1074 433 1116 498 sn·

73 549 163 616 bulis
179 555 387 633 occupantur.
415 543 464 608 De
479 544 594 631 quibus
609 567 668 632 ogo
689 552 785 610 susat
806 565 876 608 sum
899 541 1016 615 dicere,
1042 541 1114 628 quia

78 681 160 724 cum
176 655 294 742 legitur
307 650 441 736 Moyses,
457 651 522 738 jam
545 673 609 718 non
629 649 772 716 velamen
792 673 888 739 super
909 673 967 716 cor
986 659 1114 726 eorum,

83 767 144 832 sed
157 764 260 853 parias
275 759 399 849 quidam
419 771 455 824 et
476 783 588 828 murus
604 771 655 828 est
673 761 805 848 positus.
823 759 858 826 si
879 761 966 826 enirn
989 758 1041 826 ille
1064 761 1117 848 qui

87 876 191 950 odeat,
207 873 258 961 qui
271 869 372 944 audit,
386 881 420 934 et
441 870 582 938 intentus
600 884 663 947 est,
678 883 711 937 et
726 895 797 959 quae
813 869 901 938 audit
917 881 1067 936 retractat
1083 883 1116 935 et

87 984 223 1057 discutit,
243 991 275 1046 et
296 1002 368 1066 quae
390 979 513 1066 assequi
533 1001 599 1046 non
618 992 723 1068 potest
741 992 948 1069 percontatur
960 985 994 1044 et
1010 979 1116 1054 discit,
1207 1015 1210 1020 ,

86 1094 134 1158 rix
141 1102 244 1180 potest
254 1088 298 1155 ad
309 1086 490 1155 libertatem
505 1089 645 1154 scientio
656 1089 840 1177 pervenire:
856 1085 906 1153 ille
918 1089 973 1176 qui
984 1091 1117 1156 abscon·

79 1202 123 1268 dit
137 1221 232 1268 aures
247 1219 322 1264 suas
338 1219 380 1262 ne
395 1197 517 1274 audiat,
531 1211 565 1264 et
579 1209 666 1288 terga
683 1199 716 1263 in
732 1197 844 1262 faciem
859 1195 990 1286 legentis
1005 1199 1117 1264 obver-

73 1310 125 1387 tit,
139 1307 305 1398 quomodo
325 1305 482 1372 dicendus
501 1306 715 1374 est-selmon
740 1306 858 1372 habere
882 1308 1115 1396 superpositum

76 1419 186 1494 cordi,
199 1419 240 1484 ad
255 1435 348 1504 qurum
365 1439 407 1482 ne
422 1418 526 1506 ipsum
538 1417 668 1506 quidem
682 1416 826 1483 velamen
841 1416 954 1483 littere
965 1441 1029 1504 quo
1047 1439 1116 1484 sen·

82 1551 138 1596 sus
154 1526 288 1601 relatur,
302 1526 353 1614 qui
378 1537 428 1592 eat
447 1549 543 1593 sonas
564 1528 662 1602 vocis,
686 1527 843 1594 accessit?
865 1527 1002 1594 Eviden's
1022 1527 1116 1615 igitur

84 1637 187 1726 ligem
202 1649 261 1710 ert,
274 1636 437 1722 quomodo
450 1635 585 1726 gloriosa
598 1637 738 1702 efficitur
750 1635 844 1703 lacios
860 1636 960 1726 Moysi
973 1659 982 1702 ε
997 1637 1116 1703 habent

81 1745 316 1835 cnim'gloriam
331 1769 369 1811 er
388 1769 459 1834 quae
472 1746 631 1834 loquitur;
652 1749 708 1814 sed
730 1747 800 1815 haec
824 1748 942 1836 tegitur
956 1747 989 1814 e't
1004 1747 1115 1814 occul-

121 2003 206 2032 ...·...
221 1965 395 2032 Videamus
406 1966 501 2055 engo¹
515 1990 555 2032 ns
568 1990 632 2031 non
648 1965 750 2033 solnm
764 1989 837 2032 curn
850 1965 974 2054 Moyses
985 1966 1111 2056 legitur,

76 2077 135 2144 sed
149 2089 182 2141 et
198 2099 274 2142 eum
289 2075 406 2141 Paulus
425 2075 553 2164 legitur,
570 2076 712 2143 velamen
727 2077 768 2142 sit
789 2078 926 2163 positum
945 2097 1040 2164 super
1058 2095 1114 2144 cor

76 2196 238 2250 nostrum.
252 2187 291 2250 llt
307 2183 486 2260 manileste‚
498 2187 524 2251 si
540 2185 737 2277 negligenter
748 2186 907 2261 audimus,
921 2186 945 2251 si
961 2184 1038 2252 nihil
1051 2198 1116 2252 stu·

83 2295 131 2358 dii
147 2295 190 2360 ad
204 2295 408 2362 eruditionem
419 2309 452 2360 et
467 2297 706 2388 intelligentiam
717 2299 923 2374 conferimus,
935 2319 998 2364 non
1011 2298 1115 2364 solum

81 2403 204 2492 legr'set
214 2403 440 2492 Prophetarum
449 2407 619 2496 scriptura,
629 2409 685 2473 sed
694 2403 959 2497 etApostolorum
971 2419 1004 2472 et
1014 2404 1116 2471 Eran-

75 2511 236 2602 gelionrm
253 2513 365 2602 grandi
380 2515 472 2581 nolris
488 2515 643 2594 velamine
659 2518 784 2604 tegitur.
802 2514 868 2604 Ego
884 2527 991 2580 autem
1003 2535 1113 2580 vereor

71 2643 115 2686 ne
130 2643 193 2710 per
207 2623 340 2688 nimiun
356 2621 579 2712 negligentiam
591 2636 625 2689 et
638 2623 842 2690 stoliditatem
858 2624 976 2698 cordis,
991 2645 1054 2688 non
1065 2641 1114 2688 so

71 2731 141 2798 lnrn
160 2731 264 2796 relata
281 2731 345 2797 sint
369 2733 579 2798 nobisdirina
596 2731 770 2807 volumina,
787 2734 891 2799 sedet
910 2733 1030 2822 signata
1049 2751 1057 2796 t
1078 2744 1114 2797 ot

71 2842 212 2908 ridetur
224 2841 257 2906 in
271 2860 383 2906 manns
396 2842 532 2908 hominis
544 2844 713 2909 nescientis
724 2842 843 2909 litteras
856 2842 937 2907 liber
947 2839 1111 2931 legendas,

68 2951 173 3027 dicat,
184 2951 271 3033 Quia
284 2951 393 3018 nescio
404 2951 539 3026 litterasr
551 2955 576 3019 si
590 2955 685 3019 detur
696 2955 727 3018 in
740 2973 853 3019 manua
864 2951 1003 3019 hominis
1013 2955 1115 3019 soien-

67 3063 110 3128 tis
124 3059 269 3135 litteras,
286 3059 372 3125 dicat
383 3063 453 3148 quia
469 3062 609 3150 signatus
620 3075 678 3128 est.
695 3061 786 3130 Unde
796 3061 976 3130 ostenditur
989 3077 1054 3128 non
1067 3083 1113 3129 so·-

69 3171 139 3236 lum
157 3171 307 3235 studium
323 3172 415 3236 nobis
430 3171 650 3241 adhibendum
666 3193 733 3236 esse
748 3171 789 3236 od
810 3171 974 3237 discendas
991 3170 1113 3238 litteras

71 3303 193 3356 meres,
212 3301 325 3345 rerum
341 3291 373 3345 et
388 3280 632 3369 supplicandum
648 3281 798 3356 Domino,
815 3294 847 3346 et
862 3281 975 3346 dieltus
988 3299 1028 3346 ac
1040 3300 1117 3346 noo-

77 3391 161 3458 tilrus
173 3391 427 3467 obsecrandum,
441 3403 475 3456 ut
491 3394 595 3458 veniat
611 3393 719 3480 Agnus
733 3415 772 3456 ex
786 3393 872 3457 tribu
889 3391 985 3466 tuda,
999 3401 1031 3455 et
1045 3391 1114 3478 ipae

82 3499 234 3584 recipiens
246 3496 368 3564 librum
381 3498 540 3586 signatum
555 3499 704 3589 dignetur
716 3501 838 3589 aperire
840 3544 937 3566 .......
946 3498 979 3564 Si
989 3520 1066 3588 ergo
1081 3511 1114 3564 et
1215 3487 1216 3490 ¹

79 3627 138 3669 nos
151 3605 323 3672 Dominum
335 3606 549 3694 deprecemur
562 3620 596 3672 ut
610 3609 751 3676 velamen
764 3609 803 3673 de
816 3608 912 3675 corde
924 3620 1032 3674 nostro
1046 3610 1113 3698 dig·

14 3721 18 3727 “
73 3729 170 3781 netur
182 3717 325 3790 auferre,
339 3739 454 3804 capere
469 3739 637 3805 possumus
655 3716 892 3806 intelligentiam
904 3718 1114 3807 spiritualem,

70 3828 95 3892 si
121 3841 229 3894 temen
251 3849 467 3894 conteramur
482 3829 522 3894 ud
540 3828 724 3904 Dominum,
737 3841 769 3894 et
784 3827 963 3895 libertatern
975 3828 1114 3902 scientiae

105 3957 158 4005 ur.
171 3957 194 4014 t.
209 3975 234 4022 p.
251 3957 307 4020 ut·
