2702 4610
421 286 452 330 ιιι
477 285 603 330 uxonuu
625 286 754 330 aaaron
780 286 814 326 ιι.
1093 267 1133 352 95

96 401 219 466 aluerit
234 401 391 474 Hebraeis,
408 402 440 468 in
460 401 579 472 llumon
599 401 758 492 projicite,
775 413 807 468 et
822 423 918 468 omne
933 401 1132 470 immininum

95 511 340 583 »vivificatam
364 510 480 578 Videte
499 513 575 602 quid
596 513 743 602 princeps
765 511 860 600 hujus
885 511 996 578 muudi
1019 515 1131 600 praeci·

96 622 144 710 pit
156 623 221 687 suis
233 633 269 687 ut
283 621 421 688 insontes
432 634 558 688 nostros
571 623 709 711 rapiant,
723 633 755 688 et
769 621 802 686 in
814 619 933 689 llumcn
949 622 1131 708 projiciant,

98 732 212 818 primae
226 733 326 798 atatim
345 731 504 798 nativitati
520 744 701 800 nostrorum
717 731 899 797 insidiantes
913 731 1079 806 continuo,
1099 745 1133 801 ut
1180 725 1185 738 '

105 841 203 906 ubera
217 839 359 907 Ecclesia
371 842 475 930 prima
492 842 694 931 contigerint,
707 841 842 914 irruant,
857 840 1017 927 diripiant,
1029 863 1134 927 perse-

106 961 250 1036 quantur,
264 949 354 1014 undis
368 962 401 1016 et
412 949 566 1016 lluctihus
576 951 672 1038 hujus
684 949 790 1016 saeculi
800 950 1000 1018 absorbeant.
1020 947 1132 1015 Videte

104 1058 175 1144 quid
189 1059 335 1133 audiatis,
351 1059 503 1148 sapientia
520 1059 576 1128 Dei
596 1082 653 1148 per
669 1057 872 1140 Salomonem
887 1057 965 1126 dicit
981 1080 990 1122 z
1009 1055 1131 1128 «lutol-

100 1164 285 1256 »ligihiliter
299 1167 440 1257 intelligo
454 1188 525 1256 qum
539 1180 745 1258 apponuntur
754 1168 812 1233 tibi
821 1165 844 1232 ².
858 1194 872 1227 a
887 1165 967 1233 Vide
977 1167 1084 1232 statim
1096 1178 1131 1230 ut

99 1289 203 1353 natus,
222 1278 287 1342 imo
302 1291 339 1342 ut
354 1291 483 1344 renatus
496 1278 605 1355 suerio,
622 1279 700 1367 quid
715 1279 772 1344 tibi
788 1277 943 1344 imminet.
967 1276 1037 1342 Hoc
1051 1275 1130 1362 illud

100 1387 252 1470 estquod
271 1385 305 1450 in
318 1383 486 1473 Evangelio
500 1385 589 1476 legis,
606 1387 678 1475 quia
691 1387 796 1460 Jcsus,
818 1385 924 1450 statim
940 1385 1131 1452 reascendit

107 1493 145 1556 de
157 1494 332 1581 baptismo,
348 1521 361 1553 ι
377 1494 484 1562 ductus
498 1509 547 1563 est
565 1500 604 1564 ult
620 1497 732 1585 spiritu
748 1497 779 1561 in
796 1483 957 1560 dese'rtum
978 1507 1011 1559 ut
1027 1506 1131 1562 tenta-

110 1628 123 1660 »
138 1613 255 1665 return
272 1600 422 1668 diaholo⁸.
439 1632 453 1666 r
470 1606 539 1672 lloc
550 1629 626 1695 ergo
641 1605 790 1691 estquod
805 1609 837 1669 et
850 1602 996 1670 hocloco
1008 1602 1129 1670 Pharao

102 1712 251 1798 pracepit
264 1711 380 1800 populo
396 1737 467 1790 suo,
486 1718 635 1782 Hebraeos
651 1717 787 1782 infantes
802 1716 909 1780 statim
926 1727 961 1779 ut
980 1714 1045 1779 nati
1060 1714 1129 1779 lue-

98 1817 160 1884 rint
169 1819 333 1896 invadant,
345 1822 507 1911 diripiant,
518 1827 609 1912 aquis
621 1826 838 1914 submergant.
855 1825 922 1890 lloc
934 1821 1072 1888 fortassis
1083 1834 1130 1888 est

96 1927 182 2014 quod
197 1951 255 2016 per
267 1928 458 2018 Prophetem
476 1931 609 1998 dicitur:
631 1959 643 1992 ι
659 1933 741 2011 Quia
758 1934 955 1998 intraverunt
972 1954 1061 2018 aqure
1076 1955 1129 1994 us-

94 2060 185 2126 uque
201 2039 240 2103 ad
256 2039 394 2108 animam
411 2064 525 2108 meam.
545 2043 674 2110 Delirus
689 2067 760 2108 sum
778 2043 810 2108 in
826 2042 902 2108 limo
917 2041 1077 2131 profundi,
1097 2055 1129 2105 ot

95 2170 189 2224 »non
211 2161 259 2216 cat
279 2151 486 2217 substantia‘.
507 2151 599 2218 »Sed
619 2165 785 2242 propterea
806 2152 950 2217 Christus
972 2150 1129 2240 superavit

100 2268 133 2318 et
147 2257 234 2332 uicit,
250 2271 284 2322 ut
302 2259 359 2325 tibi
377 2261 525 2327 vincendi
541 2261 601 2327 iter
627 2263 772 2351 aperiret.
793 2262 961 2350 Propterea
985 2261 1129 2348 jejunans

103 2363 191 2439 vicit,
209 2376 242 2429 ut
256 2378 286 2430 et
300 2380 330 2434 tu
345 2369 426 2434 scias
441 2368 626 2456 hujusmodi
645 2389 744 2459 genus
760 2370 991 2436 danmoniorum
1003 2368 1130 2455 jejuniis

95 2486 128 2538 et
144 2475 338 2543 orationibus
350 2481 578 2567 superandum.
598 2478 768 2569 Propterea
779 2492 813 2544 et
828 2478 934 2544 oblata
950 2478 1008 2542 sihi
1025 2477 1129 2542 omnia

93 2607 191 2673 regna
216 2588 341 2662 mundi,
360 2601 393 2656 et
413 2586 546 2677 gloriam
568 2612 679 2656 eorum
697 2587 886 2662 contemnit,
904 2598 938 2650 ut
953 2596 985 2648 et
1001 2594 1035 2648 tu
1051 2605 1130 2648 con-

91 2702 241 2757 temnens
256 2691 388 2781 gloriam
404 2696 514 2761 mundi
530 2697 629 2784 possis
640 2719 789 2784 suparare
805 2705 991 2760 tentantem.
1010 2689 1131 2778 AEgyp-

90 2799 124 2862 tii
139 2823 231 2876 vero,
244 2801 359 2890 quibus
370 2803 493 2870 Pharao
504 2805 591 2870 dedit
604 2817 777 2893 praecepta,
791 2803 936 2867 foeminas
950 2810 1073 2865 tuntum
1086 2797 1128 2886 Vl?

91 2908 239 2984 silicani,
255 2910 393 2976 oderunt
408 2911 583 2979 musculos:
599 2912 736 2977 oderunt
751 2933 888 2998 namque
901 2908 1044 2980 virtutes,
1057 2906 1130 2973 vitia

90 3029 220 3083 tuntum
238 3030 273 3082 et
297 2999 474 3108 voluptates
495 3021 650 3086 nutriunt.
675 3022 715 3086 tn·
730 3043 817 3085 nuno
834 3018 930 3107 igitur
945 3015 1132 3083 insidiantur

90 3127 248 3216 AEgyptii,
262 3129 288 3192 si
304 3129 386 3194 sorte
399 3131 538 3197 llehraeis
551 3143 700 3197 nascatur
711 3129 821 3217 aliquis
833 3125 1007 3201 masculus,
1023 3137 1057 3190 ιιι
1072 3136 1132 3190 sta·

91 3237 146 3300 tim
164 3249 403 3326 persequantur
423 3249 455 3305 et
473 3239 679 3315 interficiant,
699 3239 759 3303 nisi
780 3248 925 3310 caveant,
947 3235 1007 3302 nisi
1026 3235 1132 3300 obser-

94 3357 176 3424 rent,
204 3359 238 3412 et
269 3336 591 3437 occultent'germen
619 3346 840 3414 masculinum.
866 3346 1011 3432 Denique
1037 3341 1132 3409 rescrt

100 3451 255 3542 Scriptura
278 3457 369 3545 quod
391 3455 431 3521 de
457 3458 541 3524 trihu
559 3457 635 3523 Levi
652 3457 795 3544 quaedam
817 3455 925 3545 genuit
940 3451 1133 3524 masculum,

97 3571 128 3625 et
145 3563 244 3632 ridens
265 3565 425 3634 infantem
444 3588 512 3632 esse
532 3565 722 3656 elegantem,
738 3563 909 3632 occultavit
925 3585 999 3636 eum
1015 3559 1134 3632 mensi-

91 3673 148 3738 tos
163 3676 300 3743 tribna⁶.
318 3674 401 3742 Vide
416 3677 442 3741 si
454 3699 517 3744 non
533 3683 700 3766 propterea
719 3677 810 3744 nohis
826 3673 1007 3764 praecipitur
1018 3694 1059 3738 ne
1078 3671 1134 3736 lto·

121 3839 224 3890 'Exeat
240 3862 257 3888 ι.
270 3857 312 3890 aa.
325 3869 356 3878 -
371 3841 466 3891 ²Prov.
480 3858 555 3902 nni,
572 3841 650 3894 r.-³
664 3843 754 3894 marth.
776 3857 809 3900 ιν,
824 3859 845 3890 ι.
857 3869 886 3878 -
906 3838 992 3887 ⁴Paul.
1010 3849 1095 3890 ιιιιιι,
1111 3847 1136 3888 ι,

88 3926 108 3959 ²·
122 3913 270 3966 -⁵Bxud.
288 3931 321 3976 ιι,
337 3933 360 3964 ι.
