2734 4594
379 215 409 258 ιιι
434 211 548 256 ιιιιιιιιι
570 213 704 256 ronreuu
728 211 800 256 uon.
828 215 874 256 ιιι.
1089 195 1149 260 115

108 360 217 412 mere,
239 347 319 424 puto
341 333 428 422 quod
445 331 620 397 secundum
644 331 814 420 spiritalem
836 332 1092 422 intelligentiam,
1116 350 1148 401 et

107 445 207 510 sancti
223 465 334 508 omnes
351 440 537 506 ambidextri
555 439 699 504 dicantur
714 463 721 503 :
736 451 768 503 et
783 462 800 503 e
813 439 972 505 contrario
984 440 1145 528 Zabulus,

105 565 138 617 et
153 551 311 641 principes
326 549 414 638 ejus,
428 549 453 612 si
469 547 531 613 dici
544 559 667 636 potest,
686 546 888 612 ambisinistri
906 549 1067 615 dicuntur.
1082 552 1148 617 To-

107 672 178 726 tum
200 659 286 724 enim
303 658 390 746 quod
414 669 530 746 agunt,
550 655 711 721 sinistrum
734 666 797 730 est,
820 667 923 722 totum
942 681 1143 746 perversum,

108 780 213 833 totum
228 767 291 855 igni
306 778 424 835 aeterno
441 788 514 830 cum
530 764 566 828 iis
583 764 671 852 qui'a
686 763 817 828 sinistris
834 776 925 840 sunt,
942 764 1140 854 deputatum.

154 873 207 940 Vl.
224 874 286 940 Sed
298 874 459 938 videamus
469 871 545 959 quid
559 871 623 960 agit
634 869 687 936 hic
699 869 896 937 ambidexter
910 872 1015 958 judex.
1029 873 1146 939 «Mise-

2 1061 3 1068 ἵ
108 994 222 1057 arunt,
240 979 355 1067 inquit,
372 978 427 1044 lilii
444 977 540 1044 lsrael
551 1001 684 1042 munera
699 977 739 1043 ad
754 975 853 1066 Eglon
869 1002 975 1067 regam
991 979 1147 1048 Moabita-.

105 1109 199 1150 »rum
211 1106 409 1173 permanum
421 1081 518 1148 Aiotb
530 1105 537 1146 :
549 1080 666 1146 etfacit
681 1081 740 1146 sibi
753 1079 848 1146 Aiotb
860 1081 1000 1171 gladium
1011 1108 1050 1149 ex
1062 1097 1146 1154 utra-

1 1267 4 1282 ·
103 1215 188 1280 »que
199 1205 289 1280 parte
306 1202 436 1256 acutum
452 1187 564 1277 palmae
578 1199 714 1260 extensae
729 1186 944 1278 longitudine,
960 1203 992 1256 et
1007 1191 1144 1283 alligavit

2 1283 5 1307 ¹
103 1299 186 1365 »sibi
203 1322 278 1362 eum
290 1296 386 1364 Aiotb
401 1298 442 1362 ad
459 1297 562 1363 femur
575 1295 750 1362 dextrum¹.
769 1324 781 1357 a
797 1297 892 1365 Vides
908 1299 979 1386 quia
996 1299 1142 1368 dextrum

103 1418 153 1472 est
171 1428 264 1472 omne
280 1405 364 1492 quod
378 1405 443 1494 agit
454 1404 550 1471 Aiotb
565 1403 618 1469 hic
634 1405 843 1482 ambidexter,
855 1418 888 1471 et
903 1407 1050 1472 manibus
1063 1409 1143 1474 dex-

106 1525 157 1578 ter
175 1526 243 1590 est,
261 1525 294 1578 at
312 1515 344 1578 in
361 1512 495 1602 pedibus
513 1512 622 1577 dexter
641 1523 699 1576 est.
718 1513 755 1577 ln
776 1513 896 1579 femore
915 1515 1010 1581 etiam
1031 1516 1142 1583 dextro

2 1683 3 1688 ,
105 1619 247 1708 gladium
258 1631 382 1709 portat,
393 1632 427 1684 ut
439 1620 543 1685 veniat
555 1619 595 1684 ad
610 1642 716 1708 regem
727 1631 759 1684 et
771 1619 940 1686 interficiat
949 1646 1035 1700 eum.
1047 1624 1143 1691 Dixe-

103 1751 210 1793 ramus
224 1727 256 1792 in
271 1728 483 1816 superioribus
498 1727 585 1814 quod
600 1726 650 1791 isti
666 1750 744 1814 quos
761 1729 800 1794 ad
815 1727 949 1794 salutem
964 1731 1093 1820 populi,
1108 1747 1142 1800 et

101 1835 142 1900 ad
157 1833 338 1901 liberandos
353 1835 432 1900 filios
444 1833 539 1900 lsrael
556 1834 707 1899 suscitare
723 1834 840 1901 dicitur
850 1835 935 1901 Deus
955 1838 1140 1919 salvatores,

102 1941 153 2006 vel
168 1943 309 2031 judices,
326 1942 495 2032 imaginem
510 1942 612 2006 lerant
628 1941 806 2030 aliquorum
823 1944 1003 2034 principum
1018 1971 1057 2012 ex
1073 1973 1141 2014 cua-

97 2047 170 2114 lesti
192 2049 321 2126 militia,
340 2061 372 2114 et
391 2072 598 2138 supernarum
618 2049 788 2126 virtutum,
807 2074 882 2138 quas
904 2055 944 2118 ab
961 2055 1137 2122 subsidium

97 2155 186 2221 Deus
202 2156 325 2223 emittat
341 2179 453 2221 eorum
465 2205 473 2231 ,
486 2153 541 2244 qui
558 2155 597 2220 ad
613 2179 646 2219 se
665 2157 846 2222 totocorde
866 2157 1090 2239 clamaverint,
1106 2179 1139 2228 et
1252 2159 1256 2168 ’

100 2287 160 2352 per
176 2265 412 2330 conversionem
428 2262 621 2353 poenitenti'ae
639 2262 776 2328 divinam
792 2287 867 2353 erga
883 2289 915 2330 sc
935 2265 1136 2336 clementiam

99 2369 255 2436 llexerint.
268 2371 332 2438 Sed
347 2371 409 2437 boc
423 2383 509 2436 utne
520 2382 748 2459 praesumptum
763 2371 848 2460 apud
863 2373 1023 2439 auditores
1036 2377 1138 2444 videa-

96 2491 151 2545 tur
166 2502 184 2544 a
197 2480 307 2556 nobis,
326 2480 479 2545 debemus
494 2501 533 2543 ex
548 2478 776 2568 scripturarum
795 2481 982 2546 auctoritate
995 2481 1133 2550 firmare.

93 2587 260 2676 Scriptmn
275 2599 323 2652 est
340 2587 372 2653 in
388 2586 515 2661 Exodo,
533 2585 606 2672 quia
626 2597 732 2674 patres
749 2587 846 2651 nostri
866 2587 922 2652 filii
940 2589 1035 2656 lsrael
1059 2615 1132 2658 cnm

2 2694 7 2718 ⁸
94 2691 198 2758 multo
213 2705 356 2781 tempore
371 2690 524 2781 AEgyptiis
541 2701 573 2754 et
587 2689 742 2756 Pharaoni
761 2691 826 2778 regi
844 2691 1012 2757 durissimo
1027 2695 1060 2758 in
1076 2694 1134 2762 luti

92 2813 129 2864 et
139 2799 245 2866 lateris
256 2800 454 2866 confectione
467 2798 649 2872 servissent,
662 2796 879 2863 clamaverunt
891 2799 931 2864 ad
942 2801 1133 2878 Dominum,

2 2989 3 2992 Ἴ
94 2909 218 2996 inquit,
234 2909 277 2973 ita
294 2920 329 2972 ut
344 2908 410 2996 ipse
425 2907 580 2972 Dominus
596 2904 716 2970 diceret
734 2928 742 2969 :
759 2932 772 2965 ι
788 2904 916 2972 Clamor
930 2906 1068 2976 filiorum
1086 2913 1134 2978 ls-

92 3007 184 3082 iracl
201 3017 341 3083 ascendit
361 3015 401 3082 ad
415 3013 488 3080 me²
508 3037 516 3078 ε
536 3025 588 3079 »et
607 3014 703 3078 misso
719 3013 847 3102 quidem
863 3004 988 3092 Moseo',
1005 3018 1136 3086 visibili-

2 3113 8 3154 ⁵
89 3135 141 3190 ter
155 3125 265 3190 eduxit
279 3147 343 3189 eos.
357 3124 466 3191 Refert
478 3133 584 3187 autem
596 3122 758 3211 Scriptura
774 3123 860 3208 quod
875 3121 1013 3212 Angelus
1030 3139 1131 3193 exter-

86 3230 231 3298 minator
241 3231 353 3296 missus
370 3232 428 3307 sit,
442 3231 496 3318 qui
509 3240 642 3294 vastaret
657 3228 786 3315 quidem
801 3231 906 3296 omnia
922 3230 1130 3322 primogenita

89 3337 314 3426 AEgyptiorum
330 3362 338 3403 :
357 3336 570 3402 lsraelitarum
585 3359 659 3401 vcro
678 3336 838 3402 nemiuem
855 3350 1009 3426 tangeret.
1027 3343 1067 3406 Et
1084 3346 1130 3412 sic

83 3444 270 3512 declaratur
287 3447 436 3512 virtutem
451 3445 546 3510 fuisse
565 3442 727 3508 coeles'tem
746 3467 816 3531 quae
831 3447 958 3512 vastatis
974 3447 1130 3538 AEgyptiis

81 3567 119 3621 ct
133 3553 320 3644 prostratis,
339 3553 421 3620 filios
439 3552 534 3619 lsrael
555 3553 685 3641 dejuge
704 3554 861 3628 servitutis
882 3554 1000 3621 eduxit.
1021 3557 1130 3624 Simile

79 3685 217 3772 quoque
228 3662 323 3729 etiam
339 3661 417 3726 illud
432 3639 610 3726 referturin
624 3659 762 3726 historiis
773 3662 858 3749 quod
874 3663 934 3727 sub
950 3687 1024 3752 rege
1036 3663 1129 3753 Assy-

119 3809 205 3856 stud.
216 3825 265 3863 ιιι,
281 3805 322 3871 ¹5,
335 3810 379 3874 ιδ,Ι
391 3825 429 3870 ¹7·
443 3835 475 3844 --
486 3789 589 3854 ²llxod.
603 3823 649 3867 ιιι,
661 3823 685 3868 9.

221 3919 251 3959 x.
1001 3901 1020 3959 8
