2604 4614
262 337 295 380 us
320 336 478 381 ciurrcuu
502 335 702 380 cenriconuu
726 337 886 379 rnouoous.
1024 311 1087 378 565

61 473 152 526 serat
160 458 273 527 decora
283 461 394 538 oculis,
404 474 435 527 et
446 460 577 550 pulchra
586 461 723 537 facie,et
731 461 838 526 dilexit
846 459 945 527 Jacob
955 458 1086 536 Rachel,

63 579 118 632 »et
127 568 220 645 dixit,
235 570 371 635 Serriam
386 569 444 634 tibi
461 581 581 658 septem
598 570 685 634 annis
699 592 756 658 pro
766 568 882 635 Rachel
895 565 958 634 filia
973 581 1025 633 tua
1043 570 1089 655 ju—

66 675 178 740 ›niore
187 675 208 740 ¹.
221 707 233 737 ι
245 675 421 744 Evidentius
435 691 540 744 autem
555 678 738 742 immutatus
751 701 822 742 usus
836 675 977 743 vocabuli
993 676 1088 764 hujus

67 795 196 872 apparet
214 784 243 848 in
264 785 402 861 Amnon,
423 786 476 874 qui
493 785 648 850 adamavit
670 807 810 850 sororem
831 805 918 850 sunm
938 783 1084 850 Thamar.

67 889 219 976 Scriptum
230 900 277 952 est
285 890 370 954 enim
382 915 391 954 ε
402 889 587 955 «Etlactum
595 901 643 955 cst
651 901 721 978 post
731 889 799 956 haec
808 940 816 964 ‚
825 901 856 954 et
864 902 931 955 erat
939 889 1089 956 Absalom

65 994 148 1059 »lilio
160 995 257 1060 David
270 1020 361 1062 soror
376 998 489 1064 decora
503 997 583 1064 facie
598 996 685 1064 valde
696 1048 705 1074 ‚
717 1009 749 1063 et
763 1021 878 1063 nomen
893 999 921 1064 ei
933 997 1087 1074 Thamar,

60 1113 113 1166 »et
125 1101 232 1169 dilexit
246 1129 318 1172 eam
330 1105 456 1174 Amnon
471 1105 555 1172 silius
566 1107 666 1173 David
675 1106 723 1172 ¹.»
741 1107 869 1185 Dilexit,
891 1107 997 1197 posuit
1011 1129 1088 1195 pro,

60 1211 222 1277 adamarit.
244 1215 306 1280 «Its
317 1214 549 1291 tribulabatur,
564 1212 834 1303 inquit,'rlmnon,
850 1216 892 1281 ita
904 1213 1091 1281 utinlirma-

66 1333 173 1384 »retur
183 1333 309 1410 propter
323 1323 461 1389 Thamar
472 1345 612 1388 sororem
625 1346 714 1389 suam
725 1347 733 1388 τ
746 1324 895 1413 quonium
906 1323 993 1412 virgo
1004 1333 1086 1398 erat,

70 1439 122 1492 ret
138 1451 220 1516 grave
238 1429 405 1496 videbatur
421 1431 454 1496 ln
470 1431 568 1497 oculis
587 1432 712 1498 Amnon
733 1431 835 1496 facere
859 1431 887 1495 ei
906 1428 1079 1517 aliquid².s

70 1537 108 1601 Et
121 1525 182 1624 post
197 1561 299 1625 pauca
312 1539 351 1603 de
362 1539 508 1605 violentia
528 1563 622 1628 quam
639 1537 743 1605 intulit
755 1539 880 1605 Amnon
892 1538 1030 1603 Thamar
1041 1560 1088 1602 soa

71 1645 128 1708 rori
138 1669 209 1721 suae,
220 1647 264 1711 ita
273 1646 350 1712 dicit
358 1647 520 1736 Scriptura
533 1671 540 1712 :
553 1649 613 1712 «Et
621 1646 852 1714 uoluitAmnon
861 1645 968 1712 audire
979 1667 1086 1711 vocem

68 1755 166 1841 sejus,
178 1755 234 1820 sed
246 1755 377 1823 invaluit
387 1780 482 1847 super
496 1779 583 1832 eam,
596 1770 628 1821 et
643 1754 815 1823 humiliavit
827 1780 896 1821 eam
908 1807 916 1831 ,
930 1765 962 1820 et
973 1755 1087 1820 dormi-

61 1863 124 1927 »vit
135 1885 210 1927 eum
225 1887 280 1941 ea,
293 1875 324 1929 et
336 1865 432 1931 odivit
446 1888 516 1930 eam
528 1865 600 1950 odio
616 1863 741 1932 Amnon
753 1887 869 1953 magno
883 1862 974 1929 valde
988 1887 996 1928 :
1011 1886 1087 1950 quo-

57 1971 166 2036 nniam
178 1973 283 2060 majus
296 1985 362 2039 erat
371 1973 477 2039 odium
489 1997 552 2061 quo
564 1974 673 2039 oderat
684 1997 771 2049 eam,
785 1996 879 2061 quam
892 1971 1086 2059 dilectioque

60 2079 232 2145 sdilexerat
249 2104 319 2145 eam
331 2079 352 2146 ⁴.
373 2111 385 2143 r
407 2083 446 2146 Et
465 2082 497 2146 in
517 2082 565 2146 his
581 2105 674 2170 ergo,
694 2093 725 2146 et
743 2082 775 2146 in
797 2081 940 2169 pluribus
959 2079 1024 2147 aliis
1045 2075 1089 2145 lo·
1163 2119 1165 2126 ,

66 2189 114 2253 cis
134 2187 272 2253 invenies
290 2189 485 2278 Scripturam
502 2189 638 2254 divinam
660 2189 807 2278 refugisse
830 2189 944 2254 amoris
955 2189 1090 2254 vocabu-

68 2294 154 2370 lum,
167 2295 369 2362 et'charitatis
391 2295 629 2384 dilectionisque
646 2297 798 2384 posuisse.
823 2296 985 2361 Interdum
999 2294 1090 2382 (licet
1127 2329 1130 2337 .

71 2407 158 2490 raro)
172 2408 301 2494 proprio
317 2417 421 2471 tamen
437 2402 592 2470 vocabulo
611 2427 749 2470 amorem
765 2404 922 2481 nominat,
939 2414 971 2468 et
982 2403 1090 2467 invitat

64 2512 103 2574 ad
119 2535 190 2576 eum
204 2525 297 2601 atque
311 2514 421 2578 incitat
438 2514 571 2588 animas,
587 2524 620 2576 ut
638 2534 710 2577 cum
724 2512 799 2577 dicit
814 2511 847 2577 in
862 2511 1038 2577 Proverbiis
1050 2511 1090 2575 de

61 2621 214 2708 sapientia
230 2621 390 2687 :rddama
406 2645 494 2696 eam,
510 2632 542 2685 et
557 2621 692 2686 servabit
707 2631 738 2685 te
757 2643 764 2685 :
782 2620 942 2686 circumda
958 2643 1046 2695 eam,
1059 2631 1091 2684 et

60 2727 233 2794 »exaltabit
249 2739 279 2794 te
299 2753 306 2793 :
323 2729 443 2794 honora
459 2753 548 2806 eam,
575 2741 606 2793 ct
621 2728 849 2817 complectetur
870 2740 900 2793 te
913 2727 934 2792 ⁶.
953 2757 965 2788 r
980 2728 1042 2793 Sed
1059 2740 1091 2792 et

62 2839 94 2900 in
110 2861 151 2901 eo
167 2835 274 2902 libello
291 2838 343 2924 qui
365 2834 479 2902 dicitur
495 2837 653 2926 Sapientia
670 2836 862 2913 Salomonis,
879 2837 922 2900 ita
940 2835 1092 2923 scriptum

63 2960 108 3012 est
123 2949 166 3012 de
181 2949 247 3036 ipsa
265 2949 414 3037 sapientia
430 2972 437 3013 :
450 2946 605 3014 «Amator
621 2948 722 3014 factus
736 2972 806 3013 sum
819 2947 940 3013 decoris
955 2946 1053 3036 ejus⁶.
1071 2975 1084 3008 s

62 3055 212 3122 Arbitror
224 3067 328 3120 autem
340 3056 426 3144 quod
437 3057 490 3120 ubi
504 3054 589 3122 nulla
601 3055 705 3146 lapsus
717 3057 881 3122 videbatur
894 3056 1035 3131 occasio,
1048 3056 1092 3121 ibi

58 3178 188 3232 tantum
213 3188 327 3230 nomeu
345 3163 459 3230 amoris
476 3164 616 3230 inseruit.
637 3165 721 3245 Quid
744 3167 827 3229 enim
850 3163 1012 3253 passibile,
1041 3175 1095 3229 aut

59 3274 139 3362 quid
152 3273 336 3339 indecorum
348 3273 446 3363 possit
458 3271 567 3361 aliquis
579 3273 741 3339 advertere
753 3274 785 3338 iu
798 3295 904 3338 amore
918 3274 1093 3362 sapientiae,

63 3382 113 3446 vel
129 3386 161 3448 in
173 3408 213 3448 eo
230 3383 282 3470 qui
298 3405 331 3448 se
347 3396 518 3448 amatorem
534 3383 718 3472 profiteatur
733 3405 799 3447 esse
816 3383 997 3472 sapientimi¹
1014 3384 1092 3448 Nem

59 3491 88 3554 si
105 3489 247 3566 dixisset,
268 3493 342 3578 quia
366 3491 520 3557 adamavit
539 3491 587 3556 vel
610 3491 696 3556 lsaac
712 3491 910 3566 Rebeccam,
931 3489 978 3556 vel
993 3490 1093 3571 Japob

52 3599 206 3675 Rachel,
223 3600 325 3688 passio
342 3600 449 3689 utique
470 3599 572 3687 aliqua
592 3600 741 3664 indecora
756 3623 812 3688 per
830 3599 896 3665 baec
913 3601 1005 3665 verba
1021 3621 1094 3684 erga

50 3721 190 3774 sanctos
206 3709 265 3773 Dei
281 3709 423 3774 homines
439 3709 590 3798 potuisset
606 3707 753 3797 intelligi,
771 3711 853 3797 apud
871 3733 924 3773 eos
939 3707 1094 3796 praecipue

89 3870 321 3939 ¹Gen.2xrx.17‚
336 3871 375 3922 18.
389 3899 417 3907 -
431 3868 441 3901 ²
453 3891 465 3921 2
478 3875 536 3938 hog.
548 3889 608 3935 ιω,
624 3889 644 3919 1.
658 3901 677 3909 -
697 3871 781 3922 ²lbid.
794 3889 817 3922 s.
837 3905 855 3911 --
867 3871 876 3900 ⁶
888 3871 950 3920 [bid.
963 3875 1000 3933 πή,
1016 3865 1054 3924 15.
1066 3896 1096 3911 -·

46 3962 159 4013 ⁵Pr0v.
177 3979 219 4024 xv,
233 3961 260 4022 6,
273 3958 297 4010 8.
307 3987 341 3996 -
352 3958 361 3990 ⁶
371 3963 425 4023 Sap.
437 3977 497 4022 viu,
508 3978 532 4010 a.
