2734 4594
237 273 296 351 154
679 295 821 338 ‹rnreunrs

230 437 321 489 ηοω,
342 425 449 482 tamen
470 437 593 503 semper
615 441 632 482 s
653 416 819 504 semetipse
839 413 898 480 elie
920 426 991 490 est,
1011 436 1195 502 semperque
1207 415 1249 480 ‹ti-

231 545 318 587 verse
333 544 341 586 :
358 534 391 587 et
413 523 458 587 sio
479 523 574 588 etiem
595 523 626 587 in
643 523 709 611 ipsa
730 533 853 588 constet
872 521 958 610 quod
977 545 1039 588 une
1058 520 1166 587 multae
1186 523 1246 586 sint.

230 629 371 718 sicergo
386 641 419 694 et
434 652 490 694 nos
505 630 559 716 qui
575 629 679 701 adhue
692 630 874 720 insipientes
890 651 999 695 sumus
1015 642 1047 694 et
1063 629 1247 718 imperfecti,

230 738 302 824 quie
321 759 446 824 semper
462 748 622 804 mutemus
637 739 807 804 sententies
817 787 826 813 ‚
838 748 871 802 et
889 760 1015 825 semper
1029 737 1152 802 diverse
1170 738 1250 825 eupi-

229 866 301 909 mus
311 855 344 907 et
358 845 528 919 sentimus,
544 868 625 910 unus
636 867 700 910 uon
716 867 883 934 possumus
899 844 971 910 diei.
986 845 1034 910 De
1049 845 1140 932 justis
1156 855 1250 908 eutem

228 973 294 1015 non
307 949 410 1017 solum
421 973 480 1040 per
490 951 629 1040 singulos
641 974 723 1016 unus
736 951 862 1028 dicitur,
875 974 987 1018 rerum
998 963 1030 1016 et
1045 973 1157 1017 omnes
1172 973 1252 1016 eom·

229 1067 373 1146 potenter
390 1081 471 1123 unus
490 1058 651 1124 dicuntur.
666 1061 707 1132 Et
722 1051 782 1124 'eur
796 1081 861 1124 non
875 1080 986 1124 omnes
998 1080 1084 1124 unus
1095 1057 1251 1132 dieantur,

228 1187 366 1253 quorum
381 1188 438 1231 oor
455 1177 488 1232 et
502 1167 606 1234 enims
622 1189 685 1232 une
700 1189 769 1232 esse
787 1165 1001 1232 describitur?
1020 1166 1121 1231 Unum
1138 1187 1254 1253 semper

230 1295 339 1338 omnes
360 1274 544 1362 sapientiem
563 1275 773 1350 meditantur,
795 1295 895 1340 unum
916 1274 1060 1362 sepiunt,
1073 1295 1177 1338 unum
1191 1295 1249 1338 sen·

108 1425 113 1436 ·
230 1381 331 1456 tiuut,
357 1405 456 1448 unum
477 1382 580 1448 Deum
601 1379 809 1457 venerentur,
832 1403 931 1447 unum
953 1381 1128 1446 Dominum
1155 1379 1256 1445 iesum

229 1487 390 1554 Christum
415 1488 631 1564 eonfiteretur,
660 1513 724 1553 uno
749 1489 868 1577 Spiritu
894 1489 952 1552 Dei
974 1485 1149 1575 replentur.
1175 1485 1257 1551 Umie

225 1597 342 1662 merito
355 1607 388 1661 et
402 1597 459 1683 ipsi
472 1619 582 1663 omnes
594 1647 602 1672 ,
616 1619 680 1661 nou
693 1595 796 1662 solum
814 1617 912 1660 uuum
926 1645 934 1670 ,
947 1595 1002 1660 sed
1013 1606 1045 1659 et
1061 1617 1144 1658 unus
1156 1593 1259 1659 dicun

227 1714 298 1778 tur,
319 1705 401 1768 sicut
417 1716 449 1768 et
464 1703 633 1792 Apostolus
652 1705 843 1792 designavit,
863 1704 971 1768 diosus
991 1725 999 1765 τ
1023 1701 1174 1766 «Omnes
1194 1703 1260 1788 qui-

228 1810 323 1900 s'dem
345 1822 495 1886 currunt,
519 1811 574 1876 sed
598 1835 676 1876 unus
701 1810 815 1902 accipit
831 1808 999 1897 polmam¹.
1024 1809 1145 1874 »Vides
1163 1810 1260 1874 meni-

228 1918 308 1989 feste
323 1915 395 2002 quis
416 1939 527 1981 omnes
546 1918 620 2004 justi
637 1941 719 1983 unus
741 1927 789 1982 est
810 1917 864 2004 qui
885 1916 999 2004 accipit
1013 1914 1163 2003 palmam.
1183 1915 1261 1982 Vere

230 2024 316 2088 enim
331 2023 474 2089 imitetur
488 2025 589 2113 justus
604 2025 658 2110 qui
673 2023 743 2090 talis
757 2035 805 2089 est
818 2045 916 2088 unum
927 2023 1111 2088 Dominum.
1131 2023 1205 2087 Nam
1221 2034 1256 2084 ut
1363 2007 1366 2112 i

228 2151 287 2218 ego
299 2129 455 2206 arbitror,
469 2143 501 2194 et
517 2128 595 2196 illud
609 2131 696 2220 quod
711 2154 770 2220 per
786 2129 973 2219 prophetam
993 2129 1128 2194 dieitur:
1147 2126 1254 2190 «Audi
1365 2125 1366 2136 ’

114 2213 122 2232 ’
231 2235 348 2304 »isreel
364 2286 373 2311 ,
390 2238 544 2303 Dominus
559 2239 644 2304 Deus
664 2250 756 2315 tuus,
774 2238 859 2303 Deus
880 2259 962 2302 unus
978 2235 1066 2312 σεῖ’,
1084 2264 1098 2295 s
1113 2257 1175 2299 uon
1187 2245 1259 2298 ten—

229 2357 297 2410 tum
308 2368 443 2411 numero
456 2371 536 2411 unus
550 2347 749 2434 designetur,
766 2347 819 2433 qui
836 2346 945 2432 utique
956 2368 1051 2434 supra
1066 2365 1197 2409 omnem
1210 2365 1264 2407 nu-

229 2471 353 2515 merum
375 2472 442 2514 esse
457 2449 633 2516 credendus
649 2462 697 2514 est
718 2473 726 2514 τ
750 2449 805 2514 sed
819 2472 876 2536 per
897 2449 959 2514 hoe
977 2449 1077 2536 magis
1099 2470 1184 2511 unus
1206 2446 1263 2512 diei

227 2556 449 2646 intelligendus
470 2570 538 2633 est,
556 2557 641 2645 quod
658 2579 820 2642 nunquam
840 2581 858 2621 s
878 2555 1047 2644 semetipso
1069 2553 1151 2620 aiter
1173 2553 1268 2619 effiei-

229 2678 297 2742 tur‚
313 2665 376 2730 hoe
398 2679 464 2741 est,
482 2690 644 2756 nunquam
660 2676 817 2738 mutetur,
834 2687 998 2752 nunquam
1017 2664 1050 2728 in
1068 2661 1157 2729 eliud
1173 2664 1270 2729 verti·

228 2785 301 2849 tur,
318 2775 401 2838 sieut
419 2774 507 2838 etde
525 2797 564 2838 eo
581 2774 680 2839 David
700 2785 891 2862 protestetur
913 2772 1020 2838 dicens
1039 2795 1047 2836 :
1067 2771 1145 2836 «Tu
1163 2784 1271 2836 aretem

231 2880 337 2944 »idem
353 2881 419 2969 ipso
429 2903 482 2955 es,
498 2893 530 2945 et
550 2882 622 2946 enni
642 2882 687 2944 tui
708 2903 774 2946 non
789 2879 971 2945 deficient³.
984 2907 996 2940 s
1011 2879 1075 2946 Sed
1092 2890 1126 2943 et
1141 2877 1227 2944 iliud
1242 2880 1272 2942 io

230 2982 316 3050 hune
331 3007 458 3050 sensum
471 2985 598 3072 respicit
610 2983 697 3072 quod
712 2984 863 3070 seriptum
876 2994 923 3048 est
939 3006 946 3048 :
966 2985 1057 3071 «Ego
1072 2983 1276 3048 sunrDomi-

230 3114 311 3156 »nus
325 3093 410 3158 Deus
426 3103 539 3165 vester,
551 3103 584 3155 et
599 3115 663 3156 non
675 3090 839 3156 immutor*
853 3118 886 3156 ,s
907 3089 1118 3156 immutabilis
1133 3113 1217 3178 ergo
1228 3101 1277 3154 est

230 3200 333 3265 Deus:
351 3211 384 3264 et
399 3223 455 3288 per
470 3199 532 3265 hoe
548 3222 629 3265 unus
646 3198 775 3272 dieitur,
792 3197 879 3284 quod
893 3221 958 3264 non
974 3209 1126 3264 mutetur.
1148 3197 1184 3262 Si
1198 3219 1276 3284 ergo

231 3318 263 3371 et
274 3306 413 3372 imitator
423 3307 480 3372 Dei
497 3307 597 3393 justus
613 3305 666 3394 qui
682 3306 722 3370 ed
736 3305 904 3392 imaginem
922 3305 980 3370 Dei
992 3304 1093 3372 sectus
1103 3315 1177 3378 est,
1194 3327 1279 3370 uuus

231 3426 263 3478 et
281 3414 347 3500 ipse
362 3436 437 3479 oum
453 3414 493 3480 ed
508 3414 683 3501 perfeetum
703 3412 823 3478 venerit
842 3408 1037 3500 appelletur,
1057 3412 1131 3499 quie
1147 3423 1185 3476 et
1211 3415 1282 3498 ipse

232 3541 307 3584 oum
323 3517 355 3582 in
372 3517 492 3582 virtutis
507 3541 630 3586 summa
645 3516 840 3591 eonstiterit,
856 3539 920 3580 non
932 3527 1093 3592 mutatur,
1112 3516 1170 3581 sed
1187 3537 1280 3580 unus

232 3636 396 3715 permonet
412 3649 544 3714 semper.
567 3629 646 3694 Nam
669 3627 745 3694 dum
765 3626 798 3692 in
817 3625 935 3694 malitis
958 3639 1007 3694 est
1027 3627 1278 3714 unusquisque.

232 3759 291 3823 per
310 3731 410 3801 multe
433 3734 581 3800 dividitur
600 3746 632 3800 et
655 3737 687 3802 in
706 3736 828 3804 diversa
844 3734 1057 3824 dispergitur:
1082 3747 1115 3802 et
1137 3735 1224 3800 dum
1244 3735 1280 3799 in
1312 3791 1317 3799 .

268 3864 627 3930 ¹1Cor.rx‚24.—¹Drut.
644 3885 682 3930 rr,
702 3864 884 3925 4.-¹1¹srim.
896 3885 940 3931 cn,
953 3869 995 3918 28.
1007 3893 1037 3904 ·-
1049 3864 1178 3920 ‘Mrhrin
1193 3885 1244 3929 m,
1255 3868 1283 3913 ⁶.
