2776 4616
237 270 301 350 450
683 287 826 330 enisurus
849 249 851 254 λ

236 436 249 470 s
264 407 322 473 Dei
334 406 380 472 tui
390 427 398 469 t
408 416 517 493 gentes
528 393 616 468 enim
627 402 707 478 istae,
720 425 856 490 quorum
868 415 903 469 tu
914 403 1132 469 hereditatem
1143 404 1274 492 cepisti,

238 546 251 580 s
265 519 331 584 istae
341 513 474 580 audiunt
489 511 652 601 sortilegos
664 525 697 578 et
709 513 850 587 divinos;
866 515 923 580 tibi
935 527 1042 580 autem
1054 537 1118 578 non
1131 516 1174 579 ita
1186 513 1280 580 dedit

237 657 250 688 ι
265 627 419 694 Dominus
430 625 516 692 Deus
529 636 612 688 tuus.
628 623 820 711 Prophetiam
831 627 917 690 enim
930 626 969 690 de
981 626 1087 692 medio
1099 626 1145 689 tui
1160 648 1197 690 eu
1211 625 1278 690 sra-

198 783 200 787 -
238 767 249 800 ι
265 739 366 802 tribus
382 736 443 801 tuis
461 735 626 800 suscitabit
641 734 698 800 tibi
714 735 869 801 Dominus
884 737 970 801 Deus
986 753 1072 812 tuus,
1095 738 1201 824 ipsum
1217 758 1279 800 au-

237 876 249 907 »
264 847 355 912 dietis
366 870 423 934 per
434 845 539 912 omnia
554 867 764 933 quaeoumque
779 846 896 934 petiisti
909 872 926 912 a
939 847 1076 912 Domino
1092 847 1161 911 Deo
1175 858 1232 911 tuo
1244 847 1278 911 in

239 985 251 1017 s
269 956 355 1024 Oreb
375 957 406 1021 in
422 956 474 1022 die
488 954 651 1029 Eeoiesiae,
667 977 744 1021 eum
759 955 881 1020 dixistis
899 979 907 1020 r
926 955 997 1021 Non
1011 977 1209 1044 apponemus
1222 977 1278 1019 au·-

239 1097 252 1132 s
271 1067 338 1132 dire
359 1089 469 1132 vocem
487 1065 615 1132 Domini
630 1065 689 1130 Dei
705 1067 818 1140 nostri,
834 1077 867 1129 et
885 1065 979 1130 istum
996 1067 1101 1154 ignem
1122 1087 1278 1152 magnum

237 1199 329 1243 »non
347 1175 522 1242 videbimus
539 1173 618 1238 ultra
635 1197 675 1239 ne
691 1173 894 1239 moriamur¹.
913 1203 926 1234 ι
942 1174 1012 1241 Non
1029 1173 1095 1256 ruit
1113 1173 1201 1238 Deus
1218 1195 1277 1237 au-

239 1289 355 1354 ditores
371 1309 428 1352 nos
446 1283 515 1350 fieri
535 1297 567 1349 et
583 1283 753 1372 discipulos
768 1284 964 1360 demonum,
978 1307 1081 1373 neque
1100 1283 1169 1348 vuit
1186 1297 1235 1358 nt,
1251 1285 1278 1348 si

237 1397 315 1485 quid
338 1394 482 1464 volumus
505 1393 640 1471 dissere,
658 1394 818 1460 discamus
840 1395 1082 1462 udoemonihus.
1101 1393 1215 1462 Melius
1231 1409 1279 1461 est

220 1509 322 1574 ‘enim
338 1507 495 1595 ignorare,
516 1527 611 1592 quam
633 1505 864 1570 adaemonibus
885 1505 1007 1570 discere
1026 1527 1034 1570 t
1053 1517 1085 1570 et
1101 1503 1216 1570 melius
1231 1515 1288 1570 est·

239 1614 421 1704 apropheta
435 1613 569 1689 discere,
578 1635 674 1700 quam
686 1636 703 1676 a
713 1612 825 1678 divinis
836 1613 1007 1701 inquirere.
1020 1615 1179 1681 Divinatio
1189 1615 1276 1680 enim

238 1748 316 1801 uon,
330 1738 364 1790 ut
375 1723 505 1810 quidam
519 1733 645 1811 putent,
658 1723 808 1790 divinitus
820 1725 1002 1800 dntur;·sed
1014 1725 1126 1814 magis,
1145 1737 1182 1790 ut
1197 1725 1275 1790 mihi

240 1833 375 1906 videtur,
387 1853 445 1920 per
459 1831 679 1922 antiphrasim,
696 1833 729 1898 id
742 1843 803 1907 est,
820 1855 859 1898 ex
874 1835 1034 1900 contrario
1051 1857 1170 1900 nomen
1185 1855 1268 1900 asee-

240 1943 300 2031 pit,
316 1941 491 2028 quasique
506 1964 563 2029 per
587 1941 732 2008 homines
753 1943 951 2010 daemonibus
972 1943 1109 2033 repletos
1125 1945 1191 2010 fiat.
1211 1943 1276 2012 Sed
1316 1983 1319 1990 ·

240 2048 414 2116 Gentilium
426 2051 505 2116 ritus
517 2050 658 2150 divinum
670 2052 772 2116 eredit
784 2073 879 2118 omno
892 2055 978 2140 quod
988 2075 1046 2141 per
1056 2051 1276 2140 qualemcum-

241 2183 304 2249 que
320 2159 464 2247 spiritum
478 2157 646 2246 profertur.
662 2159 726 2255 Nos
743 2170 849 2226 tumen
860 2159 939 2226 nihii
951 2164 991 2228 ub
1007 2162 1043 2227 iis
1056 2162 1180 2228 discere
1192 2162 1278 2228 Deus

242 2271 344 2356 jubet,
363 2292 402 2334 ne
414 2269 594 2336 efficiamur
612 2281 776 2334 consortes
797 2269 951 2357 ipsorum,
968 2281 1000 2334 et
1022 2271 1226 2337 incurramus
1248 2272 1280 2336 in

242 2405 279 2448 ea
297 2403 367 2469 quae
390 2380 495 2446 Esaias
520 2379 598 2446 dicit
617 2401 626 2442 a
644 2404 657 2440 s
676 2378 716 2442 Et
737 2377 990 2444 humiliabuntur
1011 2381 1042 2445 in
1068 2392 1153 2446 terra
1182 2381 1278 2446 verba

242 2522 255 2553 ι
270 2503 338 2568 tua,
353 2500 385 2556 et
399 2511 561 2558 sermones
576 2489 622 2552 tui
637 2489 670 2554 in
687 2500 768 2554 terra
782 2489 1019 2580 demergentur,
1031 2502 1064 2556 et
1078 2491 1140 2557 erit
1152 2515 1213 2557 vox
1227 2505 1278 2558 tua

242 2605 350 2670 »siout
363 2602 522 2691 loquentis
537 2602 577 2666 de
593 2613 689 2678 terra,
702 2613 734 2667 et
754 2602 795 2668 sd
813 2603 928 2669 solium
948 2627 1008 2669 vox
1025 2615 1078 2670 tuu
1098 2603 1280 2670 infirmabi-

242 2745 254 2774 s
272 2715 355 2780 tur².
371 2742 383 2776 s
400 2713 533 2802 Propter
547 2711 610 2776 hoo
627 2723 659 2776 et
676 2714 829 2779 Dominus
844 2725 952 2780 noster
971 2715 1064 2780 Jesus
1080 2736 1144 2780 non
1165 2713 1281 2803 dignu-

242 2839 323 2890 tura
340 2823 537 2890 daemonibus
555 2823 702 2912 accipere
717 2825 949 2902 testimonium,
966 2825 1024 2891 sed
1039 2825 1104 2890 ait:
1126 2825 1281 2892 «Obmu-

242 2965 254 2996 ι
272 2946 370 3009 tesca,
386 2947 418 3000 et
432 2934 482 2999 exi
495 2935 534 3000 ab
546 2957 583 2999 ea
593 2932 616 2999 ⁸.
633 2962 646 2997 a
666 2935 771 3014 Quem
783 2937 880 3002 etiam
893 2935 1062 3024 Apostolus
1075 2959 1150 3001 suus
1161 2934 1282 3005 Paulus

241 3044 394 3118 imitatus,
407 3043 516 3108 dolens
529 3044 686 3110 convertit
697 3067 744 3120 se,
753 3057 785 3112 et
796 3047 840 3110 nit
851 3047 974 3136 spiritui
985 3047 1157 3136 Pythonis:
1177 3047 1283 3114 «Prae—

242 3153 353 3243 scipio
375 3154 430 3218 tibi
453 3154 485 3219 in
510 3153 640 3220 nomine
657 3154 734 3219 Jesu
754 3154 884 3231 Christi,
905 3155 1031 3222 diseede
1050 3158 1091 3222 ab
1109 3178 1147 3222 ea
1162 3155 1185 3222 ⁴.
1208 3184 1223 3218 ι
1244 3159 1281 3224 in

243 3283 306 3349 quo
318 3263 457 3347 requiras
473 3259 617 3338 fortusse,
630 3262 708 3350 quid
724 3261 834 3329 dolens
849 3263 964 3330 Paulus
977 3249 1119 3356 increpat
1130 3267 1281 3356 spiritum

241 3371 406 3460 Pythonis.
427 3371 591 3459 Numquid
612 3371 732 3459 aliquid
755 3371 976 3462 blasphemum
998 3376 1143 3445 dixerat?
1165 3375 1282 3443 Mulier

242 3481 340 3555 euim,
357 3479 471 3567 inquit,
494 3479 615 3547 habens
637 3481 783 3568 spiritum
806 3481 959 3570 Pythonis
981 3491 1174 3575 sequebatur
1193 3487 1282 3553 Pau-

241 3587 309 3655 lum
323 3603 356 3654 et
378 3612 432 3655 eos
453 3589 602 3677 quicum
622 3613 660 3656 eo
677 3603 784 3666 erant,
804 3605 837 3657 et
855 3591 1013 3662 clamabat
1033 3597 1141 3664 dioens
1162 3620 1170 3663 ε
1197 3599 1281 3666 «isti

243 3699 417 3766 »homines
436 3698 518 3766 servi
532 3712 607 3765 sunt
622 3702 736 3768 summi
754 3701 826 3778 Dei,
843 3704 897 3790 qui
913 3707 1104 3774 annuntiant
1121 3709 1206 3774 riam
1225 3731 1280 3774 sa-

275 3862 284 3894 ¹
300 3863 375 3910 Drut.
389 3859 561 3918 rrrrr‚15‚rd,
575 3862 613 3920 15,
626 3859 727 3909 16.-²
742 3861 774 3910 ls.
788 3865 893 3922 ΠΜ.
906 3864 955 3903 -⁸
969 3866 1048 3916 Maro.
1062 3885 1078 3927 ι,
1095 3863 1132 3915 ²5.
1148 3893 1178 3904 -—
1190 3865 1199 3898 ⁴
1213 3867 1272 3915 det.

246 3951 297 3994 xvi,
310 3938 347 3988 18.
