2702 4610
224 202 281 280 ,Διὶ
648 213 791 258 enresnrs

221 341 393 434 figuraliter
409 337 561 425 AEgyptus
578 335 762 425 appellatur,
778 348 810 401 et
832 335 1035 424 perverbum
1054 329 1177 406 Deisut
1197 353 1252 397 se-

223 454 364 520 eundum
381 449 556 534 Scripturas
573 446 686 522 dicam,
699 444 867 510 translatus
881 455 929 510 est
943 455 975 508 et
990 467 1052 508 non
1071 441 1251 515 invenitur,

223 565 296 652 quia
311 562 350 628 ad
366 554 516 624 saeeulnm
529 555 666 620 sutorum
682 555 807 620 festinat
822 577 860 620 aa
875 554 991 627 tendit:
1011 553 1050 618 de
1061 551 1254 640 hujusmodi

223 675 328 739 anima
342 667 418 734 dicit
434 667 600 731 Dominus:
613 667 703 754 «Ego
719 687 789 730 sum
804 665 959 732 Dominus
977 663 1063 729 Deus
1082 675 1170 738 tuus,
1194 665 1252 750 qui

224 780 343 848 »eduxi
356 791 386 843 ιε
399 777 438 841 (Ιε
450 788 527 840 terra
538 775 674 864 AEgypti,
691 775 731 840 de
746 774 841 840 domo
853 773 1041 839 .aerritutis¹⁸
1054 801 1067 834 ι
1084 773 1155 839 Non
1169 797 1252 861 ergo

225 895 295 959 haee
312 890 351 956 ad
363 887 432 952 illos
449 897 564 949 trntuna
579 887 728 976 dicuntur
742 886 795 973 qui
808 885 848 950 de
860 883 998 974 AEgypto
1011 883 1144 972 preleeti
1157 894 1250 957 sunt,

226 1002 281 1068 sed
299 997 400 1066 multo
415 991 505 1082 mags
519 995 559 1060 nd
573 1007 616 1070 ιε,
632 995 686 1082 qui
701 1017 788 1059 nune
803 994 894 1059 audis
908 995 980 1068 iste,
1001 994 1025 1057 si
1041 1004 1149 1057 tamen
1168 1015 1249 1080 pro-

227 1106 375 1176 lreisouris
390 1128 429 1169 ex
444 1101 583 1191 AEgypto,
598 1116 630 1167 et
645 1102 799 1192 AEgyptiis
823 1103 904 1167 ultra
927 1127 991 1167 non
1016 1103 1145 1177 servios,
1167 1102 1250 1168 dicit

228 1219 296 1282 baeo
312 1215 396 1280 Deus
408 1234 417 1275 :
431 1211 508 1292 «Fra
526 1235 595 1278 suna
607 1211 761 1276 Dominus
776 1211 860 1276 Deus
876 1223 963 1286 tuus,
980 1213 1032 1298 qui
1048 1211 1142 1275 eduxi
1157 1221 1193 1275 te
1210 1211 1247 1274 de

228 1308 340 1391 »terra
357 1321 483 1410 AEgypti
505 1320 544 1385 de
565 1321 661 1386 domo
683 1322 853 1386 servitutis.
874 1318 982 1387 »Vide
997 1320 1022 1384 si
1038 1344 1103 1385 non
1120 1321 1246 1408 negotia

182 1445 183 1450 ’
228 1434 346 1508 saeculi,
363 1444 395 1497 et
410 1443 483 1496 actu
503 1431 618 1505 carnis,
636 1431 749 1495 domus
765 1443 813 1496 est
828 1431 1004 1503 servitutis:
1019 1431 1101 1495 sieut
1117 1453 1244 1494 rursum

228 1542 421 1612 econtrario
437 1539 599 1626 reinquere
626 1539 799 1615 saewlurin,
819 1551 851 1604 et
867 1540 1043 1606 seeundum
1067 1538 1169 1602 Deum
1198 1539 1243 1602 ri-

230 1677 315 1729 vere,
333 1654 445 1717 domus
467 1660 497 1712 et
517 1646 688 1713 libertatis:
707 1650 789 1715 sieut
810 1660 842 1713 et
857 1648 1012 1714 Dominus
1028 1648 1060 1712 in
1075 1646 1237 1735 Evangelio

204 1791 207 1796 ·
231 1764 308 1830 ‹lieit
321 1786 329 1826 :
343 1789 355 1822 s
369 1761 401 1826 Si
416 1760 634 1848 persenseritis
648 1759 681 1824 in
698 1761 795 1825 verbo
811 1781 896 1834 meo,
914 1783 968 1824 vos
980 1741 1156 1847 agnoscetis
1166 1757 1239 1822 reri-

230 1905 243 1935 »
259 1885 370 1945 tatem,
382 1880 415 1934 et
427 1871 520 1932 venas
532 1867 679 1934 liberabit
692 1893 744 1934 ros
754 1868 776 1932 ².
792 1871 897 1957 »Ergo
909 1867 1064 1957 AEgyptus
1074 1868 1187 1934 domm
1199 1879 1243 1932 est

230 1979 401 2053 servitutis,
418 1977 508 2042 Judea
525 2001 599 2043 rere
615 1991 646 2042 et
661 1977 859 2044 Hierusalem
872 1979 985 2044 domus
1011 1990 1059 2042 est
1079 1977 1238 2043 libertatis.

233 2090 315 2156 Audi
331 2101 363 2153 et
379 2090 544 2176 Apostrum
561 2088 600 2152 de
617 2087 678 2164 his,
691 2089 868 2154 secundum
885 2089 1072 2176 sapientiam
1084 2111 1157 2176 quae
1170 2089 1198 2153 ei
1211 2089 1241 2152 in

233 2199 407 2266 ministerio
418 2198 595 2275 detineret,
604 2199 882 2288 pronuntiantem:
896 2200 1110 2278 «Quaeautem
1121 2223 1240 2265 sursum

234 2341 246 2372 s
259 2323 319 2385 est,
334 2309 455 2395 inquit,
469 2308 656 2387 lbrnsalem‚
670 2309 767 2375 libera
779 2323 840 2384 est,
853 2335 922 2397 quae
933 2323 980 2376 est
990 2322 1092 2376 mater
1104 2311 1236 2376 omniurn

236 2453 247 2482 s
263 2433 406 2487 nostrum
420 2418 443 2484 ².
463 2449 474 2480 i
490 2421 560 2486 ieut
580 2445 655 2510 ergo
671 2419 839 2509 AEgyptus.
857 2421 914 2488 ista
931 2434 1054 2487 terrena
1070 2419 1233 2509 provincia,

235 2530 306 2597 siliis
333 2527 429 2596 lsrael
453 2528 543 2594 dorus
568 2529 685 2595 dicitur
711 2531 882 2606 servitutis,
909 2532 950 2596 arl
976 2531 1239 2620 comparutionem

235 2641 346 2707 Judaea
362 2651 394 2703 et
412 2636 597 2712 Hierrulem‚
620 2659 689 2724 quae
712 2637 756 2703 eis
778 2638 891 2704 domus
911 2639 1047 2704 efficitur
1068 2637 1239 2704 libertatis:

235 2751 276 2813 ita
294 2748 334 2814 ad
349 2768 596 2834 eomparaonern
612 2744 748 2812 eoelestis
762 2746 972 2823 Hierusalem,
989 2771 1059 2836 quae
1079 2747 1135 2834 (ut
1149 2749 1191 2813 ita
1203 2747 1243 2811 di-

236 2860 323 2946 cum)
341 2869 444 2921 muter
457 2855 669 2931 estibertatis,
683 2868 768 2922 totus
783 2857 837 2923 hie
851 2859 1001 2934 mundus,
1015 2871 1047 2923 et
1059 2859 1165 2923 omnia
1179 2881 1244 2945 quae

236 2969 267 3031 in
284 2967 347 3032 boc
361 2963 481 3028 mundo
500 2977 564 3040 ant,
588 2965 701 3030 domus
724 2979 772 3030 est
788 2967 955 3031 servitutis.
979 2967 1018 3030 Ει
1037 2967 1188 3056 quoniam
1207 2965 1244 3029 ‹le

236 3067 379 3164 paradiso
396 3071 525 3138 libertas
540 3098 597 3161 pro
613 3096 706 3159 poena
721 3075 842 3160 peceati
860 3075 901 3139 ad
916 3074 1099 3163 hujusmodi
1118 3087 1244 3140 ventum

237 3185 338 3250 luerat
361 3183 534 3258 servitutes,
551 3182 671 3248 ideirco
689 3183 809 3270 primus
832 3207 936 3249 sermo
954 3183 1117 3272 Decalogi,
1134 3186 1166 3249 irl
1186 3195 1243 3256 εει,

237 3295 338 3382 prima
350 3292 549 3358 mundatorm
562 3293 618 3356 Dei
636 3315 694 3356 vox
709 3291 750 3356 de
765 3289 910 3357 libertate
926 3293 1096 3381 profertur,
1112 3294 1242 3360 dieens:

246 3404 334 3490 «Ego
347 3423 418 3464 sum
429 3399 559 3464 Domrus
570 3400 654 3465 Deus
663 3412 749 3475 tuus,
763 3402 921 3488 quitotluxi
935 3405 1016 3468 tede
1030 3417 1113 3469 terra
1124 3403 1244 3493 AEgyp-

237 3539 250 3571 ε
267 3511 303 3583 ti,
320 3507 470 3572 dedomo
488 3507 631 3572 srvitutis.
648 3537 661 3568 s
676 3509 766 3574 Hane
784 3533 895 3576 vocem
918 3513 949 3576 in
970 3511 1108 3602 AEgypto
1125 3513 1244 3600 positus

237 3619 348 3684 audire
368 3640 433 3682 non
455 3629 568 3704 potres,
589 3618 710 3683 etiamsi
730 3620 787 3685 tibi
807 3621 992 3710 injungetur
1010 3635 1044 3686 ut
1065 3625 1183 3712 paseha
1198 3625 1243 3688 la-

237 3728 315 3802 cius,
331 3725 456 3790 etiamsi
473 3725 622 3812 acrngnris
636 3724 763 3794 lumbos
782 3741 814 3792 et
835 3730 972 3796 sandalia
989 3733 1125 3822 accipias
1140 3734 1171 3798 in
1188 3756 1243 3820 pe-

264 3829 275 3889 ¹¹
285 3855 364 3904 llxorl.
379 3870 420 3915 xx,
433 3871 454 3902 a.
467 3883 495 3890 —
507 3853 579 3902 loun.
595 3841 649 3913 iun,
661 3855 701 3914 br,
712 3856 753 3905 aa.
763 3856 813 3894 -³
827 3859 911 3910 Galat.
925 3878 958 3919 rr,
975 3863 1015 3912 26.
