2644 4612
188 267 251 348 546
319 289 462 334 onustus
486 289 519 334 ut
545 288 708 334 esuriens
732 287 934 334 casracouuu
957 292 1018 357 urs.
1045 291 1086 335 u.

185 405 385 476 seontuariis
398 410 616 500 potestatibus.
643 409 735 476 Sicut
755 409 789 475 in
808 407 976 499 Evangelio
999 411 1116 478 dieitur
1134 435 1142 476 ε
1159 415 1212 481 :Si

186 519 279 608 »quis
294 517 553 586 scandalizaverit
567 537 669 583 unum
684 517 725 585 de
747 515 868 607 pusillis
888 517 987 584 lstis¹.
1008 519 1074 584 »ln
1094 543 1156 608 quo
1170 545 1214 587 os·

181 627 336 704 tenditur,
352 627 437 716 quia·
449 623 653 694 scandalizari
668 647 735 692 non
750 637 855 715 potest
869 626 997 715 grandis
1013 639 1046 694 et
1061 627 1214 716 perlecta,

184 736 241 802 sed
264 733 378 826 pusilla
394 749 427 801 et
441 736 527 802 rudis
544 735 669 811 anima,
692 734 776 801 sieut
788 735 822 800 in
837 733 963 825 psalmo
978 734 1119 802 dieitsn:
1135 737 1216 804 «Pax

184 843 306 912 »multa
321 845 521 936 diligentibus
534 865 655 912 nomeu
676 855 788 921 tuum,
803 856 837 909 et
858 867 924 910 non
943 857 993 910 est
1006 843 1070 911 illis
1090 845 1216 913 seanda-

186 951 275 1021 ‚tum
288 953 312 1020 ².
326 951 455 1021 »Simili
471 974 549 1042 ergo
568 949 715 1041 exemplo
736 963 842 1041 potest
861 952 979 1030 videri,
1001 953 1092 1042 quod
1112 953 1218 1043 pusilla

182 1059 314 1151 quaeque
326 1062 416 1128 vinea
425 1111 435 1138 ,
444 1060 600 1150 incipiens
610 1057 758 1126 videlieet
772 1059 897 1136 anima,
913 1061 1015 1150 possit
1026 1082 1045 1126 a
1056 1057 1212 1150 vulpibus,

182 1171 216 1238 id
231 1183 296 1249 est,
310 1169 457 1261 malignis
472 1167 733 1259 cogitationibus,
750 1166 802 1234 vel
816 1168 920 1256 pravis
935 1167 1129 1234 doctoribus
1141 1167 1212 1246 ledi,

179 1277 318 1369 perlecta
330 1301 406 1344 vero
419 1289 454 1345 et
467 1275 570 1345 valida
584 1295 650 1343 non
664 1274 775 1364 possit.
794 1275 858 1342 Sed
871 1276 897 1342 si
913 1276 1090 1366 capiantur
1104 1301 1124 1344 a
1138 1279 1216 1346 bouis

180 1387 365 1456 doetoiibus
378 1385 488 1478 wlpes
498 1388 584 1463 ista,
601 1397 634 1484 et
643 1385 837 1475 abjiciantur
847 1408 887 1454 ex
898 1386 1024 1466 anime,
1038 1399 1123 1456 tune
1137 1388 1211 1479 proti

162 1485 166 1494 ’
184 1495 247 1563 eiet
260 1496 495 1576 invirtutibus,
511 1507 544 1560 et
557 1492 685 1561 florebit
699 1492 774 1561 lide.
792 1494 904 1562 Amen.

219 1645 230 1679 ¹
241 1647 331 1703 naith.
341 1652 456 1716 xvm‚6.
466 1675 499 1686 -
512 1643 524 1680 ¹
535 1647 622 1698 Μαι.
632 1663 712 1710 cxix,
723 1643 781 1698 16⁵.
