2692 4610
222 316 284 358 220
663 311 805 358 ORlGBMS

218 454 313 520 quam
332 431 452 494 diversa
474 441 507 494 et
529 451 624 514 quem
641 428 724 494 varia
740 426 998 516 purificationum
1019 430 1253 496 medicamente

219 537 377 606 conficiat.
1194 557 1196 562 ⁸

271 713 309 763 2⁰
334 699 513 791 Perpetua
538 698 660 764 Mariae
686 697 890 789 virginitas,
914 717 1023 790 quam
1047 693 1103 763 bis
1129 693 1254 764 verbis

221 806 364 871 asserit¹
382 828 390 868 ε

274 954 479 1022 «allocutus
500 969 560 1032 est,
581 959 705 1043 inquit,
724 957 879 1021 Dominus
899 955 940 1022 ad
959 953 1089 1040 Moysen
1111 953 1223 1018 «licens
1243 978 1251 1018 ι
1292 939 1298 949 ’

222 1062 390 1150 »Loquere
401 1063 473 1128 liliis
489 1063 598 1143 lsrael,
615 1077 646 1128 et
662 1064 748 1129 dices
763 1065 803 1134 ad
815 1087 869 1128 eos
887 1087 895 1126 ε
913 1062 1026 1142 Mulier
1041 1083 1255 1148 quaecumque

218 1198 232 1232 s
246 1171 429 1257 conceperit
443 1194 565 1246 semen,
581 1183 613 1236 et
628 1172 786 1258 pepererit
805 1168 995 1244 masculum,
1012 1169 1176 1234 immunda
1192 1169 1253 1233 erit
1279 1238 1281 1246 ¹

220 1289 361 1370 »septem
378 1278 519 1344 diebus¹.
532 1278 702 1366 ›2[lllud‹=si
718 1278 901 1366 conceperit
916 1299 1036 1352 semen,
1050 1307 1062 1332 υ
1076 1277 1165 1364 quod
1177 1299 1253 1365 prae·

218 1389 347 1472 ponitur
356 1386 403 1452 his
414 1388 528 1462 verbis,
546 1398 601 1451 ret
610 1387 769 1475 pepererit
781 1385 993 1464 masculum„
1011 1383 1172 1450 videbitur
1186 1409 1250 1451 esse

104 1539 107 1546 -
219 1495 425 1584 superfluum.
442 1495 507 1560 Sed
518 1496 587 1560 vide
603 1519 644 1558 ne
657 1495 739 1560 sorte
750 1494 880 1560 omnino
893 1494 961 1558 baec
973 1492 1065 1558 simul
1079 1493 1165 1557 dicta
1178 1494 1251 1569 sint,

216 1603 378 1678 bellaria,
392 1627 461 1690 quae
470 1605 558 1690 juxta
569 1601 743 1690 Prophetas
755 1603 874 1668 semine
889 1625 953 1666 non
969 1613 1118 1689 suscepto
1130 1603 1255 1690 peperit

216 1711 405 1786 masculum,
421 1721 586 1799 putaretur
602 1711 766 1775 immunda
780 1733 849 1774 esse
868 1710 976 1798 genito
992 1706 1170 1774 salvatore.
1188 1709 1253 1775 Sed

216 1821 334 1905 absque
354 1816 467 1882 harum
487 1841 600 1882 vocum
623 1818 815 1905 adjectione,
831 1845 843 1876 ι
856 1817 881 1880 si
896 1817 1080 1903 conceperit
1095 1841 1219 1894 semen,
1233 1846 1245 1878 r

219 1939 341 2013 poterut
356 1925 451 1990 etiem
465 1925 561 1990 llario
579 1924 708 2014 intelligi
724 1948 787 1990 non
805 1947 873 1988 esse
889 1924 1063 1988 immunda.
1080 1923 1152 1990 Non
1168 1926 1253 1989 enim

217 2033 401 2122 simpliciter
412 2046 478 2100 erat
492 2033 619 2111 mulier,
634 2035 689 2100 sed
703 2036 787 2122 virgo
798 2032 840 2121 ⁸.]
856 2034 909 2098 Sic
922 2035 1007 2098 enim
1022 2031 1100 2096 dicit
1115 2034 1252 2120 Aposto-

218 2139 266 2204 lus
279 2164 288 2203 ε
306 2169 319 2200 ι
332 2141 391 2206 Ubi
404 2153 509 2206 autem
522 2144 607 2208 venit
620 2142 785 2230 plenitudo
798 2155 991 2230 temporum,
1004 2141 1088 2208 misit
1100 2141 1183 2206 Deus
1194 2141 1218 2204 F
1220 2142 1249 2204 i-

218 2279 230 2310 »
245 2247 322 2314 lium
334 2249 567 2324 suum‚lactum
577 2273 616 2314 ex
628 2249 772 2325 muliere,
783 2250 900 2316 lactum
910 2252 967 2316 sub
979 2249 1074 2338 Lege,
1087 2262 1122 2314 ut
1133 2273 1186 2316 eos
1197 2250 1255 2337 qui

216 2360 304 2423 »sub
319 2359 401 2446 Lege
416 2371 507 2425 orent
521 2360 710 2426 redimeret*
728 2383 764 2424 :s
784 2361 1046 2447 respondebimus
1067 2361 1108 2434 ei,
1125 2361 1196 2445 quia
1219 2360 1257 2424 in

215 2467 453 2556 bocApostolas
465 2467 630 2536 mulierem
643 2471 706 2534 non
718 2493 778 2558 pro
791 2468 970 2559 corruptele
983 2455 1183 2557 integritatis.
1193 2471 1257 2534 sed

215 2600 274 2664 pro
295 2601 386 2642 sexus
408 2579 526 2643 indicio
542 2579 715 2643 nominavit
732 2601 741 2642 :
761 2591 795 2642 ut
817 2580 890 2666 quia
912 2579 1040 2644 dicebat
1060 2577 1177 2643 Filium
1194 2577 1257 2642 Dei

216 2687 360 2760 missum,
374 2685 468 2752 simul
480 2701 513 2751 et
528 2686 619 2762 illud,
632 2688 717 2775 quod
729 2690 891 2754 communi
905 2691 1048 2754 omnium
1063 2690 1204 2776 ingressu
1220 2689 1254 2754 in

218 2794 305 2860 hunc
321 2796 476 2860 mundum
488 2797 636 2871 venisset.
652 2811 825 2884 exponeret
828 2843 981 2862 ...........
987 2800 1062 2862 llaec
1076 2820 1154 2885 ergo
1170 2798 1258 2862 dicta

216 2903 279 2966 sint
291 2901 383 2965 nobis
399 2901 437 2966 de
449 2924 488 2966 eo
503 2903 588 2988 quod
603 2904 838 2968 observavimus
855 2906 1021 2992 scriptum,
1035 2906 1110 2992 quia
1126 2929 1190 2970 non
1203 2931 1260 2972 su-

217 3006 341 3094 perlluo
357 3008 479 3072 addidit
489 3007 662 3096 Legisletor
675 3035 682 3075 :
696 3010 833 3078 «Mulier
847 3013 871 3078 si
884 3013 1066 3100 conceperit
1081 3037 1207 3087 semen,
1224 3029 1262 3081 et

216 3117 402 3204 »pepererit
413 3116 515 3182 lilium
526 3117 554 3191 ‘r
570 3147 583 3180 s
602 3119 658 3184 sed
673 3142 740 3185 esse
756 3123 973 3208 exceptionem
990 3123 1171 3210 mysticam,
1184 3147 1262 3212 quae

214 3223 314 3288 solam
329 3222 459 3287 Mariam
475 3248 492 3288 a
509 3224 636 3312 reliquis
652 3227 839 3294 mulieribus
855 3241 1046 3320 segregaret,
1064 3232 1157 3320 cujas
1176 3255 1262 3320 par-

215 3343 266 3396 tus
287 3355 350 3396 uon
373 3328 636 3422 ex'oonceptione
661 3338 801 3414 seminis,
827 3340 882 3405 sed
902 3364 940 3406 ex
964 3341 1129 3428 presentia
1152 3343 1262 3412 sancti

215 3438 352 3526 Spiritus
367 3453 399 3503 et
417 3440 530 3506 virtute
547 3441 698 3511 Altissimi
714 3445 819 3511 luerit.

254 3621 304 3670 ¹ll.
318 3638 341 3670 a.
356 3639 382 3684 p.
396 3621 451 3680 288,
463 3621 519 3686 289.

249 3695 262 3728 ²
275 3697 355 3745 berit.
368 3711 412 3754 ιιι,
426 3711 449 3744 s.

248 3765 259 3799 ⁸
272 3768 358 3816 versio
369 3769 603 3821 benedictinorum.

249 3842 259 3872 ⁸
275 3839 358 3890 Galat.
371 3857 405 3901 rr,
417 3844 442 3901 d.
457 3872 487 3882 -
498 3845 507 3878 ⁸
518 3848 600 3902 berit,
614 3864 659 3905 ιιι,
676 3865 694 3895 2
