2702 4610
384 279 422 350 'ru
449 305 729 351 nxouuunouura
755 308 795 350 vr.
1053 309 1109 372 ³²7

70 438 233 505 evidenter
245 431 387 500 invenies
398 431 563 518 quomodo
574 430 715 496 extendit
727 432 889 497 dexteram
900 451 1003 506 suam,
1017 443 1048 496 et
1061 431 1115 496 do·

71 547 192 614 vomuit
210 542 283 609 illos
303 553 395 606 terra.
421 540 489 607 Nec
512 551 618 605 umen
645 540 769 628 penitus
796 539 1028 628 desperandum
1051 551 1110 604 est.

73 652 231 722 Possibile
254 673 387 739 namque
411 661 461 714 cst
478 661 525 725 ut,
549 649 574 716 si
593 648 674 715 l'orte
695 651 857 739 resipiscat
873 649 926 738 qui
947 646 1115 716 devoratus

77 774 141 838 est,
163 783 290 826 rursum
304 759 403 847 possit
426 758 544 834 evomi,
566 757 648 824 sicut
669 758 778 824 Jonas.
804 758 867 824 Sed
883 771 915 824 ct
929 779 1040 824 omnes
1056 781 1115 823 nos

83 881 160 960 puto
172 869 255 957 quod
267 867 438 957 aliquando
453 879 537 932 terra
552 867 717 933 devoratos
730 869 761 932 in
774 865 888 932 inlerni
900 866 1114 956 penetralibus

86 979 250 1052 retinebat,
266 989 300 1042 et
312 987 484 1066 propterea
505 977 661 1043 Dominus
680 987 788 1042 noster
803 977 966 1043 descendit
983 999 1046 1042 noa
1064 1001 1117 1042 so-

85 1089 147 1155 lnm
167 1087 323 1175 usquead
341 1098 456 1163 terras,
479 1087 534 1152 sed
551 1069 650 1174 usipus
665 1086 705 1152 ad
728 1085 873 1152 inleriora
892 1098 1009 1152 terrae:
1025 1095 1057 1152 et
1073 1087 1130 1151 ibi‘

81 1221 135 1264 uos
156 1197 279 1263 invenit
296 1197 480 1272 devoratos,
496 1206 529 1262 et
550 1197 695 1262 sedentes
719 1197 778 1262 sub
800 1201 912 1264 umbra
933 1198 1060 1271 mortis;
1085 1209 1117 1262 et

78 1306 149 1372 iude
161 1306 307 1372 educens
318 1329 384 1371 non
396 1305 460 1392 jam
472 1302 581 1370 locum
593 1318 699 1399 terrea.
709 1317 743 1371 ut
751 1306 1116 1381 iterumderoraremur,

84 1417 141 1482 sed
153 1413 269 1480 locum
282 1425 436 1501 praeparat
450 1412 542 1480 uobis
559 1414 646 1503 regui
662 1412 827 1480 coelorum.

134 1523 209 1590 vlt.
223 1521 408 1591 «Deduxisti
417 1524 448 1588 iu
459 1523 579 1612 justitia
593 1535 644 1589 tua
654 1522 808 1613 populum
818 1519 1119 1612 tuumhunc,quena

94 1633 270 1700 »liberasti
296 1632 481 1699 consolatus
495 1657 529 1699 es
545 1635 578 1700 in
595 1635 709 1700 virtute
731 1646 799 1710 tua,
823 1635 856 1700 in
879 1635 988 1721 requie
1010 1645 1118 1700 sancta

88 1773 105 1807 a
122 1757 174 1809 tua
188 1742 210 1807 ¹.
226 1744 404 1810 »Dominus
420 1741 574 1832 populum
590 1763 696 1820 suum,
713 1767 809 1832 quem
820 1741 964 1808 liberarit
976 1765 1033 1830 per
1043 1740 1123 1807 lava-

88 1877 177 1920 crum
192 1851 454 1942 regenerationis,
474 1852 604 1918 deducit
620 1853 651 1918 in
668 1853 805 1942 justitia;
825 1849 1006 1919 consolatur
1027 1851 1122 1916 etiam

86 1987 161 2029 eum
176 1986 235 2052 per
249 1961 501 2029 consolationem
516 1961 651 2051 Spiritus
667 1964 766 2028 sancti
779 1963 811 2028 ia
821 1963 937 2054 virtute
952 1985 1021 2038 sua,
1038 1974 1070 2028 et
1086 1963 1120 2028 ia

88 2073 195 2163 requie
211 2097 277 2138 sua.
294 2071 494 2138 Futurorum
509 2093 645 2159 namque
661 2094 731 2160 spes
750 2070 965 2137 laborantibus
980 2075 1121 2160 requiem

91 2183 174 2270 parit
193 2205 201 2244 ε
218 2182 298 2246 sicut
312 2192 345 2246 et
360 2181 394 2245 in
411 2202 512 2268 agone
528 2180 637 2269 positis
652 2178 794 2244 dolorem
817 2177 984 2245 vulnerum
1002 2181 1124 2272 mitigat
1153 2219 1154 2224 κ

100 2311 170 2378 spes
183 2311 317 2356 coronae.

145 2394 231 2464 Vlll.
252 2397 451 2463 thudierunt
467 2407 576 2486 gentes
591 2406 623 2461 et
639 2397 725 2462 iratae
740 2410 827 2471 sunt,
844 2393 967 2462 dolores
984 2419 1126 2487 compre·

97 2504 305 2571 »henderunt
319 2506 513 2572 habitatores
527 2504 704 2571 Philistiim.
722 2503 814 2569 'lunc
830 2503 1057 2571 festinaverunt
1070 2507 1126 2572 du·

95 2637 174 2680 »ces
188 2615 294 2680 Edom
312 2629 346 2680 et
367 2615 526 2705 principes
540 2615 763 2687 Moabitarum,
781 2613 990 2701 apprehendit
1003 2612 1073 2681 illos
1091 2617 1127 2681 ti-

94 2753 106 2784 »
121 2735 234 2789 moret
242 2735 374 2790 tremor.
384 2723 570 2790 Tabuerant
580 2747 690 2791 omncs
702 2717 1121 2792 inhabitantesChauaan².a
1189 2787 1192 2792 .

94 2832 263 2912 Quantum
280 2833 322 2898 ad
340 2831 503 2898 historiam
518 2833 668 2920 pertinet,
681 2830 804 2897 nullum
816 2855 854 2896 ex
866 2832 914 2897 his
926 2834 1071 2921 gentibus
1085 2838 1129 2902 in-

94 2939 242 3006 terfuisse
250 2939 450 3006 mirabilibus
459 2963 528 3028 quae
537 2940 617 3007 lacta
629 2953 715 3014 suut,
725 2951 859 3006 constat.
872 2941 1042 3020 Quomodo
1054 2971 1129 3036 ergo

94 3050 293 3116 videbuntur
308 3061 446 3114 tremore
467 3049 622 3125 deterriti,
640 3043 687 3114 vel
703 3048 864 3114 festinasse
884 3049 938 3134 (ut
953 3052 1065 3142 dicit),
1083 3053 1130 3121 vel

93 3159 167 3224 irari
184 3181 258 3225 esse
273 3157 453 3235 Philistiim,
469 3171 502 3224 et
516 3158 674 3233 Moabitas,
687 3169 719 3222 et
730 3157 847 3232 Edom,
865 3170 897 3223 et
911 3159 1039 3249 reliquae
1054 3189 1132 3252 quas

94 3281 264 3337 enumerat
279 3269 448 3335 nationes?
462 3265 527 3334 Sed
541 3269 565 3333 si
584 3267 750 3333 redeamus
766 3266 804 3332 ad
817 3267 1057 3358 intelligentiam
1072 3277 1133 3364 spi·

99 3377 259 3455 ritualem,
269 3379 468 3445 inveniemus
479 3377 551 3465 quia
561 3374 769 3450 Philistini,id
780 3386 840 3451 est,
851 3378 999 3445 cadentes
1010 3383 1132 3470 populi,

104 3497 139 3549 et
158 3485 268 3564 Edam,
284 3487 342 3577 qui
358 3487 584 3575 iuterpretatur
599 3495 757 3556 terrenus.
776 3484 947 3572 trepidant,
971 3500 1002 3551 et
1018 3489 1134 3560 borum

102 3595 241 3665 omnium
258 3600 421 3690 principes
432 3601 598 3672 cursitant,
612 3609 643 3663 et
655 3609 769 3685 pavent
781 3597 944 3664 constricti
957 3599 1132 3682 doloribus,

96 3729 172 3773 cum
190 3709 298 3774 rident
315 3731 493 3798 regnasua,
507 3731 576 3796 quae
591 3708 623 3772 in
636 3706 757 3772 inlcrao
770 3719 856 3783 sunt,
869 3722 1031 3798 penetrata
1045 3715 1084 3779 ab
1096 3739 1137 3779 eo

93 3817 151 3904 qui
166 3817 335 3885 descendit
355 3819 390 3886 iu
407 3818 554 3883 inferiora
570 3829 674 3892 terrae,
694 3827 728 3883 ut
745 3817 883 3906 eriperet
901 3821 1023 3908 eosqui
1039 3824 1135 3910 possi·
1176 3802 1180 3810 .

129 3945 230 3996 ιΙὲιοά.
248 3946 404 4010 anth-¹
416 3947 484 3997 lbid.
499 3947 537 4005 al.
