2744 4624
228 317 269 380 88
654 331 813 380 'onrcnms

227 447 320 513 »rutil
341 449 468 537 grandis
482 451 653 517 multitudo
673 464 732 527 est,
749 465 782 518 et
805 450 887 516 volet
903 472 998 539 super
1019 447 1109 514 nosl.
1124 473 1137 508 s
1153 443 1266 509 Primo

227 559 371 624 omnium
383 561 543 646 requirere
557 561 626 627 volo
638 563 709 649 quis
721 573 772 626 est
786 585 842 627 rex
857 561 890 626 iu
906 559 1043 648 AEgypto
1058 555 1112 646 qui
1128 555 1186 622 scit
1199 553 1264 618 Jo-

227 668 318 754 seph,
334 679 367 733 et
382 670 452 757 quis
466 683 514 736 est
529 695 585 738 rex
598 672 653 760 qui
672 673 773 738 nescit
790 672 919 760 loseph.
936 673 1020 737 Dum
1031 670 1118 734 enim
1136 665 1188 730 ille
1206 687 1264 728 re·

227 783 318 839 neret
339 776 393 862 qui
408 778 528 844 sciebat
548 779 680 867 doseph‚
702 801 767 844 non
786 779 967 844 reseruntur
988 776 1095 842 afflicti
1109 797 1177 840 esse
1202 769 1264 836 lilii

228 879 322 956 lroiil,
345 899 449 972 neque
473 887 505 951 in
528 885 595 952 luto
617 900 650 952 et
672 886 768 952 lutere
785 889 977 975 consumpti,
1001 907 1104 973 neque
1125 879 1264 948 masculi

228 1009 339 1054 eorum
356 994 472 1068 uocati,
489 1005 521 1059 ct
536 994 672 1060 soeminae
687 995 860 1060 vivificutae.
880 993 945 1060 Sed
959 1015 1034 1058 cum
1049 990 1184 1056 surrexit
1198 987 1262 1052 iste

227 1101 363 1188 quinon
378 1115 507 1168 noverat
530 1103 662 1192 loseph,
682 1118 715 1169 et
731 1106 825 1193 ccepit
846 1106 912 1193 ipse
930 1125 1074 1192 regnare,
1097 1112 1174 1166 tunc
1188 1099 1263 1164 haec

228 1210 333 1273 omnin
354 1221 439 1298 geste
460 1213 649 1278 reseruntur.
669 1214 749 1292 Quis
764 1237 840 1302 ergo
854 1225 903 1278 ost
919 1215 976 1278 iste
995 1233 1061 1286 rex,
1082 1210 1258 1277 videamus.
1365 1193 1367 1228 l

229 1315 262 1381 Si
279 1317 433 1384 Dominus
445 1322 526 1409 regit
542 1345 612 1398 nos,
628 1334 661 1386 et
676 1343 785 1388 sensus
803 1324 917 1388 mentis
933 1333 1049 1386 nostrae
1063 1319 1261 1386 illuminatus

228 1428 399 1495 sDomino
422 1431 538 1496 Christi
560 1455 685 1520 semper
709 1433 895 1498 memoriam
918 1444 1017 1507 tenet,
1040 1432 1157 1497 iaciens
1177 1427 1259 1493 illud

228 1538 313 1622 quod
328 1536 443 1604 Paulus
458 1540 499 1604 ud
515 1539 718 1606 Timotheum
733 1540 842 1606 scribit
863 1564 870 1607 :
889 1565 901 1600 ι
918 1539 1040 1604 Memor
1059 1551 1126 1604 esto
1145 1538 1258 1604 lesum

228 1645 418 1712 »Christum
434 1650 640 1714 resurrexisse
655 1671 672 1712 o
688 1647 858 1720 mortuis²;
874 1648 974 1712 »dum
986 1645 1054 1712 haec
1065 1645 1206 1710 meminit
1220 1645 1255 1710 iu

228 1750 378 1842 AEgypto,
388 1753 487 1830 idest,
498 1757 530 1820 in
539 1778 634 1820 carne
645 1767 766 1830 nostre,
779 1756 905 1843 spiritus
920 1767 1028 1820 noster
1038 1775 1166 1842 regnum
1177 1773 1252 1816 cum

227 1861 346 1948 justitio
364 1855 462 1939 tenet,
475 1876 508 1931 et
519 1863 600 1930 lilios
614 1862 721 1937 lsrael,
740 1887 818 1953 quos
835 1883 928 1952 supra
944 1863 1078 1928 diximus
1088 1860 1252 1927 rationubh

229 1969 274 2035 les
286 1993 407 2048 sensus,
424 1972 473 2038 vel
486 1974 599 2039 enimse
614 1973 757 2050 virtutes,
774 1974 806 2038 in
821 1971 889 2038 luto
903 1983 935 2038 et
950 1970 1047 2037 latere
1063 1994 1128 2037 non
1144 1991 1257 2038 consu·

227 2079 299 2153 mit,
312 2103 373 2146 nec
385 2080 468 2146 curis
479 2103 534 2147 eos
545 2082 677 2147 terrenis
688 2093 721 2146 et
733 2080 995 2147 sollicitudinibus
1006 2081 1121 2146 atterit.
1136 2079 1169 2144 si
1182 2101 1258 2144 vero

228 2189 402 2276 perdiderit
422 2189 537 2256 horum
553 2193 744 2258 memorium
759 2213 868 2256 sensus
882 2200 1002 2265 noster,
1023 2188 1257 2256 declinaveritis

159 2296 162 2304 ’
227 2297 309 2373 Deo,
319 2298 466 2364 nescierit
477 2300 655 2374 Christum
669 2310 748 2365 tunc
759 2301 909 2388 snpientia
922 2301 1036 2372 curnis.
1046 2321 1115 2386 quae
1128 2298 1255 2363 inimice

228 2419 275 2473 est
291 2409 371 2486 Deo,
394 2411 535 2476 succedit
557 2413 589 2478 in
611 2433 758 2512 regnum,
774 2421 807 2477 et
821 2408 992 2498 alloquitur
1010 2423 1136 2498 gentem
1151 2431 1253 2482 sunm.

229 2541 396 2606 corporeas
411 2518 531 2585 scilicet
546 2518 732 2607 voluptates,
749 2528 782 2583 et
796 2518 944 2583 vitiorum
956 2519 1092 2584 ducibus
1103 2516 1144 2582 ed
1155 2515 1256 2582 consi·

228 2624 507 2703 liumconvocotis,
519 2626 807 2694 initurdeliberutio
819 2627 966 2692 adversus
979 2626 1058 2692 lilios
1072 2625 1166 2692 lsrael
1179 2649 1257 2713 quo·

228 2736 326 2800 modo
348 2737 648 2810 circumveniantur,
670 2733 1074 2822 quomodocpprimnntur,
1090 2747 1125 2800 ut
1139 2734 1207 2799 luto
1221 2749 1257 2800 et

227 2841 377 2910 luteribus
392 2845 581 2934 affligantur,
597 2856 634 2909 ut
648 2865 751 2909 mores
765 2855 935 2931 exponunt,
951 2843 1093 2909 l'oemines
1107 2841 1205 2919 olent,
1219 2857 1257 2908 ut

228 2953 386 3018 aedificent
402 2953 542 3018 civitates
558 2951 697 3041 AEgypti‚
713 2961 746 3018 et
759 2953 899 3018 civitates
915 2952 1061 3016 munitos.
1081 2951 1152 3018 Non
1164 2954 1256 3018 uobis

228 3045 296 3125 hoec
311 3061 351 3124 ud
365 3060 529 3124 historiam
545 3062 660 3149 scripta
675 3071 761 3135 sunt,
781 3083 883 3148 neque
896 3062 1073 3148 putandum
1092 3073 1140 3127 est
1156 3061 1256 3128 libros

229 3169 350 3236 diuinos
371 3168 591 3256 AEgyptiornm
611 3180 695 3257 gesta
717 3191 845 3233 narrare
859 3191 867 3231 :
881 3167 937 3232 sed
952 3191 1021 3256 quae
1036 3171 1152 3258 scripta
1166 3182 1254 3246 sunt,

227 3279 267 3344 ud
282 3289 423 3344 nostrum
439 3276 614 3342 doctrinam
631 3289 663 3341 et
678 3275 957 3341 commonitionem
976 3278 1091 3364 scripta
1107 3291 1198 3352 sunta
1219 3290 1254 3343 ut

227 3399 262 3451 tu
280 3389 332 3475 qui
347 3387 417 3452 hmc
430 3387 533 3460 nudis,
546 3387 570 3450 si
587 3387 666 3450 sorte
680 3387 746 3473 jum
756 3386 888 3473 gratiam
903 3386 1050 3473 baptismi
1063 3399 1254 3454 consecutus

224 3519 269 3569 es,
287 3505 319 3559 et
334 3495 557 3560 adnumeratus
572 3515 605 3558 es
622 3495 703 3559 inter
717 3492 798 3558 filios
813 3490 921 3568 lsrael,
937 3517 975 3559 ac
990 3497 1153 3584 suscepisti
1170 3497 1202 3562 in
1219 3511 1251 3562 te

225 3605 328 3670 Deum
347 3627 466 3691 regem,
483 3611 600 3690 etpost
615 3603 684 3667 bsec
697 3601 856 3668 declinare
872 3600 1007 3668 volueris
1021 3605 1065 3669 nd
1080 3628 1176 3693 opera
1192 3630 1253 3670 εω-

226 3713 301 3789 culi,
318 3735 411 3802 agere
427 3725 514 3778 actus
526 3723 629 3786 tcrroe,
646 3721 678 3775 ct
690 3708 775 3775 lotoe
793 3709 918 3799 explere
929 3711 1116 3787 ministeria,
1128 3713 1253 3780 scisset

224 3845 374 3914 agnoscas
393 3823 465 3910 quin
487 3819 620 3888 surrexit
635 3820 667 3885 in
690 3833 720 3886 tc
743 3843 798 3887 rex
820 3820 912 3897 alius,
929 3821 981 3909 qui
999 3823 1098 3888 nescit
1119 3823 1253 3913 Joscph,

257 3955 358 4005 ΙΙῑιοά.
373 3955 426 4014 ι,8,
437 3971 460 4017 9.
474 3953 546 4002 -22
560 3953 626 4000 Tim.
641 3970 668 4012 rr,
681 3953 705 4000 8.
