2702 4610
227 285 274 373 9⁸
671 307 815 353 caremus

151 407 158 497 ⁸,
229 431 324 486 estet
345 419 487 487 nutrita-i
503 420 592 501 Quid
606 433 655 488 est
670 423 756 509 quod
777 421 944 512 synagoga
958 419 1074 509 accipit
1088 419 1128 485 de
1149 417 1268 485 Eccle-

228 529 297 600 siat
311 529 393 596 Pulc
407 527 486 595 illud
498 528 629 620 intelligi
643 554 749 619 posse,
761 533 849 620 quod
859 532 944 598 idem
957 529 1080 618 Moyses
1092 528 1205 596 scribit
1216 528 1273 594 di-

230 661 306 708 teus
317 662 325 704 :
338 634 425 728 «Ego
442 639 474 704 iu
483 662 549 704 non
560 652 692 728 ¹gentem
701 641 736 707 in
747 637 981 706 aemulationem
994 663 1047 705 ros
1057 639 1224 712 inducam,
1233 637 1269 701 in

229 775 247 809 a
262 760 393 836 gentem
412 747 615 836 insipientem
636 749 669 814 iu
689 749 768 816 irem
784 773 838 816 ros
856 748 1026 816 concitabo
1036 747 1083 812 ’.ι
1101 748 1142 812 Et
1159 745 1270 834 Syna-

227 877 311 945 gugu
324 878 400 944 ergo
415 856 455 922 de
467 854 607 922 Ecclesia
622 857 875 924 istudmercedis
890 856 1018 945 accipit,
1032 865 1067 920 ut
1083 854 1165 920 ultra
1180 852 1269 920 idola

230 987 296 1030 nou
319 962 412 1030 colat.
437 962 556 1030 Videas
578 965 664 1030 enim
686 989 741 1030 ees
764 967 817 1053 qui
835 965 1038 1054 exgentibus
1065 973 1138 1028 sunt
1162 962 1206 1027 ita
1224 963 1268 1027 nel

230 1073 336 1143 Deum
351 1096 520 1140 conversos
535 1084 654 1138 esseut
669 1072 750 1139 ultra
767 1071 851 1140 idola
867 1073 1022 1147 nesciant,
1035 1071 1137 1136 Deum
1151 1084 1269 1160 praeter

231 1184 333 1248 uuum
346 1183 509 1248 nemiuem
522 1192 726 1256 venerentur,
744 1181 812 1269 ipsa
827 1181 987 1246 erubescit
1002 1178 1085 1245 idola
1102 1178 1183 1245 ultra
1200 1181 1267 1269 jum

231 1289 348 1359 colere.
367 1289 456 1356 lstud
471 1311 546 1378 ergo
566 1289 679 1377 recipit
694 1287 842 1356 beneficii
863 1289 903 1355 de
919 1287 1060 1355 Ecclesia
1083 1287 1266 1378 synagoga,

232 1398 359 1488 quodsi
373 1396 538 1488 parvulam
549 1398 687 1465 nutrisse
699 1397 763 1465 uisa
775 1411 824 1465 est
837 1397 966 1487 legem.
980 1397 1045 1464 Sed
1055 1407 1087 1463 et
1099 1419 1157 1464 nos
1169 1399 1266 1465 etiam

232 1509 259 1576 si
280 1509 479 1574 Pharaonem
493 1505 664 1573 habuimus
681 1517 820 1594 putrem,
835 1507 932 1574 etiam
945 1507 973 1572 si
990 1529 1047 1574 nos
1062 1507 1096 1572 in
1114 1509 1265 1597 operibus

232 1615 323 1684 malis
337 1616 447 1706 genuit
456 1616 606 1705 princeps
617 1614 714 1703 hujus
724 1614 849 1692 mundi,
862 1637 936 1684 cum
951 1617 1093 1682 venimus
1103 1617 1144 1682 ad
1154 1639 1265 1705 sqtres.

233 1747 430 1796 assumamus
442 1724 483 1790 ad
494 1746 551 1790 nos
563 1721 666 1812 legem
677 1723 749 1800 Dei,
762 1746 823 1791 uec
834 1725 926 1791 nobis
938 1725 1064 1806 sordeat
1075 1724 1181 1792 littere
1190 1727 1264 1812 ejus

235 1832 297 1900 vile
310 1845 458 1922 tegumen
470 1842 502 1900 ct
514 1832 687 1898 obscurum
698 1853 708 1897 t
724 1855 795 1920 quae
805 1855 899 1920 parva
909 1833 979 1920 ejus
990 1843 1065 1898 suut
1074 1844 1107 1898 et
1116 1829 1262 1899 lactentia

231 1941 463 2016 concedamus,
485 1963 555 2028 quaa
569 1939 709 2028 perfectu
725 1953 758 2006 et
774 1939 874 2006 aulida
890 1953 965 2007 sunt
983 1963 1157 2018 sumamus,
1173 1953 1268 2031 atque

236 2051 306 2117 baec
320 2049 403 2114 intra
419 2048 524 2116 cordis
538 2049 638 2115 nostri
655 2059 738 2114 tecta
755 2047 869 2138 regulis
886 2048 1088 2118 collocemus.
1107 2051 1269 2119 Grandem
1327 2085 1334 2100 ι

236 2171 269 2228 et
289 2155 429 2224 validum
449 2157 624 2226 habeamus
643 2157 788 2245 Moysen,
804 2157 883 2224 nihil
900 2155 941 2224 de
960 2183 999 2225 eo
1019 2181 1167 2250 pervum,
1189 2161 1269 2228 nihil

237 2267 359 2340 humile
371 2268 554 2346 sentiamus,
570 2269 625 2336 sed
637 2268 842 2358 magnificum
853 2281 970 2346 totum,
982 2272 1268 2361 tamegregium,

236 2391 344 2449 totum
361 2376 499 2467 elegans.
517 2376 635 2444 Totum
656 2379 742 2445 enim
761 2401 912 2467 magnum
930 2389 982 2456 est
999 2378 1156 2468 quidquid
1178 2381 1268 2470 spiri-

239 2484 339 2565 tuale,
356 2486 512 2578 quidquid
529 2485 675 2553 sublimis
695 2484 909 2575 intelligentiae
928 2499 986 2552 est
1005 2489 1046 2556 Et
1067 2507 1196 2556 memus
1208 2489 1270 2559 Dc-

237 2599 361 2668 minum
381 2598 493 2666 lesum
511 2596 672 2662 Christum
689 2607 723 2660 ut
744 2595 811 2684 ipse
828 2597 920 2664 nabis
938 2595 1061 2670 revelet
1073 2610 1105 2668 et
1126 2599 1271 2666 ostendet

236 2706 398 2798 quomodo
411 2727 544 2793 maguus
555 2716 603 2783 est
612 2703 750 2793 Moyses,
760 2716 794 2771 et
805 2705 965 2793 quomodo
977 2703 1120 2772 sublimis
1130 2717 1190 2774 est.
1200 2710 1272 2798 lpse

238 2814 326 2886 euim
342 2811 460 2880 revelat
474 2812 590 2900 quibus
608 2811 687 2889 vult,
706 2835 764 2901 per
782 2815 934 2902 Spiritum
950 2829 1106 2884 sanctum.
1125 2818 1187 2906 lpsi
1202 2818 1274 2912 glu-

241 2926 288 2996 riu
302 2935 335 2991 et
349 2922 517 3012 imperium
533 2923 566 2988 ia
580 2921 694 2992 secula
706 2921 906 2991 saeculorum.
922 2927 1035 2997 Amen.

275 3052 375 3108 ¹.1)ent.
388 3067 466 3118 anxur,
478 3070 518 3106 sn
