2604 4614
247 341 279 384 rr
306 339 467 384 crurrcou
491 339 695 386 curtrrcouou
718 341 881 386 rrouooos.
1017 317 1079 404 557
1147 346 1149 354 ’

46 463 208 534 obseruari
225 464 319 531 etiarn
342 465 426 551 apud
441 465 608 539 Hebraeos,
626 465 714 552 quod
732 466 789 548 nisi
809 467 878 553 quis
900 466 939 561 ad
955 477 1080 534 etatem

47 573 222 664 perlectam
239 583 458 659 maturumque
472 573 666 660 pervenerit,
691 571 832 640 libellum
851 575 936 644 huno
952 599 993 656 ne
1008 576 1080 663 qui-

52 685 126 748 dem
143 682 176 748 in
187 680 326 756 manibus
342 690 450 758 tenere
462 681 673 767 permittatur.
691 681 758 748 Sed
767 693 800 746 et
818 680 896 750 illud
910 683 950 750 alr
961 684 1006 748 eis
1026 707 1080 752 ac-

52 790 194 878 cepimus
211 787 377 865 custodiri,
398 787 655 875 quandoquidem
671 789 768 868 moris
783 801 831 856 est
848 791 930 878 apud
941 815 995 862 eos
1015 815 1080 872 (tur-

54 925 109 968 ees
120 900 284 987 scripturas
296 923 314 962 a
326 898 510 978 doctoribus
521 910 554 962 et
569 899 790 988 osupientibus
802 899 883 968 tradi
897 901 1019 988 pueris,
1034 902 1079 966 si-

51 1008 164 1076 molet
183 1029 235 1074 eos
253 1029 332 1094 quus
350 1017 510 1096 ἀναρύσεις
532 1005 707 1095 appellant,
728 1008 767 1074 ad
784 1005 930 1077 ultimum
945 1021 1081 1096 quatuor

49 1117 109 1182 ista
140 1114 326 1192 observari,
351 1116 383 1181 id
401 1127 450 1182 est
463 1116 653 1204 principium
676 1116 823 1191 Genesis,
844 1117 875 1182 in
889 1141 952 1204 quo
970 1117 1080 1186 mundi

48 1235 191 1290 creatura
207 1222 397 1302 describitur
412 1273 421 1299 ,
435 1233 467 1288 et
481 1220 654 1288 Ezechielis
673 1219 835 1310 prophete
850 1223 1001 1312 principia
1018 1273 1027 1300 ‚
1047 1224 1079 1292 in
1141 1289 1143 1294 ,

52 1334 166 1419 quibus
180 1331 216 1398 de
233 1329 409 1398 Cherubim
424 1330 570 1406 retertur,
586 1343 619 1394 et
635 1329 730 1399 finem
745 1331 778 1396 in
796 1353 860 1419 quo
879 1330 988 1419 templi
1003 1333 1076 1399 aedi-

58 1443 158 1509 ficatio
171 1444 361 1518 continetur,
374 1451 406 1506 et
419 1442 504 1522 huno
520 1441 642 1508 Cantici
656 1441 861 1508 Contioorum
873 1441 1002 1526 librum.
1017 1443 1079 1531 lgi-

59 1566 108 1616 tur
119 1552 324 1626 necessarium
342 1551 419 1619 mihi
441 1551 581 1626 videtur,
601 1561 770 1637 antequam
783 1549 823 1614 ad
834 1573 868 1616 en
881 1575 951 1636 quae
966 1551 999 1616 in
1016 1551 1079 1617 hoc

58 1658 154 1726 liltello
166 1660 284 1748 scripta
299 1670 389 1734 sunt,
405 1657 600 1724 discutiendo
618 1658 796 1738 veniamus,
815 1658 854 1733 de
867 1681 975 1726 amore
992 1659 1078 1746 prius

53 1770 117 1857 ipso
126 1767 179 1856 qui
195 1779 243 1836 est
253 1767 415 1858 scripturae
426 1767 597 1853 ejuscuusa
608 1766 786 1855 praecipua,
799 1789 899 1854 pauca
912 1767 1079 1844 disserere,

47 1895 77 1946 ct
90 1891 163 1966 poet
176 1879 248 1944 haec
267 1879 306 1948 de
323 1877 434 1945 ordine
453 1875 607 1945 librorum
622 1874 817 1952 Solomonis,
840 1876 872 1942 in
895 1878 1008 1963 quilurs
1025 1877 1079 1945 hio

43 1986 125 2055 liber
139 1987 234 2052 tertio
249 1984 321 2058 loco
335 1985 454 2073 positus
466 1985 607 2064 videtur:
622 1996 690 2050 tum
705 1985 799 2060 etiam
813 1984 853 2062 de
869 1983 1079 2052 attitulatione

44 2093 143 2162 libelli
158 2095 273 2184 ipsius,
292 2117 350 2160 cur
365 2093 532 2174 Canticum
554 2093 758 2161 Cantioorurn
776 2094 1004 2182 superscriptus
1016 2096 1075 2160 sit:

46 2215 140 2291 utque
152 2204 248 2270 etiam
265 2201 427 2288 quomodo
442 2200 590 2267 dramatis
608 2201 641 2266 in
655 2201 786 2278 modum
798 2249 807 2276 ,
819 2213 852 2266 et
870 2214 1017 2288 tanquam
1029 2203 1078 2269 fa-

52 2311 129 2378 bula
141 2335 204 2398 quse
216 2310 249 2376 in
268 2310 368 2376 scenis
383 2331 587 2396 personarum
608 2307 827 2384 immutatione
846 2310 895 2392 ogi
914 2309 1012 2386 solet,
1029 2310 1077 2376 vi-

53 2419 234 2487 deotnresee
245 2417 448 2505 compositus.
468 2415 560 2503 Apud
577 2416 705 2480 Graecos
720 2416 849 2503 quidem
864 2414 992 2503 plurimi
1004 2439 1078 2482 eru,

46 2529 183 2592 ditorum
199 2527 339 2592 virorum
354 2523 493 2589 volentes
513 2523 699 2609 investigare
715 2523 854 2588 veritatis
872 2523 1072 2613 indaginem,

41 2637 81 2702 de
100 2635 218 2704 amoris
233 2647 345 2700 nutura
365 2630 464 2698 multa
481 2655 518 2698 uc
533 2631 654 2699 diversa
670 2631 764 2696 etiam
781 2629 977 2720 dialogorum
992 2632 1075 2720 stylo

40 2749 160 2837 scripta
188 2743 409 2834 protulerunt,
438 2753 588 2820 conantes
612 2742 776 2809 ostendere
800 2765 863 2808 non
895 2741 980 2808 aliud
1006 2767 1073 2810 osse

41 2856 158 2924 amoris
179 2854 266 2928 vim,
290 2852 348 2919 nisi
370 2874 440 2936 quae
464 2850 600 2916 enimam
625 2850 663 2914 de
687 2850 776 2916 terris
798 2851 838 2916 nd
861 2851 979 2939 fastigia
1003 2852 1073 2918 ooeli

42 2965 123 3032 odra
139 2963 312 3052 perducet,
329 2981 389 3024 nec
404 2959 443 3024 ad
465 2979 620 3027 summam
636 2981 727 3044 posse
751 2959 978 3026 beatitudinem
1001 2985 1074 3050 per-

44 3070 161 3142 veniri,
174 3068 234 3134 nisi
250 3065 364 3132 umoris
379 3063 534 3130 desiderio
551 3075 750 3150 provocante.
766 3065 830 3130 Sed
841 3079 873 3130 et
887 3057 1073 3154 quaestiones

36 3180 80 3246 de
103 3179 170 3244 boo
188 3177 276 3263 quasi
295 3175 328 3240 in
351 3172 500 3238 conviviis
519 3173 685 3259 propositae
705 3171 899 3250 referuntur,
917 3176 999 3242 inter
1019 3203 1073 3244 eos

36 3300 121 3376 puto
138 3287 222 3352 inter
245 3305 323 3371 quos
346 3303 409 3356 non
433 3279 603 3355 ciborum,
626 3281 682 3346 sed
704 3283 871 3348 verborum
893 3286 1073 3352 convivium

39 3397 219 3485 gerebatur.
236 3389 295 3458 Alii
313 3412 387 3456 vero
408 3389 503 3457 etiam
521 3400 603 3454 artes
618 3389 769 3476 quasdam
787 3391 901 3476 quibus
917 3417 1005 3460 amor
1020 3395 1072 3460 hio

35 3505 76 3572 in
94 3503 193 3570 animo
211 3499 296 3588 gigni
314 3496 362 3562 vel
378 3497 483 3584 notgeri
506 3519 597 3584 posse
613 3495 770 3570 videatur,
788 3502 980 3589 conscriptas
998 3501 1072 3568 reli-

30 3623 188 3703 querunt.
209 3607 272 3674 Sed
287 3605 343 3684 hus
356 3617 440 3670 artes
455 3602 595 3670 carnales
610 3602 754 3670 homines
768 3607 809 3672 ad
826 3608 933 3674 vitiosa
949 3611 1072 3674 deside-

26 3725 105 3798 ria,
120 3733 153 3786 et
168 3713 334 3805 culpabilis
354 3714 467 3778 amoris
483 3712 628 3799 mysteria
645 3725 815 3780 traxerunt.
839 3718 908 3782 Non
926 3741 1000 3805 ergo
1016 3719 1071 3784 nti·

26 3855 111 3898 rum
136 3829 197 3900 sit,
221 3825 244 3890 si
269 3835 301 3888 et
324 3821 407 3909 apud
425 3844 481 3887 uos
507 3821 560 3886 ubi
581 3833 699 3907 quonto
720 3821 825 3911 plures
847 3824 1069 3914 simpliciores,

26 3951 128 4007 tanto
143 3934 251 4024 plures
272 3942 303 3995 et
325 3929 531 4016 irr‘rperitiores
554 3929 718 4006 videntur,
740 3931 899 3998 dillieilern
915 3935 1070 4009 diximus,
