2744 4624
403 323 435 370 rs
458 325 592 369 essssnr
614 325 743 369 nomeu
767 326 837 369 xsu.
1094 307 1136 372 63

104 450 205 518 »lavit
225 469 346 515 nomen
365 444 428 512 loci
447 443 530 510 illius
542 441 738 533 Amplitudo,
758 443 879 518 dicens,
892 442 977 522 Quia
997 445 1139 509 nunedi·

104 591 116 624 ι
131 561 240 627 letavit
255 581 314 624 nos
330 555 503 629 Dominus,
519 565 552 619 et
570 554 656 619 auxit
671 576 729 618 nos
751 575 847 641 super
860 565 978 619 terram
987 551 1010 617 ¹.
1029 552 1139 619 »Vere

103 672 191 736 enim
207 667 354 733 dilatatus
369 676 419 730 est
434 663 537 738 lsaao,
553 674 585 728 et
600 675 729 729 suetum
743 674 792 728 est
815 685 931 729 nomeu
953 663 1022 750 ejus
1044 686 1140 752 super

106 785 239 851 terram,
255 799 327 843 eum
341 771 529 862 adimplevit
544 773 576 837 in
590 773 680 838 nobis
694 772 858 839 seientiam
865 772 1036 838 Trinitatis.
1046 772 1140 838 Tune

109 887 192 952 enim
209 897 329 950 tantum
344 884 378 949 in
393 881 506 948 Judaea
522 894 615 948 notus
630 894 698 948 erat
713 881 797 946 Deus
807 879 832 956 ²,
848 893 881 946 et
897 881 929 946 in
943 880 1038 946 lsrael
1053 903 1140 970 mag·

108 1018 181 1060 num
203 993 411 1080 nomenoius
436 991 672 1065 nominabatur,
690 1013 776 1057 nune
798 1002 904 1055 autem
930 990 992 1054 sin
1010 1012 1140 1055 omnem

105 1115 248 1168 »terram
264 1100 363 1166 exivit
380 1122 476 1164 sonus
491 1122 616 1172 eorum,
636 1111 669 1162 et
690 1100 727 1164 in·
738 1098 818 1164 lines
832 1098 917 1165 orbis
933 1110 1024 1165 terrae
1043 1100 1138 1164 verba

102 1233 243 1277 seorsim
253 1209 279 1274 ⁸.
294 1237 308 1271 s
324 1209 444 1273 Euntes
458 1206 545 1272 enim
561 1207 650 1295 pueri
665 1207 753 1273 lsaao
766 1230 825 1295 per
836 1208 1016 1273 universum
1029 1209 1141 1273 orbem

106 1331 199 1384 terrae
215 1318 368 1384 foderunt
382 1329 507 1406 puteos,
523 1327 556 1380 et
571 1337 686 1403 aquam
706 1317 811 1381 vivam
826 1318 975 1382 omnibus
994 1316 1142 1404 ostendo·
1218 1363 1222 1369 -

107 1439 198 1502 runt,
216 1427 434 1513 «baptizantes
444 1447 555 1491 omnes
566 1436 676 1513 gentes
690 1424 723 1488 in
740 1423 868 1488 nomine
881 1423 995 1498 Patris,
1007 1435 1039 1489 et
1054 1423 1139 1498 Filii,

115 1561 129 1596 ι
145 1545 179 1597 et
194 1533 334 1620 Spiritus
353 1535 447 1600 uncti
457 1533 478 1596 ⁸.
498 1531 627 1598 Domini
642 1535 734 1598 enim
747 1546 795 1598 est
809 1544 905 1607 terra,
928 1545 960 1596 et
977 1531 1141 1620 plenitudo

116 1640 250 1728 aojas‘.
265 1670 280 1704 r
295 1689 304 1706 .
520 1642 665 1731 Denique
679 1641 725 1707 vis
741 1641 846 1707 videre
863 1665 945 1707 unus
958 1665 1039 1730 puer
1054 1643 1141 1708 lsaao

111 1762 249 1837 quantos
264 1761 378 1838 puteos
397 1751 527 1816 interra
548 1749 795 1839 alienigenarum
813 1749 951 1815 foderit?
966 1749 1046 1816 Vide
1063 1750 1143 1816 Pan·

110 1858 192 1933 lum,
213 1860 267 1946 qui
293 1859 332 1924 ad
353 1857 551 1926 Hierusalem
577 1860 610 1924 in
632 1859 768 1924 oirouitu
790 1881 888 1945 usque
910 1859 951 1924 ad
979 1858 1141 1946 lllyrieum

106 1966 240 2056 replevit
266 1967 472 2056 Evangeliunr
494 1967 588 2032 neit
608 1967 673 2033 Sed
694 1989 752 2055 per
774 1965 911 2056 singulos
936 1968 1011 2034 istos
1029 1981 1142 2057 puteos

106 2074 346 2162 persecutiones
363 2095 473 2162 passus
489 2085 537 2138 est
554 2072 802 2139 philistinorum.
817 2073 901 2139 Audi
915 2074 1021 2162 ipsum
1036 2074 1142 2142 ‹lieen-
1159 2067 1165 2081 ⁸

106 2195 172 2249 tem
188 2207 197 2248 a
219 2183 372 2263 sQuanta
389 2183 467 2249 mihi
483 2183 666 2250 aeciderunt
680 2181 794 2256 leonii,
810 2182 930 2269 Lystris
941 2181 990 2258 ⁷,»
1007 2197 1143 2272 quanta-

113 2293 147 2355 in
159 2291 308 2378 Epheso?
327 2293 462 2372 Quoties
486 2315 585 2358 oaesus
605 2305 638 2356 et
656 2293 780 2378 quoties
798 2289 953 2379 lapidatus
972 2295 1044 2359 esti
1060 2318 1143 2381 quo-

112 2399 172 2462 ties
181 2402 332 2487 pugnavit
341 2402 382 2466 ad
396 2399 536 2466 bestias?
549 2399 613 2464 Sed
623 2401 795 2488 permansit
809 2424 973 2490 usquequo
988 2404 1087 2468 exiret
1101 2405 1144 2468 ad

106 2506 322 2585 latitudinem,
341 2511 372 2576 id
394 2523 455 2586 ast,
481 2531 645 2598 usquequo
663 2511 695 2575 in
716 2511 813 2574 totius
827 2511 913 2574 orbis
929 2522 1020 2574 terrae
1034 2509 1143 2575 latito-

105 2615 181 2680 dine
199 2615 351 2692 eeclesias
368 2617 550 2685 collocaret.
569 2617 622 2683 Sia
640 2641 715 2706 orgo
740 2619 827 2707 putei
844 2640 923 2706 quos
945 2617 1024 2683 sodis
1045 2619 1144 2685 Abra·

103 2721 197 2797 ham,
220 2723 255 2786 id
279 2735 341 2799 est,
360 2724 533 2815 Scripturas
557 2726 670 2790 veteris
696 2724 902 2801 Testamenti,
932 2724 1042 2813 repleti
1071 2739 1145 2791 sunt

106 2841 190 2895 terra
206 2854 226 2896 a
243 2831 428 2909 philistinis,
447 2835 511 2899 sive
527 2858 544 2898 a
559 2832 650 2898 malis
666 2834 862 2908 doctoribus,
879 2833 998 2901 Scribis
1017 2847 1050 2899 et
1064 2835 1144 2900 Pha-

107 2941 222 3016 risaeis,
238 2942 313 3006 sive
335 2943 429 3008 etiam
453 2942 638 3008 adversariis
660 2944 868 3031 potestatibus
899 2966 907 3007 ε
934 2954 966 3008 et
988 2945 1143 3010 obturatae

103 3063 180 3115 sunt
195 3073 313 3116 eorum
327 3073 427 3127 venae,
439 3074 479 3118 ne
494 3064 604 3140 potum
620 3051 782 3141 praebeant
798 3050 847 3116 his
862 3051 966 3137 quiex
980 3051 1143 3118 Abraham

103 3171 189 3224 sunt.
213 3159 290 3225 Non
312 3161 398 3226 enim
419 3159 554 3249 populus
570 3159 623 3226 ille
643 3161 753 3225 bibere
769 3168 873 3247 potest
894 3158 933 3223 de
956 3158 1141 3247 Scripturis,

104 3267 161 3332 sed
183 3269 274 3333 sitim
296 3270 416 3356 patitur
430 3270 516 3336 verbi
532 3269 603 3345 Dei,
623 3268 726 3334 donee
743 3269 845 3334 veniat
859 3268 959 3344 Isaac,
975 3281 1007 3334 et
1022 3270 1142 3356 aperiat

107 3397 159 3438 ess
177 3387 213 3440 ut
231 3377 350 3442 bibant
364 3379 452 3466 pueri
469 3379 528 3443 sui.
547 3376 655 3442 Gratia
671 3399 746 3465 ergo
769 3375 834 3441 lilio
851 3376 986 3442 Abrabae
1004 3376 1143 3452 Christo,

114 3479 155 3543 de
165 3506 223 3569 quo
237 3483 399 3571 scriptum
414 3497 483 3550 est:
501 3513 514 3546 ι
529 3486 625 3551 Liber
640 3485 851 3573 generationis
866 3485 943 3550 Jesu
956 3485 1073 3550 Christi
1088 3485 1144 3550 lilii

110 3613 125 3647 ι
142 3587 251 3667 David,
272 3589 333 3657 lilii
351 3591 547 3667 Abraham⁸,
559 3621 572 3654 ι
585 3593 639 3679 qui
657 3593 741 3658 vonit
760 3606 792 3657 et
816 3593 939 3682 aperuit
959 3595 1051 3659 nohis
1081 3619 1142 3684 pu-

106 3709 183 3764 teos.
202 3701 295 3788 lpsos
311 3702 399 3766 enim
414 3701 576 3789 aperiebat
590 3698 650 3766 illis
666 3701 720 3788 qui
735 3701 884 3767 dicebant
903 3725 911 3765 ι
930 3701 1070 3768 «Nonne
1086 3724 1143 3767 eor

138 3859 148 3894 ¹
159 3863 226 3912 Gen.
238 3879 311 3922 mr,
325 3879 406 3914 η-
415 3862 426 3896 ¹
435 3864 500 3914 Psal.
514 3878 585 3922 sxxs,
600 3879 618 3910 ι.
629 3861 679 3900 -³
692 3862 757 3911 l‘sal.
775 3847 1144 3920 xs111,5.-⁴lllatth·xsrrn,

104 3935 290 3997 19.-⁵1²u1.
309 3951 383 3998 sarar,
398 3953 418 3986 ι.
430 3963 461 3976 --
473 3939 483 3972 ⁶
495 3937 570 3987 hom.
581 3951 622 3996 xv,
639 3952 675 4001 ¹9·
684 3963 714 3973 —
724 3935 733 3968 ⁷
745 3953 759 3986 s
770 3937 837 3986 Τίιιι.
849 3953 888 3996 ιιι,
903 3950 939 3984 ιι.
953 3959 985 3974 -·
995 3933 1005 3968 ⁸
1015 3933 1107 3984 hlatth.
1120 3952 1135 3981 ι.
