2744 4624
258 259 299 322 58
697 279 840 321 catenara

257 397 342 486 quod
355 397 432 462 abiit
444 397 639 484 interrogare
651 395 823 461 Dominum
838 418 846 458 :
862 402 932 483 quoa
951 395 999 479 (at
1011 393 1159 485 diximus)
1173 397 1284 462 abiisse

255 529 320 572 non
337 507 478 594 passibus
498 499 629 594 pedum,
652 507 707 570 sed
731 504 845 568 ruentia
865 503 1060 593 profectibus
1080 507 1284 572 existimanda

256 626 313 681 est.
334 616 374 679 Et
395 625 430 677 tu
445 637 533 702 ergo,
554 614 578 678 si
599 612 733 702 aceperis
753 612 868 677 intueri
892 636 956 678 uon
975 637 1013 678 ea
1035 635 1105 700 quas
1125 614 1285 692 videntur,

256 723 312 789 sed
323 745 393 809 quae
407 723 644 796 uonaidentur,
661 723 692 787 id
708 734 769 796 est,
785 744 849 786 non
865 719 1015 795 carnalia,
1029 723 1086 788 sed
1100 722 1283 810 spiritualia,

255 853 319 896 nou
339 833 516 925 praeseutia,
533 831 589 896 sed
607 831 730 903 futurae
749 831 863 895 abiisse
878 831 992 896 diceris
1011 831 1207 921 interrogare
1221 832 1287 897 Do-

230 955 234 962 “
255 939 388 1007 minum.
406 939 440 1004 Si
456 962 548 1004 eruas
563 950 594 1002 te
609 939 650 1003 de
665 939 904 1005 conversatione
922 939 1033 1014 veteri,
1047 952 1079 1004 et
1094 963 1110 1003 a
1126 940 1287 1006 consortio

254 1071 366 1114 eorum
381 1071 456 1114 cum
475 1048 589 1136 quibus
606 1049 739 1136 turpiter
753 1060 786 1112 et
800 1046 983 1113 notabiliter
999 1048 1132 1122 vixeras,
1145 1047 1287 1114 honestis

254 1181 328 1223 vcro
346 1170 377 1222 te
396 1180 434 1223 aa
454 1155 605 1245 religiosis
625 1158 749 1224 actibus
771 1157 891 1228 socies3
913 1179 987 1222 cum
1003 1156 1174 1243 requisitus
1192 1157 1288 1223 lucris

254 1267 337 1332 iuter
351 1263 472 1332 sodales
495 1265 712 1353 turpitudinis,
728 1276 761 1330 et
778 1265 811 1329 iu
827 1265 959 1330 catervis
975 1265 1144 1329 noxiorum
1163 1288 1286 1352 nequa-

254 1397 349 1460 quam
371 1373 467 1438 fueris
488 1385 644 1461 repertus,
661 1374 785 1438 dicetur
800 1383 832 1438 ct
847 1372 887 1438 dc
904 1383 948 1446 te,
964 1372 1038 1460 quia
1055 1373 1133 1438 abiit
1149 1373 1288 1439 iuterro-

253 1505 327 1571 gare
342 1480 526 1548 Dominum.
552 1479 606 1547 Sic
627 1481 723 1568 igitur
746 1480 846 1546 sancti
868 1480 990 1545 nonde
1013 1478 1085 1547 loco
1108 1482 1148 1546 ad
1164 1479 1287 1559 locum,

254 1589 309 1656 sed
320 1587 360 1654 da
372 1589 433 1654 vita
448 1589 488 1654 ad
501 1589 609 1664 vitam,
623 1588 663 1654 de
675 1588 826 1655 institutis
840 1588 950 1676 primis
961 1588 1081 1654 abeunt
1093 1588 1134 1655 ad
1145 1589 1286 1656 instituta

253 1701 386 1788 potiora.
501 1779 505 1786 Ι
817 1699 823 1715 ’

296 1809 382 1874 Dixit
396 1832 471 1896 ergo
488 1809 516 1874 ci
533 1808 687 1876 Dominus
706 1833 714 1874 :
734 1809 836 1876 «Duae
850 1821 960 1898 gentes
975 1810 1008 1874 iu
1025 1821 1116 1874 utero
1131 1820 1184 1875 tuo
1195 1820 1280 1884 sunt,

254 1929 314 1980 »et
335 1916 399 1982 duo
423 1916 531 2005 populi
553 1917 720 1984 daventre
743 1929 800 1984 tuo
814 1919 1074 2009 segregabuntur.
1096 1920 1136 1983 Et
1150 1915 1284 2006 populus

257 2055 270 2089 ι
285 2025 440 2115 populum
456 2028 631 2115 superabit,
645 2039 676 2094 et
692 2029 794 2117 major
810 2030 923 2094 serviet
938 2026 1083 2094 minori'.
1098 2055 1111 2089 r
1126 2026 1295 2106 Quomodo

254 2133 390 2222 populus
406 2133 559 2222 populum
574 2137 781 2223 superaverit,
794 2135 827 2200 id
841 2147 902 2211 est,
914 2133 1055 2201 Ecclesia
1072 2133 1286 2222 synagogam,

253 2249 285 2304 et
296 2240 458 2326 quomodo
481 2243 583 2330 major
598 2244 713 2308 serviat
728 2243 856 2320 minori,
867 2245 963 2310 otiam
981 2243 1056 2332 ipsis
1075 2240 1193 2308 Judaeis
1211 2239 1289 2306 licet

255 2371 319 2413 nou
335 2349 538 2417 credentibus
553 2364 665 2418 notum
677 2365 735 2418 est.
749 2352 797 2418 Dc
809 2353 857 2418 his
869 2377 945 2443 ergo
957 2375 1027 2441 quce
1037 2349 1143 2439 palam
1156 2362 1243 2426 sunt,
1256 2361 1290 2414 et

251 2453 342 2521 valde
354 2457 501 2528 omnibus
518 2459 602 2533 trita,
619 2459 725 2525 dicere
740 2461 937 2549 superfluum
954 2472 1041 2548 puto.
1058 2457 1140 2524 lllud
1160 2459 1204 2545 (si
1217 2459 1290 2548 pla-

251 2577 338 2652 ceat)
353 2567 520 2641 addamus,
536 2566 623 2654 quod
636 2590 894 2653 unumquemque
906 2577 1064 2639 nostrum,
1077 2569 1131 2652 qui
1147 2567 1218 2633 hoec
1229 2591 1290 2633 au-

251 2671 309 2747 dit,
327 2673 484 2738 aedisrcare
499 2683 531 2735 et
546 2673 701 2736 instruere
716 2683 821 2759 queat.
837 2674 903 2761 Ego
919 2682 996 2759 puto
1010 2671 1098 2758 quod
1113 2684 1145 2736 et
1162 2674 1201 2738 de
1220 2676 1291 2740 sin-

251 2779 331 2866 gulis
346 2779 437 2844 nobis
453 2779 515 2842 boc
533 2777 595 2842 dici
610 2789 730 2866 potest:
742 2779 815 2864 quia
832 2777 903 2843 duta
921 2791 1029 2868 gentes
1048 2790 1081 2843 et
1096 2777 1160 2843 duo
1175 2783 1290 2866 populi

252 2887 333 2952 intra
351 2895 510 2952 nossent.
534 2885 614 2950 Nam
629 2897 661 2949 et
677 2886 829 2952 virtutum
848 2885 983 2976 populus
998 2887 1081 2953 iutra
1102 2909 1160 2953 nos
1174 2897 1236 2961 est,
1253 2901 1291 2954 ot

252 2995 400 3060 vitiorum
411 2991 615 3059 nihilominus
626 2993 760 3082 populus
771 2995 853 3060 intra
867 3019 923 3062 nos
933 3007 981 3061 est
992 3019 1000 3061 :
1013 2997 1078 3062 «De
1091 2995 1188 3063 corde
1200 2996 1291 3064 cuim

252 3132 265 3165 ι
280 3121 391 3167 nostro
408 3103 586 3190 procedunt
597 3103 803 3192 cogitationes
822 3103 925 3180 melae,
940 3103 1217 3194 adulterimlurte,
1229 3103 1292 3169 lal-

252 3233 313 3275 »sa
328 3208 647 3288 testimonio¹,rdoli,
661 3212 892 3288 contentiones,
910 3213 1057 3287 haereses,
1074 3212 1212 3287 invidiae,
1230 3235 1289 3278 co-

253 3320 470 3396 messationes,
483 3333 515 3386 et
526 3321 575 3388 his
586 3321 708 3388 similia.
724 3321 818 3390 Vides
830 3336 967 3411 quantus
979 3321 1136 3388 malorum
1149 3321 1289 3412 populus

253 3430 335 3494 intra
350 3451 408 3494 nos
420 3431 485 3494 estl
502 3429 536 3494 Si
552 3453 625 3495 vero
638 3453 817 3498 mereamur
831 3430 918 3498 illam
934 3455 1043 3498 vocem
1056 3433 1162 3499 dicere
1176 3444 1289 3498 sancto

255 3537 385 3626 Spiritui
403 3562 411 3603 τ
431 3565 443 3598 ι
457 3539 483 3604 A
500 3539 612 3604 timore
627 3549 697 3615 tuo,
711 3541 858 3615 Domine,
872 3543 903 3606 in
921 3552 1010 3605 utero
1024 3541 1242 3628 concepimus,
1255 3553 1291 3606 et

254 3677 267 3711 r
280 3647 476 3736 peperimus;
492 3647 635 3736 spiritum
648 3648 756 3714 salutis
768 3661 831 3715 tuae
842 3649 974 3716 lecimus
986 3672 1081 3737 super
1092 3647 1226 3713 terram¹
1242 3670 1250 3711 t
1267 3676 1281 3710 ιι

254 3771 331 3824 tuuc
345 3767 378 3821 ct
393 3754 471 3822 alius
488 3757 568 3822 intra
585 3779 643 3822 nos
655 3756 789 3846 populus
810 3759 966 3824 invenitur
982 3759 1013 3822 iu
1031 3756 1143 3844 spiritu
1159 3777 1290 3844 gonera-

287 3881 375 3933 1ιιοιι.
389 3899 445 3943 ιιι,
459 3901 497 3932 aa.
511 3913 540 3922 -
552 3883 562 3916 ²
573 3885 664 3936 bluttb.
679 3903 720 3946 ιι,
736 3904 774 3952 19,
788 3897 815 3936 ct
826 3887 880 3936 Gal.
894 3904 917 3946 r,
932 3901 972 3936 ro.
982 3883 1030 3921 -i
1048 3883 1105 3934 lsai.
1118 3899 1187 3943 sarr,
1201 3883 1240 3934 ιθ.
