2604 4614
253 319 285 362 nv
310 319 470 362 crnrrcnu
495 317 697 363 csnvrconun
723 321 883 364 rnononns.
1018 301 1078 386 571

52 463 166 527 raqne,
188 452 222 505 et
242 440 380 526 species,
403 453 435 505 et
455 439 570 529 figuras
592 438 785 528 singulorum
807 465 933 530 quoquo
948 443 1083 509 edocere

54 550 214 615 dictorum
237 571 245 611 :
267 569 360 635 quant
385 549 492 635 utique
512 546 726 636 disciplinam,
753 572 814 614 non
841 561 906 616 tem
928 552 1082 637 separari,
1178 587 1183 602 ·

55 681 152 744 quam
176 655 267 721 inseri
284 654 405 720 cureris
427 655 576 723 convenit
593 667 625 718 et
648 655 753 722 intexi.
772 654 896 721 Moralis
912 669 1017 722 eutem
1035 659 1085 724 di·-

57 763 141 827 citur
157 783 316 850 perquam
338 783 407 825 mos
421 759 545 825 vivendi
565 759 714 826 honestus
729 771 871 850 aptatur,
892 773 924 826 et
944 763 1083 830 instituta

57 873 97 937 ad
117 872 261 936 virtutem
284 869 446 936 tendentia
469 881 693 959 properentur.
715 869 869 936 Naturalis
890 871 1005 938 dicitur
1030 876 1084 940 ubi

58 979 300 1065 uniuscujusque
317 978 362 1042 rei
383 990 495 1043 natura
518 978 704 1053 discutitur,
723 1001 786 1064 quo
802 977 879 1044 nibil
897 992 1008 1054 contra
1027 1005 1085 1048 ua-

52 1101 154 1152 turam
172 1098 302 1174 geratur
318 1087 350 1152 in
367 1086 447 1162 vita,
463 1087 519 1152 sed
534 1085 782 1175 unumquodque
796 1087 851 1152 his·
866 1089 971 1156 usibus
988 1090 1084 1180 dopu-
1182 1154 1186 1162 ,

49 1194 472 1280 tetur,iuquosaC1eatore
487 1195 676 1282 productum
689 1211 745 1259 est.
763 1190 937 1283 lns'pectiva
952 1198 1079 1275 dicitur,

53 1327 115 1390 qua
135 1302 324 1390 supergressi
345 1297 493 1376 visibilia,
516 1302 557 1366 de
576 1300 688 1366 divinis
707 1300 826 1390 uliquid
846 1315 879 1368 et
902 1304 1081 1372 coelestibus

60 1406 325 1496 contemplemur,
341 1431 442 1496 eaque
459 1407 644 1474 solamente
661 1410 833 1486 intuemur,
850 1413 999 1498 quonism
1013 1437 1083 1480 nor·
1166 1425 1169 1432 ’
1243 1397 1247 1404 ’

59 1539 182 1605 porcum
197 1518 477 1606 supergrediuntur
497 1529 668 1605 aspectum.
686 1518 760 1584 llaeo
773 1542 849 1607 ergo
859 1569 874 1595 ,
886 1534 921 1584 ut
935 1521 1013 1600 mibi
1032 1523 1079 1587 vi-

57 1625 160 1698 detur,
188 1625 344 1713 sapientes
365 1625 482 1712 quique
497 1625 680 1689 Graecorum
703 1637 825 1713 sumpta
853 1626 1079 1706 uSnlomone,

59 1743 160 1821 utpote
180 1733 235 1820 qui
256 1743 347 1796 etate
363 1744 400 1796 et
416 1730 663 1820 ternporelonge
680 1743 752 1797 ante
768 1732 851 1821 ipsos
870 1735 956 1822 prior
971 1757 1008 1801 ea
1026 1759 1082 1824 per

53 1842 106 1906 Dei
123 1841 268 1929 spiritum
287 1841 464 1915 didicisset,
480 1852 629 1928 tanquam
647 1841 772 1929 propria
791 1841 916 1909 inventa
937 1844 1080 1932 protule-

46 1959 142 2021 runt,
161 1958 194 2010 et
214 1944 447 2010 institutionum
469 1967 597 2010 suarum
615 1942 827 2010 voluminibus
850 1949 1078 2036 comprehensa

45 2058 180 2148 posteris
201 2057 352 2122 tradenda
371 2055 535 2144 reliquere.
558 2054 620 2120 Sed
643 2053 730 2131 baeo,
754 2068 789 2119 ut
812 2057 965 2134 diximus,
987 2061 1079 2127 Solo-

46 2189 123 2234 mon
141 2177 216 2232 ante
236 2184 345 2230 omnes
366 2165 500 2239 invenit,
525 2176 557 2228 et
577 2162 685 2228 docuit
703 2185 760 2252 per
777 2165 960 2253 sapientiam
982 2192 1081 2255 quam

46 2276 198 2363 accepite
213 2276 299 2349 Deo,
312 2273 394 2340 sicut
408 2273 560 2359 scriptum
575 2282 624 2336 est
640 2293 674 2334 :s
689 2271 728 2334 Et
742 2270 830 2335 dedit
845 2272 929 2336 Deus
942 2273 1078 2360 pruden-

50 2385 147 2449 stiam
161 2383 341 2458 Salomoni,
356 2394 389 2446 ct
407 2379 591 2468 sapientium
608 2378 740 2445 mulsam
762 2377 872 2455 valdo,
886 2393 918 2446 et
934 2379 1075 2448 latitudi-

44 2515 142 2558 »nem
157 2492 261 2557 cordis
276 2493 357 2556 siout
371 2511 497 2555 arenam
513 2509 582 2575 quet
597 2500 645 2552 est
661 2488 700 2552 ad
716 2509 804 2552 oram
820 2489 932 2564 maris,
950 2501 981 2554 et
996 2489 1075 2556 mul-

40 2599 206 2689 ·tiplicatu
228 2611 276 2664 est
294 2600 325 2664 in
351 2621 389 2662 eo
411 2597 561 2686 supientia
584 2619 678 2683 super
699 2617 808 2660 omnes
831 2598 973 2684 antiquos
993 2598 1073 2665 lilios

36 2709 253 2783 »hominum
269 2719 301 2772 et
315 2729 409 2795 super
423 2727 532 2771 omnes
552 2704 704 2792 sapientes
721 2702 875 2792 AEgypti¹.
896 2732 909 2765 s
923 2703 1072 2773 Salomon

35 2839 115 2906 ergo
132 2829 200 2881 tres
214 2817 304 2891 istus,
320 2837 397 2903 quus
413 2837 506 2902 supra
522 2813 657 2877 diximus
672 2809 831 2900 generales
849 2833 917 2876 esse
933 2812 1071 2902 discipli-

35 2947 112 3002 nas,
125 2925 232 3001 idest,
246 2921 413 2999 moralem,
426 2919 600 2987 naturalem
612 2919 870 3007 etinspectivum,
881 2893 1071 3008 distinguerb

36 3031 236 3097 abinvicem
256 3053 291 3095 ac
311 3049 474 3093 secernere
492 3025 617 3100 volens,
634 3025 734 3090 tribus
753 3045 806 3092 eas
825 3021 937 3089 libellis
953 3026 1068 3103 edidit,

29 3159 97 3201 suo
123 3157 255 3224 quoque
276 3135 385 3198 ordine
410 3129 537 3220 singulis
563 3141 792 3216 consequenter
817 3129 937 3217 aptatis.
963 3130 1068 3198 Primo

22 3267 112 3332 ergo
134 3245 168 3309 io
189 3242 363 3309 Proverbiis
386 3237 538 3305 moralem
561 3237 668 3307 docuit
683 3237 807 3311 locum,
830 3237 997 3303 succinctis
1019 3239 1075 3338 (ut

26 3351 168 3438 decuit)
194 3350 405 3435 brevibusque
428 3345 588 3412 sententiis
612 3344 681 3408 vite
701 3343 841 3408 instituta
860 3367 1063 3433 componens.
1152 3437 1153 3440 Ἴ

17 3457 216 3524 Secum
230 3477 301 3522 vero
312 3477 400 3543 ,que
413 3451 560 3520 naturalis
574 3449 766 3540 appellatur,
781 3451 1018 3539 comprehcndit
1032 3456 1064 3521 iu

12 3566 223 3632 Ecclesiaste
242 3587 251 3631 ε
269 3563 301 3629 in
318 3586 381 3651 quo
398 3561 496 3629 multa
516 3562 554 3627 de
572 3562 666 3625 rebus
684 3556 877 3624 naturalibus
893 3560 1061 3636 disserens,

4 3687 52 3741 et
76 3675 185 3740 inania
203 3695 240 3740 ac
259 3695 336 3738 vona
354 3674 393 3738 ab
410 3670 537 3736 utilibus
553 3667 797 3754 necessariisque
812 3689 994 3743 secernens,
1012 3693 1062 3732 re-

4 3779 239 3867 linquendam
257 3777 424 3844 venitatem
442 3787 566 3849 monet,
586 3786 618 3838 et
636 3771 721 3837 utilia
739 3784 886 3858 recteqrre
902 3775 1058 3840 metanda.

52 3930 65 3962 ¹
84 3937 99 3980 3
115 3935 178 3993 lieg.
191 3947 231 3992 ιν,
246 3947 290 3993 29,
301 3929 341 3980 30.
