2660 4610
307 284 339 330 nv
363 285 523 329 οιιιιιθυιι
549 284 751 328 osuuvconuu
775 287 835 327 ιιιι.
863 287 898 328 ιι.
1049 264 1114 342 tto

75 407 179 480 srael.
196 419 229 472 et
246 403 345 470 voluit
360 427 435 470 oum
451 426 637 492 permanere
656 404 689 470 in
707 416 881 480 aeternum,
899 404 1002 493 posuit
1019 418 1049 469 te
1069 426 1116 468 re-

75 542 171 606 »gem
184 537 277 603 super
291 535 365 589 eos,
379 525 414 578 ut
429 512 525 578 facias
540 513 696 600 judicium
708 537 782 580 cunr
794 514 933 601 justitia,
946 526 978 578 et
994 513 1116 600 judices

78 649 166 690 aeos.
190 625 230 689 Et
251 621 337 686 dedit
364 620 525 687 Salomoni
549 633 679 686 centum
702 621 810 709 viginti
835 620 951 686 talenta
974 621 1061 697 auri,
1085 631 1118 684 et

81 732 306 822 nodoramenta
315 727 414 794 multa
427 726 534 802 valde,
547 739 579 792 et
590 726 727 816 lapidem
743 728 934 815 preciosum.
947 729 1118 814 Nunquam

82 838 175 906 »talia
190 849 343 904 venerunt
360 836 584 910 odoramenta,
602 857 661 902 nec
678 835 709 900 in
726 847 811 902 tanta
830 834 1032 902 multitudine
1048 859 1118 924 quae

82 949 186 1016 ‚dedit
195 946 313 1034 Regina
325 945 409 1010 Saba
425 945 488 1033 regi
499 942 691 1008 Salomoni¹.
708 946 819 1010 »Hanc
836 956 942 1009 autem
954 943 1119 1010 historiam

78 1055 172 1145 paulo
185 1053 278 1120 latius
293 1065 436 1142 repetere
452 1051 608 1118 voluimus
619 1101 628 1128 ,
639 1064 673 1116 et
689 1052 828 1118 inserere
842 1053 918 1118 huie
933 1053 1120 1141 expositioni

78 1176 212 1240 nostrae,
226 1163 361 1228 scientes
377 1161 409 1226 in
426 1171 550 1226 tantum
567 1160 737 1226 convenire
752 1158 820 1226 haec
832 1159 872 1224 ad
887 1183 1055 1249 personam
1071 1182 1121 1225 ee·
1229 1217 1236 1226 ,

79 1272 182 1339 clesiae
196 1293 267 1358 quae
281 1292 320 1334 θιι
334 1269 481 1357 gentibus
495 1267 579 1334 veuit
591 1269 629 1333 ad
642 1267 824 1342 Christum,
838 1281 873 1331 ut
889 1269 955 1356 ipse
968 1269 1123 1333 Dominus

81 1382 115 1446 in
127 1375 304 1466 Evangeliis
315 1376 443 1466 Reginae
455 1375 550 1463 hujus
564 1374 681 1440 laceret
697 1375 911 1451 mentionem,
925 1375 1033 1440 dicens
1051 1399 1122 1440 eam

85 1488 202 1554 venisse
217 1511 234 1552 a
254 1483 370 1550 linibus
387 1496 496 1558 terrae,
515 1495 548 1546 ut
562 1483 685 1548 audiret
703 1483 887 1571 sapientiam
908 1480 1087 1549 Salomonis
1098 1483 1120 1547 ².

88 1595 192 1662 Austri
207 1605 311 1660 autem
327 1592 468 1680 reginam
487 1591 564 1658 dicit
579 1613 671 1666 eam,
688 1614 746 1680 pro
760 1614 799 1656 eo
815 1591 902 1679 quod
916 1585 1073 1680 AEthiopia
1088 1592 1121 1656 in

89 1701 195 1770 Austri
213 1700 353 1788 partibus
370 1700 491 1788 jaceat,
507 1711 572 1764 eta
591 1697 707 1764 linibus
731 1710 821 1764 terrae
845 1699 932 1785 quasi
954 1700 986 1763 in
1010 1698 1121 1764 ultimo

86 1810 197 1898 posita.
219 1807 399 1874 invenimus
420 1818 527 1872 autem
546 1805 642 1893 hujus
664 1806 761 1893 ipsius
783 1799 898 1894 reginae'
920 1807 1015 1871 etium
1035 1806 1121 1872 ‹lose-

83 1918 183 2006 phum
208 1917 240 1980 in
261 1914 392 1981 historia
411 1937 466 1980 sua
482 1913 586 1979 lacere
602 1914 815 1988 mentionem,
837 1913 1006 1980 addentem
1025 1915 1122 1980 etiam

82 2024 165 2100 hoc,
183 2023 270 2111 quod
289 2033 493 2110 posteaquam
510 2043 650 2108 regressa
669 2021 873 2109 est,‚inquit,
896 2045 913 2086 a
931 2021 1121 2097 Salomone,

86 2131 258 2219 Cambyses
287 2153 340 2196 rex
356 2130 487 2194 miratus
510 2130 579 2215 ejus
595 2128 800 2215 sapientiam,
818 2153 914 2215 quam
936 2130 1003 2194 sine
1026 2131 1123 2195 dubio

84 2263 124 2306 cx
139 2237 316 2306 Salomonis
334 2236 485 2326 sapientia
508 2248 706 2322 susceperat,
727 2237 979 2324 cognominavit,
1000 2238 1121 2325 inquit,

86 2369 201 2412 nomeu
217 2347 287 2434 ejus
302 2345 441 2409 llleroeu.
456 2343 564 2410 llelert
577 2355 682 2408 autem
695 2343 780 2429 quod
798 2366 860 2408 uon
877 2342 979 2408 solum
999 2344 1124 2410 AEthio-

83 2455 162 2544 piae,
193 2454 247 2518 sed
273 2465 306 2517 et
330 2452 456 2540 AEgypti
486 2472 618 2538 regnum
646 2450 792 2515 tenuerit.
824 2449 986 2516 Addemus
1018 2465 1125 2518 autem

83 2563 191 2630 adhuc
207 2573 238 2626 et
253 2583 290 2625 ea
313 2583 382 2647 quae
399 2560 432 2623 in
448 2559 641 2646 sexagesimo
659 2559 793 2646 septimo
810 2557 930 2645 psalmo
946 2558 985 2624 de
1001 2559 1061 2625 hac
1076 2584 1127 2626 ea-

82 2672 159 2738 dem
181 2670 283 2736 lorma
305 2665 518 2734 continentur.
544 2665 597 2732 Ait
618 2690 694 2754 ergo
714 2667 757 2731 ibi
780 2691 788 2733 :
815 2667 995 2756 «Disperge
1018 2682 1127 2757 gentes

83 2801 179 2869 nqnae
195 2776 277 2844 bella
292 2775 422 2850 volunt,
438 2786 471 2839 et
485 2774 612 2840 veniant
630 2773 723 2862 legati
739 2799 777 2840 ex
793 2774 949 2864 AEgypto,
967 2776 1126 2866 AEthiopia

81 2886 278 2977 »praeveniet
301 2907 413 2951 manus
436 2885 504 2971 ejus
527 2883 604 2947 Deo.
631 2883 738 2972 Regna
768 2895 859 2948 terrae
883 2896 1008 2948 cantate
1031 2886 1124 2961 Deo,

81 2994 233 3086 »psallite
247 2991 412 3060 Domino⁸.
432 3019 444 3050 v
465 2992 519 3055 Est
535 2989 639 3056 adhuc
651 3001 765 3077 quarto
780 2991 811 3055 iu
826 2989 897 3056 loco
910 2992 995 3080 apud
1006 2993 1127 3082 Sopho·

79 3106 174 3172 niam
189 3100 375 3190 prophetam
393 3098 432 3163 de
448 3098 508 3163 hac
520 3096 630 3163 eadem
648 3097 748 3185 ligura
765 3097 827 3163 hoc
840 3099 935 3164 modo
947 3100 1100 3190 scriptum
1116 3126 1125 3167 ι

89 3240 106 3272 ι
118 3213 291 3299 Propterea
302 3207 421 3274 sustine
438 3229 488 3272 me
505 3205 604 3290 (dicit
620 3205 798 3294 Dominus)
813 3205 909 3272 indie
925 3211 1128 3275 resurrectio·

83 3320 162 3384 »nis
181 3341 278 3392 meae,
300 3317 332 3381 in
354 3313 526 3402 martyrio,
547 3313 600 3378 lanc
618 3325 680 3387 est,
705 3313 736 3377 iu
753 3310 958 3389 testimonio,
977 3318 1128 3404 quoniam

83 3425 266 3516 »judicium
283 3445 389 3490 mcum
406 3433 453 3486 est
472 3421 513 3488 ad
529 3420 787 3509 congregationes
802 3421 965 3509 gentium,
984 3436 1016 3487 ut
1032 3426 1129 3491 susci-

75 3566 92 3598 »
105 3535 196 3625 piam
210 3555 319 3622 reges,
335 3543 367 3596 et
383 3530 545 3596 effundam
560 3551 655 3617 super
670 3551 724 3592 eos
743 3551 870 3594 omnem
889 3530 966 3595 iram
983 3532 1129 3622 indigna-

70 3677 87 3709 »
102 3643 206 3709 tionis
231 3663 321 3706 meae.
347 3641 384 3704 ln
408 3639 479 3728 igne
502 3635 559 3702 zeli
583 3637 644 3702 mei
673 3648 879 3702 consumetur
905 3639 1007 3704 omnis
1032 3653 1125 3708 terra.

70 3751 274 3834 »Quoniam
289 3761 368 3815 tunc
384 3759 567 3820 convertam
586 3746 617 3811 in
644 3742 769 3833 populis
793 3743 931 3834 linguam
947 3748 979 3813 io
1002 3772 1131 3837 gencra-

119 3899 128 3932 ¹
143 3899 159 3952 3
172 3903 233 3962 Reg.
242 3915 265 3958 1,
278 3916 285 3946 ι
298 3925 307 3938 ·
323 3915 361 3948 ιο.
395 3895 504 3947 'Mattlu
516 3893 625 3946 ιιι.--Ι
637 3892 842 3957 Ps.r.xxv11,30,
854 3893 895 3945 3ι.
