2702 4610
226 232 283 274 102
665 233 808 278 otttatttttt

222 347 352 416 scelesta
366 349 585 438 proferuntur,
596 350 650 436 qui
662 351 750 416 norit
764 349 891 414 Domini
910 345 1122 412 eruditionem
1138 345 1272 413 claudit

224 481 329 536 eures,
346 468 379 524 et
394 461 508 524 avertit
522 459 680 535 auditum,
695 471 729 524 et
746 457 843 524 dicit:
856 459 947 546 «Ego
965 468 1073 522 autem
1088 458 1171 522 sicut
1185 479 1273 521 sur-

223 567 311 632 »dus
336 589 401 632 non
416 568 599 644 audiebam,
619 579 652 634 et
670 567 754 633 sicut
774 578 894 640 mutus,
913 566 968 654 qui
991 587 1056 632 non
1080 565 1206 653 aperuit
1227 587 1272 645 os

224 675 397 740 »suum¹.r
412 675 446 742 si
469 700 543 742 vero
559 677 600 742 ad
616 674 783 742 utilitatem
802 675 914 740 animm
934 674 1094 762 pertinent
1115 695 1187 761 quae
1213 671 1271 737 di-

226 795 355 859 cuntur,
373 784 398 848 si
414 784 454 848 de
468 784 536 850 Dec
551 807 656 850 sermo
670 795 731 860 est,
747 785 773 849 si
788 807 891 850 mores
907 784 1013 858 docet,
1030 784 1162 848 virtutes
1178 782 1272 848 invi-

225 903 285 966 tnt,
296 893 369 958 vitia
381 905 516 968 resecat,
524 905 633 981 patere
646 893 867 960 debentnures
877 891 1100 981 hujuscemodi
1110 891 1269 979 eloquiis:

226 1011 258 1063 et
270 1022 334 1066 non
352 998 455 1065 solum
468 1019 571 1076 aures,
589 1001 647 1066 sed
668 1013 699 1067 et
715 1025 783 1076 cor,
799 1014 832 1066 et
847 1025 949 1077 mens,
966 1015 999 1066 ct
1014 1013 1079 1067 tote
1093 1002 1135 1066 ud
1150 1001 1274 1089 hujus-

227 1107 351 1173 cemodi
363 1109 508 1174 auditum
522 1109 635 1176 unimae
646 1111 740 1198 janua
753 1111 921 1198 pandenda
936 1124 1000 1176 est.
1013 1111 1145 1176 Summa
1158 1123 1271 1174 tamen

229 1217 446 1284 moderatione
461 1219 612 1307 praecepti
628 1242 681 1284 usa
697 1230 745 1284 est
759 1217 823 1295 lex,
836 1231 872 1284 ut
886 1243 950 1285 non
963 1220 1082 1285 diceret
1095 1239 1106 1282 a
1120 1219 1189 1286 Non
1208 1241 1272 1283 au-

229 1325 294 1390 dies
306 1325 461 1391 auditum
470 1350 620 1403 conum
630 1328 698 1402 sed.
707 1351 776 1392 non
786 1328 930 1416 recipies.
945 1328 1024 1394 llam
1033 1349 1110 1394 vana
1119 1328 1271 1414 frequen-

231 1447 278 1500 ter
293 1437 450 1502 audimus.
469 1436 610 1503 Marcion
622 1461 693 1525 quae
710 1437 862 1525 loquitur,
880 1439 958 1504 rana
973 1450 1064 1511 suntr
1079 1436 1269 1504 Valentinus

230 1567 299 1634 quae
324 1545 477 1634 loquitur,
502 1569 580 1612 vana
603 1557 677 1612 suut
690 1560 746 1616 act
760 1570 870 1614 omnes
892 1549 946 1636 qui
962 1560 1072 1614 contra
1089 1561 1273 1614 creatorem

231 1657 336 1722 Deum
348 1634 536 1744 loquuntur,
549 1642 628 1721 iuna
639 1669 713 1722 suut
728 1681 799 1744 quse
808 1655 1000 1754 loquuntur.
1017 1657 1081 1724 Sed
1091 1669 1192 1724 tamen
1204 1657 1269 1731 sre-

233 1777 368 1856 quenter
381 1788 439 1830 nos
454 1766 601 1834 audimus
616 1789 666 1840 ea,
680 1777 716 1832 ut
730 1767 898 1832 adversum
909 1789 946 1831 ea
964 1766 1152 1854 respondere
1165 1763 1266 1852 poeai-

233 1899 304 1944 mus
321 1899 329 1939 a
345 1897 386 1940 nc
397 1875 478 1940 sorte
493 1875 669 1964 subripiant
684 1875 929 1964 simplicioribus
944 1876 1122 1964 quibusque
1133 1873 1269 1938 fratrum

235 1995 418 2052 nostrorum
432 2005 490 2070 per
504 1985 658 2050 sermonis
674 1997 832 2052 ornatum.
851 1985 1007 2052 Audimus
1021 2007 1097 2072 ergo
1113 1983 1197 2057 baec,
1217 1981 1272 2048 sed

236 2116 302 2160 non
317 2092 505 2180 recipimus3
531 2093 614 2160 dicte
633 2105 707 2158 sunt
722 2093 815 2160 enim
824 2093 864 2158 de
880 2116 935 2158 ore
950 2091 1005 2158 illo
1020 2091 1107 2180 quod
1125 2088 1273 2157 diabolus

236 2202 369 2290 aperuit.
388 2201 428 2265 Et
447 2200 521 2266 ideo
542 2201 697 2271 orandum
714 2201 807 2269 nobis
825 2211 875 2266 est
894 2213 929 2265 ut
947 2201 1095 2288 dignetur.
1116 2198 1278 2264 Dominus

238 2309 360 2398 aperire
379 2332 414 2374 cs
432 2321 591 2386 nostrum,
610 2321 646 2374 ut
665 2310 821 2397 possimus
840 2321 874 2376 et
892 2309 1150 2376 contradicentes
1169 2308 1277 2374 rerin-

238 2420 529 2496 commemorare
541 2443 576 2484 os
589 2419 676 2507 quod
687 2416 831 2486 diabolus
845 2419 978 2508 aperuit.
993 2419 1070 2484 llaec
1084 2417 1124 2481 de
1134 2440 1176 2482 eo
1188 2415 1279 2504 quob

243 2531 398 2619 scriptum
413 2541 461 2594 cst
476 2550 484 2591 :
505 2530 596 2615 «Ego
610 2528 750 2615 aperiam
765 2539 924 2603 ostuum,
936 2539 970 2594 et
984 2527 1137 2594 instruam
1153 2538 1279 2613 tequea

242 2670 255 2701 ι
271 2648 417 2728 oportent
433 2649 463 2702 te
479 2633 595 2721 loqui².
611 2636 705 2702 »Non
724 2633 828 2702 solum
842 2649 950 2703 autem
965 2636 1066 2724 Moysi
1080 2635 1282 2724 promittitur

143 2805 144 2808 ,
242 2770 277 2811 os
293 2743 406 2832 aperiri
418 2767 436 2807 a
448 2741 598 2818 Domino,
612 2742 668 2807 sed
679 2742 840 2810 elboren.
855 2745 981 2813 Dicitur
992 2745 1078 2810 enim
1090 2744 1279 2833 etdeipso:

253 2853 346 2941 «Ego
360 2850 500 2939 aperiam
516 2873 551 2916 cs
567 2862 678 2927 tuum„
693 2863 725 2915 et
746 2875 782 2918 os
803 2851 900 2930 illius,
917 2866 950 2920 et
965 2853 1121 2920 instruam
1135 2876 1191 2920 ros
1211 2875 1284 2940 qnae

245 2959 455 3030 »laciatieflr
472 2959 622 3026 Occurrit
644 2960 730 3026 enim
757 2975 789 3028 et
814 2963 922 3031 Aaron
940 2962 1057 3052 Moysi,
1081 2975 1118 3030 et
1138 2963 1215 3028 exiit
1243 2963 1284 3028 de

246 3070 395 3164 AEgyptc.
424 3067 576 3136 Occurrit
595 3080 707 3134 autem
722 3069 762 3134 ci.
789 3070 869 3136 Ubil
891 3072 923 3137 in
938 3071 1028 3160 quali
1038 3069 1132 3138 locol
1151 3071 1286 3144 interest

246 3169 332 3250 euim
344 3179 399 3248 ubi
412 3191 563 3246 occurrat
573 3177 673 3266 Moysi
688 3179 714 3244 is
730 3181 822 3268 cujus
835 3205 870 3248 os
882 3181 1090 3270 aperiendum
1104 3193 1153 3247 est
1166 3204 1185 3245 a
1200 3181 1283 3248 Deo.

248 3288 397 3357 Occurrit
412 3287 503 3354 euim
518 3285 653 3375 (inquit)
671 3287 704 3352 in
720 3301 863 3362 mentem
879 3291 948 3358 bet
966 3289 1063 3358 Vides
1079 3274 1152 3379 quia
1169 3291 1288 3356 merito

250 3399 440 3491 aperiturus
455 3394 592 3484 ejusqui
614 3408 719 3485 potest
739 3419 908 3466 occurrere
923 3400 955 3464 in
973 3409 1115 3466 montem
1135 3399 1206 3465 Dei.
1225 3398 1289 3466 Pe·

249 3520 318 3574 trus
326 3507 366 3572 'et
377 3504 517 3574 lacobus
527 3516 561 3570 et
569 3503 712 3573 loannes
724 3507 757 3574 in
772 3520 915 3578 montem
929 3509 989 3575 Dei
1005 3509 1233 3586 escenderubt,
1252 3521 1293 3575 ut

141 3703 143 3708 ,
252 3615 511 3686 transformatum
527 3613 639 3684 lesum
657 3617 764 3684 ridere
782 3631 993 3696 mererentur,
1015 3631 1050 3685 et·
1062 3619 1193 3708 Meysen
1210 3641 1293 3688 cum

252 3716 322 3815 ipso
337 3737 431 3814 atque
443 3721 565 3794 Heliam
577 3723 720 3790 riderent
735 3725 768 3790 in
779 3723 889 3814 gloria.
904 3727 946 3791 Et
960 3738 994 3792 tu
1010 3750 1085 3818 ergo
1097 3726 1156 3794 nisi
1172 3749 1295 3801 ascen-v

287 3853 372 3912 ¹Beal.
385 3867 488 3915 xxxrrn,
505 3853 541 3903 rb.
554 3880 584 3893 -
596 3852 607 3887 ²
620 3853 701 3906 brot.
712 3870 747 3916 rr,
762 3870 800 3905 rar
811 3881 843 3894 -
855 3853 865 3889 ⁸
878 3853 948 3924 lbidr
963 3857 1004 3904 15.
