2706 4624
353 303 385 346 ΙΝ
410 305 578 348 LBVthCllll
601 305 730 348 nomm
754 307 817 349 ΧΠ.
1041 311 1097 376 271

59 425 219 490 saturitati
236 425 377 490 student.
392 427 474 492 lusti
490 441 597 493 nutem
613 428 772 493 interdum
787 441 819 492 ct
834 430 987 495 esuriunt.
1003 431 1103 498 Deni-

58 557 118 622 que
132 533 259 602 Paulus
277 536 378 621 justus
392 547 474 610 emt,
485 549 518 601 et
533 537 658 602 dicubot
671 558 706 603 :s
722 538 827 627 Usque
838 539 880 605 nd
894 538 978 606 hunc
989 539 1101 606 honam

61 645 265 719 incutimus,
288 659 321 708 et
342 646 478 722 sitimus,
500 659 532 711 et
555 647 632 711 nudi
656 671 777 723 sumus,
799 665 832 712 ct
853 647 993 736 colaphis
1010 651 1104 715 uaedi·

68 783 80 813 ι
94 753 223 820 Μ’.»
239 754 283 818 Et
297 754 412 819 iterum
429 754 505 820 dicit
518 777 526 818 ι
539 780 552 815 ι
565 756 600 820 ln
615 754 699 820 sumo
713 769 745 821 et
756 757 819 831 siti,
835 758 866 823 iu
882 758 1012 846 jejuniis
1024 759 1103 825 mul·

69 893 83 922 ι
93 863 157 929 tis².
166 865 232 929 »Et
244 863 407 951 quomodo
419 864 495 930 dicit
505 863 669 940 Salomon,
681 867 754 952 quio
764 892 778 924 «
789 867 889 953 justus
905 851 1101 934 mnnducniis

68 973 182 1038 »satiat
202 973 346 1037 nnimom
369 973 476 1037 sunm⁸
487 974 522 1038 t»
535 973 599 1040 Sed
615 977 640 1039 si
660 976 810 1039 intuearis
825 977 986 1062 quomodo
1001 978 1103 1065 justus

66 1069 188 1171 semper
203 1094 238 1148 et
250 1081 320 1148 siue
334 1083 566 1150 intermissione
580 1085 751 1150 manducet
767 1085 807 1149 de
821 1106 902 1173 pune
917 1088 1000 1162 vivo,
1013 1100 1045 1153 ot
1056 1111 1103 1153 ne-

63 1191 146 1279 plett
169 1191 319 1255 animum
339 1213 442 1265 suam,
467 1213 505 1256 oc
529 1192 622 1256 satiet
643 1213 714 1257 enm
735 1191 807 1257 cibo
829 1193 961 1270 coelesti,
982 1196 1039 1283 qui.
1054 1210 1102 1261 est

64 1303 198 1365 verbum
215 1299 288 1374 Dei,
301 1311 334 1363 et
348 1301 499 1388 sapientia
516 1299 605 1386 ujus:
621 1299 761 1364 invenies
778 1302 940 1386 quomodo
954 1325 992 1368 ex
1007 1305 1102 1368 bene-

68 1410 206 1475 dictione
220 1407 280 1473 Dei
298 1408 470 1473 manducet
484 1410 586 1496 justus
597 1427 712 1495 panem
725 1429 817 1470 suum
831 1409 862 1473 iu
875 1410 1027 1476 satietate.
1041 1413 1102 1479 «Et

73 1547 85 1582 ι
97 1519 277 1583 habitabitis
289 1519 349 1582 tuti
361 1531 585 1606 superterram
599 1517 783 1583 vestmm‘.»
796 1517 928 1605 Iniquus
940 1543 1102 1609 nunquam

71 1639 158 1690 tutus
172 1639 230 1700 est,
246 1626 304 1690 sed
319 1643 446 1716 semper
460 1637 605 1692 movetur
620 1639 651 1692 et
666 1627 813 1702 fluctuat,
830 1638 863 1693 et
881 1629 1103 1698 circumfertur

71 1737 157 1800 omni
173 1749 265 1800 vento
280 1734 435 1801 doctrinas
450 1737 481 1799 in
497 1734 617 1800 lollocis
634 1735 799 1800 hominum
819 1737 859 1803 nd
880 1737 1102 1827 deceptionem

67 1846 192 1911 erroris.
210 1847 324 1911 Justus
340 1867 427 1918 veno,
446 1845 499 1932 qui
517 1843 619 1932 legem
635 1844 693 1909 Dei
708 1845 861 1922 custodit,
877 1859 963 1912 tutus
982 1849 1104 1915 habitat

66 1978 162 2042 super
180 1967 296 2018 terrum
312 1975 413 2018 suom.
430 1951 548 2018 Sensus
559 1953 645 2018 enim
656 1955 725 2040 ejus
737 1953 848 2022 sumus
858 1969 907 2020 est
918 1957 1050 2024 dicentis
1063 1962 1103 2026 ad

66 2066 173 2130 Deum
187 2087 196 2126 :
209 2092 221 2121 ι
233 2063 393 2129 Conlirmn
407 2062 628 2138 mefssomine
639 2064 669 2127 in
682 2065 786 2128 verbis
796 2065 858 2129 tuis
870 2065 916 2130 ’.ι
931 2067 1106 2134 Confirma-

69 2187 123 2236 tus
138 2195 218 2258 ergo
233 2185 265 2235 et
280 2183 363 2238 tutus
378 2185 411 2237 ot
427 2172 587 2237 mdicotus
601 2171 722 2236 habitat
737 2195 832 2260 super
849 2186 977 2250 terrum,
995 2177 1104 2243 fundo-

75 2296 129 2345 tus
143 2281 178 2345 in
194 2279 269 2355 lide,
281 2281 346 2368 quin
363 2280 533 2346 edificium
549 2283 618 2368 ojus
633 2303 697 2346 non
712 2293 760 2346 est
776 2305 871 2368 super
882 2305 1009 2349 arcuum
1025 2289 1105 2374 posi·

75 2407 161 2466 tum,
173 2391 447 2480 nequomdixejus
459 2404 688 2480 superponam
700 2401 747 2455 est
760 2413 767 2454 ε
783 2391 839 2456 sod
850 2393 963 2457 domus
976 2395 1104 2482 quidem

68 2504 142 2588 ejus
157 2501 286 2566 fundato
302 2524 396 2588 super
410 2512 541 2573 ternum,
558 2497 664 2588 plante
680 2519 754 2563 vero
770 2499 839 2586 ejus
855 2501 993 2566 rndicotn
1010 2512 1057 2566 est
1073 2505 1104 2566 in

66 2608 230 2699 profundo
247 2620 349 2682 torrae,
365 2607 427 2672 hoc
441 2619 503 2680 est,
518 2606 550 2670 iu
566 2604 771 2669 interioribus
785 2603 897 2669 unimus
912 2606 990 2692 ojus.
1006 2606 1104 2672 Recte

68 2741 144 2806 crgo
159 2717 202 2782 ed
222 2715 445 2802 hujuscemodi
464 2715 602 2780 animam
618 2713 734 2778 diditus
748 2714 780 2778 iu
800 2715 1074 2782 benedictionibus
1091 2741 1100 2780 :

79 2831 143 2894 «Et
155 2825 344 2892 habitabitis
360 2826 418 2889 tuti
435 2846 530 2912 super
544 2833 662 2888 tersum
676 2834 825 2898 vestram,
841 2836 873 2887 et
892 2824 974 2889 dabo
993 2845 1105 2912 pacem

66 2969 79 2999 ι
93 2959 194 3026 super
211 2947 330 3001 terram
344 2932 390 2998 'a
408 2933 514 3014 Quom
525 2955 637 3020 pacem
650 2930 704 2997 dot
715 2933 822 2998 Densi
835 2934 925 2998 istum
942 2955 1036 3021 quum
1048 2935 1103 3000 hu-

66 3052 122 3114 bet
142 3043 312 3112 mundus?
329 3043 430 3132 Negat
451 3065 485 3107 so
504 3043 597 3106 istum
616 3041 693 3106 dono
713 3041 867 3107 Christus.
887 3043 971 3110 Dicit
989 3046 1102 3109 enim:

75 3159 207 3224 «Meam
220 3175 333 3244 pacem
350 3153 393 3218 do
407 3149 626 3227 vobis,'mcom
639 3173 749 3238 pucem
763 3147 906 3238 relinquo
917 3152 1026 3216 vobisc
1041 3175 1108 3218 uon

70 3271 180 3334 »sicut
195 3266 251 3333 hic
266 3264 406 3330 mundus
421 3262 476 3328 dot
490 3283 615 3350 pacem,
628 3283 687 3349 ego
702 3260 743 3324 do
757 3258 844 3325 vobis
856 3259 877 3325 ².
889 3289 901 3323 ι
915 3261 1014 3351 Negat
1028 3287 1108 3352 ergo

76 3399 107 3440 se
127 3399 241 3464 ponem
260 3373 373 3441 mundi
394 3372 471 3437 dure
491 3368 651 3458 discipulis
671 3370 749 3444 sois,
766 3371 837 3458 quis
856 3383 886 3437 et
906 3371 979 3437 olibi
1000 3374 1105 3440 dicit:

87 3486 192 3564 «Quid
202 3485 321 3576 putatis
331 3482 405 3572 quis
419 3502 531 3570 pacem
547 3479 615 3544 veni
628 3480 753 3544 mittens
764 3479 797 3544 in
810 3481 948 3546 tomum?
960 3492 1023 3548 non
1036 3484 1108 3548 veni

77 3625 90 3654 ι
103 3617 211 3685 pacem
225 3595 368 3667 mittere,
384 3591 441 3657 sod
455 3589 594 3680 gladium
608 3585 629 3651 ⁸.
641 3617 653 3647 n
667 3587 721 3654 Vis
732 3611 808 3677 ergo
823 3589 929 3655 videre
943 3613 1039 3679 quum
1053 3615 1106 3680 pn-

103 3789 111 3820 ¹
129 3803 137 3833 ι
155 3787 216 3834 Cor.
231 3781 521 3842 1v‚1t.-²2Cor‚xt,
536 3798 573 3846 ²7·
584 3810 612 3820 -
626 3780 635 3813 ³
648 3781 720 3830 Pron.
734 3799 788 3843 xm,
802 3783 899 3832 ²5.-⁴
913 3784 990 3831 lat·t'il.
1003 3799 1071 3842 xxvi,
1082 3787 1107 3831 5.

67 3885 98 3896 -
111 3859 121 3890 ⁵
135 3857 202 3906 Pul.
212 3872 282 3914 cm,
297 3857 337 3904 28.
347 3855 400 3892 -l
416 3856 494 3904 nom.
510 3871 577 3912 nsi,
589 3855 612 3912 5,
625 3855 648 3902 6.
665 3855 712 3891 -7
726 3857 957 3920 lonu1xu·‚27.—-
971 3854 1108 3916 ⁸liucnu,

66 3933 255 3992 51,etttattt1.
272 3949 298 3990 x,
309 3931 350 3988 54.
