2682 4594
388 286 421 329 ιιι
443 284 584 329 ιειιιιιιιι
605 285 698 328 xxxvi
721 287 794 329 ιιοιι.
821 289 869 331 ιιι.
911 251 915 260 ’
1090 265 1153 330 255

112 427 226 493 porum
242 405 368 470 videtur
385 404 545 470 interdum
560 404 744 493 maleloqui
761 405 800 471 de
821 409 955 484 sanctis,
975 421 1008 473 et
1026 403 1154 497 perleve

113 524 160 576 est
175 512 265 578 vobis
281 513 387 578 dicere
403 513 442 578 de
456 513 553 578 servis
567 514 643 588 Dei,
656 511 710 578 ille
726 511 796 578 talis
810 526 843 578 et
859 513 929 579 talis
943 526 1010 590 est,
1029 512 1081 579 ille
1093 513 1158 578 fin-

114 623 177 710 git,
198 635 230 686 et
248 621 301 688 ille
321 620 471 687 saeculum
498 621 617 710 diligit,
633 620 686 686 ille
702 631 809 687 autem
828 622 982 709 impostor
1001 634 1069 697 cst,
1091 645 1158 687 non

116 729 205 794 audis
224 729 297 817 quia
316 730 370 818 qui
387 727 582 795 maledicunt
597 731 740 818 justum,
759 729 1075 794 exterminabuntur?
1092 729 1158 795 Aut

1 838 3 848 ’
117 836 142 900 si
159 837 221 902 hoc
235 861 349 925 parum
365 837 453 902 vobis
469 836 606 912 ridetur,
623 836 729 902 audite
741 834 815 902 alibi
829 837 933 902 Deum
945 835 1104 901 dicentem
1116 835 1157 902 ad

116 946 238 1032 justum
258 969 265 1008 ι
288 943 463 1008 «Inimicus
478 965 533 1007 cro
550 943 685 1008 inimicis
701 943 782 1018 tuis,
799 954 832 1008 ct
844 943 1034 1008 adversabor
1045 943 1155 1009 adver-

0 1052 1 1055 ’
116 1051 226 1117 »sanis
244 1052 308 1116 tuis
318 1050 341 1115 ¹.
356 1079 370 1112 s
388 1049 511 1118 Videtis
532 1052 640 1138 quanti
653 1049 790 1139 'periculi
811 1051 851 1118 sit
870 1051 1024 1117 inimicari
1045 1051 1155 1138 justis,

5 1186 8 1194 ·
118 1158 165 1224 vel
178 1157 261 1224 male
278 1156 365 1245 loqui
381 1157 421 1222 (le
437 1157 563 1222 sanctis.
583 1158 616 1224 Si
628 1159 713 1222 enim
726 1181 799 1223 vere
810 1159 969 1225 credimus
981 1157 1057 1242 illud
1069 1158 1156 1244 quod

117 1267 195 1332 dixit
208 1267 361 1330 Dominus
373 1266 413 1330 de
427 1287 619 1354 unoquoque
631 1287 795 1330 serrorum
807 1287 958 1341 suorum,
974 1266 1046 1352 quia
1065 1287 1158 1330 «esu-

1 1359 10 1394 l
119 1373 199 1438 trivi
211 1385 244 1436 et
254 1395 319 1436 non
331 1371 459 1437 dedistis
476 1372 555 1438 mihi
570 1373 768 1438 manducare
778 1370 803 1447 ²,
818 1399 831 1431 ι
848 1385 880 1436 et
895 1395 931 1436 ea
948 1393 1017 1459 quae
1032 1373 1119 1438 addit
1130 1384 1162 1437 et

121 1480 222 1555 dicit,
237 1481 311 1567 quia
328 1480 380 1568 qui
397 1479 449 1544 uni
465 1502 505 1543 ex
520 1479 658 1544 minimis
673 1480 751 1544 meis
767 1480 861 1555 lecit,
877 1479 956 1544 mihi
972 1479 1065 1556 lecit,
1083 1503 1161 1545 ccu-

122 1616 256 1680 sequens
271 1605 318 1658 est
334 1604 411 1657 utet
425 1592 488 1659 hoc
504 1592 589 1658 dicat
603 1615 611 1658 τ
626 1593 680 1680 qui
691 1591 926 1658 maledicebatis
942 1593 1040 1669 mihi,
1058 1593 1159 1658 detre-

121 1701 247 1768 hcbatis
266 1701 304 1765 de
319 1723 389 1777 me,
405 1713 437 1765 et
450 1695 526 1766 lslsa
541 1713 653 1768 contra
668 1724 720 1766 mc
735 1699 969 1789 loquebamini,
984 1713 1017 1766 et
1032 1724 1158 1767 accusa-

120 1809 202 1876 batis
221 1831 281 1875 me.
304 1810 344 1873 Et
360 1809 386 1872 si
402 1808 573 1876 dixerimus
592 1833 600 1873 :
618 1810 754 1875 Domine
772 1809 899 1896 quando
918 1809 975 1873 tibi
996 1808 1161 1874 maledixi-

119 1935 214 1991 mus,
237 1927 291 1982 aut
310 1916 437 2002 quando
458 1916 669 1992 detraximus,
693 1929 746 1981 aut
760 1916 887 2004 quando
906 1915 983 1982 salsa
1001 1929 1110 1982 contra
1129 1929 1161 1981 te

120 2023 247 2113 loquuti
258 2025 390 2090 sumus?
402 2038 480 2091 tunc
492 2027 575 2092 dicet
588 2026 627 2092 ad
639 2050 697 2091 nos
712 2051 720 2092 ι
744 2026 869 2092 «Amen
882 2026 954 2092 dico
967 2027 1073 2102 robis,
1086 2026 1160 2112 quio

122 2133 231 2218 »quod
246 2132 364 2197 lecistis
382 2134 435 2197 uni
451 2113 490 2197 eri
504 2133 583 2198 meis
600 2134 756 2209 minimis,
774 2135 851 2198 mibi
866 2134 1014 2198 recisum.
1033 2162 1046 2195 x
1069 2134 1159 2199 Sicut

121 2240 208 2304 enim
220 2239 329 2304 dantes
345 2240 539 2306 manducare
555 2242 609 2305 uni
622 2263 660 2304 ex
675 2241 741 2305 istis
758 2240 835 2305 mihi
851 2240 985 2316 lecistis,
1002 2253 1034 2305 et
1050 2241 1160 2306 dantes

124 2347 232 2412 bibere
251 2347 306 2410 uni
325 2369 364 2412 ex
383 2346 449 2411 istis
468 2347 546 2412 mihi
567 2347 715 2423 dedistis,
732 2358 764 2410 et
779 2346 861 2411 sicut
879 2346 1045 2412 induentes
1061 2369 1161 2412 unum

122 2454 263 2529 existis,
285 2477 337 2520 me
355 2454 500 2519 induistis
518 2478 527 2520 ι
544 2455 588 2519 ita
608 2452 834 2520 maledicentes
856 2455 911 2518 uni
933 2477 972 2518 ex
995 2455 1061 2518 istis
1081 2454 1160 2519 mihi

1 2592 8 2602 ’
121 2561 342 2638 maledixistis,
358 2575 390 2627 et
406 2563 431 2627 si
445 2561 649 2628 benedixistis
665 2561 714 2627 vel
730 2561 907 2628 honorastis
924 2585 1022 2626 unum
1038 2586 1077 2627 ex
1092 2562 1158 2636 his,

121 2669 200 2736 mihi
215 2670 419 2735 benedixistis
429 2721 438 2746 ,
450 2683 483 2735 ct
495 2694 545 2736 me
559 2670 757 2746 honorastis,
773 2671 855 2735 sicut
870 2682 902 2735 et
918 2669 992 2735 alibi
1005 2664 1161 2740 nihilomi-

123 2800 183 2842 nus
193 2778 271 2843 dicit
286 2801 293 2841 :
311 2805 324 2837 ι
337 2778 400 2857 Qui
412 2801 466 2843 vos
478 2775 609 2866 recipit,
623 2801 676 2843 me
688 2778 818 2865 recipit,
831 2789 874 2853 et,
890 2777 944 2863 qui
959 2800 1010 2841 vos
1022 2778 1158 2864 spernit,

127 2907 199 2948 »me
217 2884 368 2974 spernit⁸.
386 2913 399 2947 s
418 2885 586 2974 Propterea
605 2909 680 2974 ergo
698 2886 917 2951 contineamus
936 2883 1075 2974 linguam
1090 2909 1161 2950 nos·

125 3005 207 3059 tram
218 3045 227 3070 ,
238 3007 271 3059 et
282 3017 387 3059 servos
398 2995 527 3059 Domini
539 2995 744 3071 admiremur,
757 3006 791 3059 et
802 2995 1027 3061 benedicamus
1039 2995 1159 3081 justos,

123 3111 157 3164 et
172 3122 335 3187 nunquam
351 3099 554 3165 detrahamus
571 3099 610 3164 de
626 3100 690 3174 eis,
707 3123 768 3169 nec
783 3099 959 3188 aperiamus
971 3122 1004 3163 os
1018 3111 1160 3164 nostrum

122 3207 166 3273 nd
179 3205 262 3273 male
274 3206 488 3296 loquendum,
504 3231 544 3272 ue
558 3207 639 3271 sorte
651 3209 910 3283 exterminemur,
927 3206 982 3271 sed
995 3207 1162 3273 benedica-

123 3341 218 3394 mus,
235 3331 268 3382 ιιι
283 3332 316 3384 et
330 3341 388 3384 nos
404 3318 658 3383 benedictionem
674 3340 907 3404 consequamur
923 3341 980 3406 per
1000 3317 1162 3383 Christum

3 3441 13 3479 ’ν
122 3427 297 3494 Dominum
317 3439 487 3502 nostrum,
511 3427 563 3492 cui
585 3437 633 3490 est
655 3423 752 3513 gloria
776 3435 808 3490 et
831 3437 967 3513 potestas
991 3426 1023 3490 in
1048 3425 1162 3493 saecula

3 3549 8 3587 ’τ
120 3531 324 3600 saeculornm.
347 3536 461 3600 Amen.

160 3675 263 3727 ¹Exod.
290 3695 356 3729 xxm
368 3717 374 3743 ,
387 3697 427 3731 aa.
439 3695 467 3718 ⁴-
480 3679 591 3731 ’Mirm
611 3695 676 3740 xxv,
696 3682 739 3739 ιι.
753 3705 781 3714 -
793 3674 803 3709 ⁸
813 3677 878 3728 Ibid.
900 3687 985 3737 to-
995 3675 1005 3710 l
1015 3678 1053 3729 ld.
1074 3696 1104 3740 x,
1122 3683 1163 3744 rto.

118 3775 185 3826 Luc.
195 3786 228 3830 x,
241 3768 282 3818 16.
