2748 4596
234 217 277 301 76
678 239 822 282 emensis

235 359 284 425 vel
305 362 364 448 ipsi
375 357 558 426 scandalum
574 361 756 448 patiamini,
778 359 826 425 vel
841 358 908 426 aliis
924 359 1112 425 scandalum
1127 358 1274 425 faciatis:

236 468 292 533 secl
307 469 347 532 sit
363 468 449 532 vobis
463 468 579 532 summi
595 467 708 543 studii,
729 490 924 554 summaeque
943 466 1075 532 cautelae
1098 489 1141 530 ne
1159 467 1233 552 quis
1248 469 1279 530 ia

238 577 322 643 hanc
341 588 482 640 uncum
505 577 782 664 congregationem
802 588 938 642 vestram
958 574 1100 665 pollutus
1117 576 1279 648 introeat,

238 685 365 772 nequis
383 683 548 748 lubesaeus
564 683 687 750 habitet
704 685 876 750 vobiscum.
897 683 993 750 Vides
1011 707 1089 772 ergo
1107 685 1188 772 quia
1203 684 1281 748 dicit

236 792 414 879 Scriptura,
434 792 522 878 quod
538 814 603 856 non
617 803 791 879 potuerunt
808 793 925 880 ejicere
941 791 997 857 lilii
1016 791 1101 856 Jnda
1115 791 1281 856 Jebusaees

236 900 276 964 tle
300 895 487 962 Jerusalem.
508 899 674 963 lebusaeus
692 911 800 965 autem
816 900 1042 987 interpretatur
1060 896 1278 963 conculcatio.

236 1008 320 1095 Ergo
335 1006 409 1092 quia
424 1029 490 1072 non
505 1029 671 1094 possumus
686 1007 802 1094 ejicere
818 1007 894 1072 istos
908 1007 963 1094 qui
980 1029 1039 1072 nos
1055 1005 1279 1072 conculcant:

237 1137 293 1178 eos
308 1111 420 1178 saltem
432 1113 594 1199 ejiciamus
606 1137 686 1202 quos
701 1137 887 1203 possumus,
904 1136 1041 1201 quorum
1058 1126 1201 1202 peccata
1216 1136 1282 1178 ma-

238 1217 351 1283 nifesta
369 1230 454 1282 sunt.
476 1217 536 1282 Ubi
557 1219 643 1283 enim
659 1230 827 1306 peccatum
846 1241 912 1284 non
927 1229 975 1283 est
993 1216 1148 1293 evidens,
1167 1218 1282 1305 ejicere

240 1327 280 1392 de
291 1324 432 1392 Ecclesia
444 1327 604 1391 neminem
618 1349 805 1415 possumus,
824 1349 865 1392 ne
880 1326 961 1391 sorte
974 1327 1184 1392 eradicantes
1204 1327 1281 1390 aize

240 1435 310 1508 nia,
327 1434 524 1500 eradicemus
536 1433 629 1498 simul
646 1457 719 1499 cnm
731 1435 804 1523 ipsis
820 1435 915 1499 etiam
927 1435 1080 1499 triticum.

285 1537 325 1602 ll.
344 1536 448 1602 Movet
468 1559 519 1601 me
536 1549 640 1602 tamen
653 1539 740 1625 quod
755 1538 850 1612 dixit,
862 1539 936 1625 quia
950 1561 1013 1601 non
1029 1549 1216 1626 potuerunt
1233 1539 1283 1626 eji

241 1667 314 1709 cere
329 1645 512 1720 Jelsusaeos,
533 1645 644 1720 idest,
660 1667 714 1708 eos
730 1645 784 1732 qui
800 1645 1047 1733 interpretantur
1061 1644 1279 1712 conculcatio

240 1748 281 1812 Et
294 1747 365 1812 ideo
376 1747 538 1812 videamus
553 1749 606 1834 qui
619 1747 735 1832 suntin
747 1748 888 1814 Ecclesia
900 1748 1139 1814 conculcantes.
1159 1745 1212 1814 llli
1222 1750 1282 1814 sinc

241 1854 338 1920 dubio
356 1854 395 1917 de
410 1854 525 1941 quibus
546 1854 622 1920 dicit
638 1855 792 1921 Dominus
807 1856 840 1920 in
852 1854 1026 1944 Evangeliis
1043 1879 1076 1920 :a
1090 1856 1205 1922 Nolite
1218 1859 1284 1922 mit-

240 1972 328 2026 »tere
343 1972 489 2026 sanctum
501 1963 653 2038 canibus,
669 1985 773 2051 neque
787 1963 970 2052 margaritas
982 1959 1103 2029 vestras
1119 1977 1202 2030 ente
1212 1987 1282 2053 por

239 2090 332 2143 scos,
357 2090 398 2133 ne
420 2067 501 2134 forte
524 2069 714 2137 conculcent
739 2093 791 2135 eas
815 2071 946 2159 pedibus
967 2071 1057 2146 suis,
1080 2083 1116 2137 et
1138 2073 1282 2138 conversi

240 2173 380 2241 »elidant
395 2175 480 2240 vos¹.
501 2178 593 2243 »Iste
613 2190 660 2243 est
680 2201 755 2267 ergo
776 2178 958 2253 lebamus,
980 2176 1210 2254 conculcatio,
1233 2179 1282 2267 qui

239 2283 358 2372 indigni
376 2284 508 2349 audiunt
526 2287 656 2351 verbum
679 2286 760 2360 Dei,
782 2297 815 2349 et
836 2308 910 2350 cum
937 2284 1095 2351 audierint
1116 2311 1229 2374 neque
1253 2299 1282 2350 ut

239 2390 384 2456 infideles
399 2392 585 2469 discedunt,
608 2416 711 2481 neque
725 2405 913 2480 permanent
925 2406 960 2458 ut
978 2391 1086 2458 fideles
1105 2444 1116 2470 ‚
1136 2397 1201 2461 sed
1220 2419 1283 2484 per

240 2513 332 2588 cepta
344 2503 569 2588 mysteriorum
589 2501 719 2575 notitia,
732 2499 807 2566 fidei
821 2513 936 2566 nostrae
952 2500 1186 2568 secretioribus
1199 2528 1284 2570 seru

242 2609 333 2683 tatis,
351 2610 494 2675 conversi
506 2608 708 2696 postmodum
718 2608 906 2697 impugnant
917 2633 974 2674 nos
984 2659 993 2686 ,
1005 2621 1038 2673 et
1049 2611 1284 2677 contradictio-

242 2716 336 2780 nibus
359 2717 422 2780 suis
445 2716 540 2781 corda
569 2727 674 2780 nostra
699 2715 909 2804 dirumpunt,
939 2715 1168 2783 conculcantes
1200 2717 1285 2784 verbi

243 2822 394 2888 dominici
406 2821 606 2909 margaritas,
619 2833 651 2884 et
663 2833 848 2888 ornamenta
859 2822 934 2888 fidei
950 2821 1160 2888 maculantes.
1181 2825 1234 2890 De
1245 2827 1284 2890 is·

243 2929 282 2992 tis
297 2951 374 3017 ergo
386 2928 514 3004 dicitnr,
527 2929 599 3014 quia
615 2951 679 2993 non
694 2941 867 3017 potuerunt
881 2930 937 2995 filii
949 2929 1040 2995 tuda
1050 2931 1173 3019 ejicere
1188 2931 1284 2998 John

246 3058 343 3100 saeum
357 3035 396 3100 de
408 3035 582 3101 Jerusalem
591 3059 688 3122 usque
700 3035 930 3102 inhodiernum
942 3037 1036 3103 diem.
1049 3036 1163 3104 Simile
1176 3052 1283 3105 eutem

244 3141 363 3230 aliquid
377 3143 530 3230 scriptum
545 3154 593 3228 est
606 3142 688 3206 etde
708 3142 846 3217 Effrem;
861 3145 904 3208 ait
918 3145 1004 3210 enim
1019 3145 1190 3232 Scriptura
1203 3147 1285 3211 :alit

245 3280 257 3310 a
269 3273 332 3315 non
343 3249 652 3338 disperdiditEll'rem
661 3250 875 3333 Chananaenm
882 3251 935 3338 qui
942 3250 1105 3316 habitabat
1118 3252 1153 3317 in
1166 3253 1282 3326 Gezer,

246 3369 298 3422 net
321 3358 474 3424 habitavit
497 3358 693 3424 Chenanaeus
715 3359 747 3422 in
769 3357 887 3423 Effrem
914 3380 1012 3444 usque
1034 3359 1066 3423 in
1087 3358 1282 3426 hodiernum

245 3464 381 3532 adiem².
405 3494 417 3528 s
438 3466 557 3532 Ell'rem
584 3478 688 3531 autem
717 3467 939 3553 interpretatur
968 3465 1186 3532 fructificatio.
1221 3467 1281 3547 Qui
1349 3529 1350 3532 ,

244 3597 320 3663 ergo
339 3573 510 3640 fructificet
528 3585 560 3638 et
581 3575 693 3646 crescit
712 3574 744 3638 iu
761 3572 840 3648 fide,
863 3596 926 3638 non
945 3585 1048 3661 potest
1063 3581 1281 3645 exterminare

248 3691 462 3757 chananaeum
478 3711 585 3754 semen
600 3687 790 3776 pessimum,
810 3707 917 3751 semen
928 3682 1159 3761 maledictum,
1173 3705 1282 3750 semen

284 3835 393 3885 lManh.
406 3852 458 3897 vu,
473 3837 497 3884 o.
512 3861 537 3868 —
546 3829 565 3884 ,²
576 3836 627 3883 Joa.
640 3849 697 3893 xvi,
716 3847 752 3879 ro.
