2744 4624
220 226 258 285 pe
661 231 802 274 ostensus

219 339 323 426 »tium
339 339 477 408 filiorum
498 367 656 420 meorum,
674 346 772 408 durus
788 344 822 410 in
836 345 1088 420 conversatione,
1106 343 1205 408 durus
1220 355 1256 404 et

218 452 430 516 »temerarius
446 451 654 518 contumelias
670 453 825 541 irrogasti.
846 451 1010 539 Tanquam
1027 475 1107 540 aqua
1123 473 1190 516 uon
1205 432 1259 513 efss

218 585 232 618 s
247 556 413 626 fervescas.
427 563 602 627 Ascendisti
618 563 705 627 enim
717 585 811 650 super
825 561 929 628 cubile
940 563 1036 649 patris
1049 561 1105 626 tui.
1120 559 1168 624 Tu
1181 557 1258 646 pol-

218 695 232 728 »
246 666 330 734 luisti
343 669 471 736 thorum
485 673 538 737 nbi
550 672 716 739 ascendisti
728 671 749 736 ¹.
766 701 779 735 ι
793 674 935 738 incestus
949 672 1077 738 historia
1091 670 1256 738 neminem

219 777 307 854 latet,
334 782 496 868 quomodo
518 782 632 848 Ruben
654 784 685 847 iu
709 783 922 848 concubinam
944 783 1041 871 patris
1067 779 1256 848 efferbuerit

219 884 346 953 flamma
369 887 520 965 libidinis,
544 903 577 954 et
603 904 770 978 paternum
793 889 998 957 maculaverit
1025 890 1153 956 thorum
1162 913 1171 962 3
1197 889 1255 956 sed
1363 901 1364 924 ³

219 997 305 1083 quod
319 998 350 1062 in
368 998 463 1064 initiis
477 997 579 1064 laudis
597 1001 625 1064 ei
650 999 766 1088 aliquid
790 1001 915 1066 videtur
933 1000 1113 1065 adscribere
1129 999 1256 1074 dicens,

220 1123 256 1170 tat
270 1108 379 1172 virtus
390 1131 479 1186 mea,
499 1110 619 1175 idcirco
641 1110 678 1174 fit
701 1124 736 1174 ut
757 1111 882 1198 grafius
905 1121 1033 1176 notatur
1049 1109 1081 1173 in
1106 1108 1257 1182 crimine,
1363 1139 1364 1146 ι

219 1218 272 1304 qui
288 1239 362 1282 cum
379 1219 477 1283 virtus
492 1220 589 1307 patris
606 1220 777 1286 haberetur
791 1231 824 1284 et
839 1219 964 1284 initium
976 1213 1128 1291 liliorum,
1141 1215 1259 1282 nesciit

220 1349 343 1392 servare
366 1331 573 1394 reverentiam
590 1330 682 1418 patri.
706 1327 810 1408 Quale
824 1341 872 1394 est
890 1341 922 1393 et
940 1326 1018 1392 illud
1033 1326 1118 1413 quod
1138 1325 1260 1391 dicitur

219 1457 276 1523 per
293 1437 482 1526 Prophetam
502 1461 510 1504 :
530 1441 621 1527 «Ego
642 1451 672 1503 te
690 1437 827 1526 plantavi
847 1438 970 1503 vineam
990 1435 1185 1502 fructiferam
1204 1447 1258 1502 to-

221 1560 312 1613 stam
329 1571 486 1626 veracem,
503 1551 665 1638 quomodo
680 1571 832 1616 conversa
848 1572 882 1614 es
897 1545 929 1614 in
945 1546 1190 1612 amaritudinem
1209 1547 1255 1610 vi-

220 1685 233 1718 s
249 1659 289 1722 tis
300 1657 476 1724 alienae²ir
491 1659 676 1726 Secundum
691 1681 766 1724 voro
778 1657 1030 1746 intelligentiam,
1041 1657 1163 1724 videtur
1174 1655 1251 1720 miti

220 1767 332 1832 Ruben
349 1769 461 1856 prioris
476 1767 583 1856 populi
600 1768 620 1834 J
623 1769 784 1833 udarorum
799 1766 881 1830 ferre
898 1789 989 1854 posse
1003 1787 1179 1854 personam,
1193 1763 1246 1847 qui

221 1891 253 1941 et
269 1879 496 1966 primogenitus
511 1891 559 1942 est
574 1890 606 1943 et
621 1878 745 1942 initium
757 1875 914 1950 filiorum,
932 1877 1012 1942 siout
1028 1873 1184 1960 Propheta
1202 1871 1252 1938 di-

221 1988 265 2052 cit
278 2009 285 2050 :
300 1985 420 2051 «lsrael
436 1986 663 2074 primogenitus
676 1985 798 2050 meus⁸.
813 1984 940 2049 »Primo
956 2007 1093 2072 namque
1108 1981 1167 2048 illis
1181 1982 1254 2046 data

221 2107 295 2159 suut
308 2093 433 2180 eloquia
450 2095 516 2158 Dei.
537 2093 634 2172 Quod
651 2106 758 2158 autem
775 2094 873 2158 durus
892 2093 986 2158 fuerit
1003 2092 1054 2159 ille
1071 2091 1207 2181 populus
1223 2104 1255 2156 et
1351 2153 1354 2159 .

221 2202 420 2275 temerarius,
444 2200 615 2290 Scriptura
630 2203 819 2267 denuntiant
836 2225 844 2265 ε
865 2203 942 2268 dicit
958 2205 1041 2268 anim
1057 2204 1098 2270 de
1115 2204 1161 2268 eis
1175 2203 1255 2268 Pro-

207 2311 315 2399 pheta
330 2333 337 2374 ι
351 2310 479 2375 «Omne
495 2310 580 2397 quod
593 2309 732 2398 loquitur
743 2309 879 2398 populus
894 2312 959 2386 hic,
974 2313 1087 2378 durum
1097 2326 1147 2380 est
1157 2313 1179 2378 ⁶.
1193 2316 1254 2380 »Et

222 2423 337 2486 iterum
360 2419 433 2486 alibi
457 2421 496 2484 da
516 2421 589 2507 ipsis
610 2421 687 2485 dicit
702 2419 810 2487 :aVos
833 2444 958 2509 semper
973 2422 1049 2486 dura
1071 2423 1208 2497 cervice.
1224 2437 1254 2488 at

223 2530 465 2598 »incircumcisi
481 2527 608 2594 corde⁶.
630 2557 642 2590 ι
662 2530 746 2595 Patri
763 2553 838 2596 vero
856 2531 923 2596 Deo
940 2530 1085 2618 irrogavit
1109 2532 1254 2620 injurias,

222 2662 298 2708 cum
317 2640 473 2707 convertit
488 2638 529 2702 ad
543 2661 617 2702 eum
634 2638 776 2714 dorsum,
793 2651 824 2704 et
839 2662 905 2704 non
920 2638 1031 2704 faciem
1047 2663 1147 2712 suam.
1167 2640 1256 2706 Tho-

222 2775 295 2816 rum
311 2761 417 2814 autem
434 2749 620 2816 concubine
636 2747 854 2836 polluitquem
866 2749 1021 2828 ascendit,
1035 2750 1138 2826 idest,
1150 2749 1253 2838 legem

224 2859 336 2926 veteris
360 2857 551 2932 testamenti,
575 2879 671 2944 quam
700 2880 782 2947 saepe
812 2859 1046 2945 praevaricando
1072 2858 1251 2928 maculavit.

225 2970 322 3050 Quod
337 2981 443 3034 autem
463 2967 496 3032 in
515 2968 702 3034 concubine
720 2991 855 3056 persona
875 2967 926 3033 lex
944 2970 1057 3034 veteris
1075 2973 1253 3038 testamenti

224 3091 374 3169 ponatur,
391 3075 506 3143 Paulus
525 3076 635 3141 docuit
656 3075 765 3141 dicens
777 3099 785 3139 t
799 3076 984 3142 «Abraham
1003 3079 1082 3144 duos
1097 3076 1178 3144 filios
1196 3078 1256 3146 ha-

225 3191 334 3264 shuts,
358 3209 456 3252 unum
479 3185 519 3250 de
536 3183 661 3260 aneilla,
684 3199 716 3251 et
739 3209 838 3251 unum
860 3184 1030 3253 delibera.
1058 3189 1133 3254 llaec
1149 3200 1256 3258 autem

225 3329 238 3362 s
253 3309 327 3364 sunt
338 3297 402 3361 duo
416 3306 603 3360 testamenta
613 3292 636 3358 ⁸.
652 3295 711 3359 »ln
723 3317 787 3382 quo
799 3295 979 3384 Agar,·quoe
991 3297 1169 3362 consuluisae
1183 3297 1256 3373 fuit,

225 3415 258 3478 in
282 3409 394 3476 veteris
413 3407 591 3471 testamenti
610 3407 738 3495 ponitur
755 3419 842 3494 typo.
867 3407 934 3470 Una
955 3408 1071 3472 etenim
1092 3421 1160 3472 erat
1182 3432 1256 3496 per·

224 3523 306 3588 fecta
319 3517 465 3586 columba
481 3517 639 3605 genitricis
654 3539 730 3591 suae,
745 3541 816 3604 quae
828 3517 914 3606 virgo
925 3529 1009 3583 casta
1023 3517 1128 3606 regina
1140 3541 1257 3606 sponso

225 3633 290 3722 regi
305 3627 444 3696 Ecclesia
462 3651 519 3716 per
532 3625 736 3716 Evangelium
753 3627 896 3718 jungitur
912 3626 1047 3692 Christo.
1063 3627 1126 3692 Sed
1142 3639 1174 3691 et
1186 3651 1259 3694 mo-

259 3786 267 3818 ¹
282 3782 565 3841 G=enes.n.1x‚3,t.-
580 3781 695 3831 ².lercrn.
709 3801 738 3840 ιι,
749 3799 787 3830 aa.
805 3781 853 3818 -l
869 3781 995 3841 Exod.1v,
1011 3797 1048 3829 aa.
1062 3781 1111 3817 —l
1127 3783 1184 3829 lsai.
1201 3801 1218 3840 1,
1231 3783 1257 3842 8,

229 3879 267 3911 ra.
278 3889 308 3899 -
321 3860 330 3892 ⁸
342 3861 398 3908 Act.
411 3875 455 3918 vu,
469 3861 546 3907 51.-
560 3856 662 3906 ε(ὶιιΙιιι.
675 3873 710 3916 ιν,
723 3873 761 3906 aa.
