2776 4616
231 253 293 332 452
676 273 820 318 ostentus

232 409 349 473 essent,
367 414 431 462 non
454 417 490 460 ee
514 395 623 483 utique
647 393 815 462 revelasset
837 391 955 460 famulo
977 413 1036 458 suo
1054 391 1172 481 Moysi,
1197 414 1272 480 quse

232 505 344 595 procul
356 505 476 593 positus
488 525 562 572 oum
575 506 613 571 eb
622 527 661 570 eo
673 506 737 593 regi
749 502 867 570 Balach
879 503 1072 576 dicerentur,
1082 511 1208 567 eertum
1219 510 1272 564 ‘est

232 615 390 705 quodnisi
403 637 419 678 e
433 601 500 678 Deo
511 611 717 679 sibi·revolste
726 613 849 701 Moyses
857 613 939 679 scire
950 634 1014 677 non
1025 609 1139 700 potuit.
1151 609 1275 677 Adhuc

233 738 341 792 eutem
358 723 398 790 od
418 723 644 789 destruendum
664 723 790 810 penitus
808 721 1046 796 divinationem,
1064 717 1112 784 rei
1130 741 1275 808 augura-

159 859 167 874 *
236 835 367 910 tionem,
380 844 476 922 etque
493 831 552 898 ulia
565 831 763 921 hujusmodi,
777 832 874 896 etiam
890 831 954 898 hoc
972 840 1193 918 competenter
1211 829 1275 893 nd-

236 941 360 1017 demus,
387 942 474 1031 quod
498 963 608 1008 omnes
628 942 678 1008 isti
697 941 802 1007 evium
821 940 871 1006 vel
889 939 1073 1006 animalium
1092 938 1275 1006 ministerio

236 1063 383 1128 utuntur,
396 1052 451 1117 sed
464 1049 575 1118 talium
586 1074 656 1137 quae
666 1061 699 1115 ct
711 1049 875 1128 immundo
888 1049 1071 1116 scribuntur
1083 1050 1115 1114 in
1126 1048 1225 1138 Lege,
1239 1061 1275 1112 et

236 1163 377 1230 humano
388 1162 497 1251 generi
509 1161 792 1250 deprehenduntur
804 1183 930 1250 semper
945 1159 1136 1236 insidiantia,
1147 1183 1190 1226 ex
1206 1183 1274 1248 quo

238 1273 346 1362 utiquo
364 1271 592 1362 opportunu'et
609 1270 704 1360 digna
728 1270 904 1336 ministerio
921 1271 1102 1336 daemonum
1127 1269 1274 1358 judicato
1362 1339 1363 1344 γ

238 1395 322 1449 sunt.
344 1383 424 1450 Nem
445 1381 643 1470 Pythonibus
666 1381 819 1447 dracones
840 1377 956 1466 aliique
974 1390 1136 1467 serpentes
1156 1379 1274 1444 minis·
1362 1387 1363 1394 ’

117 1525 121 1533 ·
237 1506 322 1560 trare
334 1491 561 1583 perhibentem
577 1490 749 1579 auguribus
760 1501 792 1554 et
804 1489 841 1554 iis
852 1489 905 1576 qui
916 1511 956 1552 ex
966 1487 1181 1554 incidentibus
1194 1487 1274 1554 divi·

237 1605 332 1670 nnndi
346 1614 473 1692 capture
484 1611 638 1690 putentur
649 1599 801 1688 auspicia,
815 1612 870 1665 aut
886 1596 951 1688 lupi
963 1599 1068 1664 serunt
1080 1599 1201 1675 omino,
1214 1613 1273 1664 ent

238 1712 359 1802 vulpes,
372 1724 427 1778 out
438 1711 617 1800 accipitres,
635 1723 689 1775 out
700 1709 801 1786 corvi,
812 1721 867 1774 eut
878 1707 1003 1797 oquilae,
1016 1720 1071 1774 cut
1081 1707 1142 1774 elin
1156 1709 1250 1797 hujus
1263 1749 1272 1757 -
1362 1713 1363 1726 ³

238 1822 338 1895 modi,
355 1844 425 1907 quae
442 1820 474 1884 in
488 1819 571 1907 Lege
586 1816 722 1905 Moyses,
737 1831 771 1882 ut
782 1818 929 1894 diximus,
943 1817 979 1884 iis
994 1818 1091 1884 credo
1111 1819 1151 1884 dc
1166 1818 1269 1885 causis
1362 1803 1363 1806 Ἴ

238 1928 543 1996 noteritimmnnde.

283 2037 367 2105 v111.
390 2038 465 2104 Post
480 2038 549 2106 haec
570 2063 578 2104 ε
597 2042 719 2116 «Ecce,
740 2037 864 2126 inquit,
885 2039 1021 2129 populus
1040 2041 1122 2106 sicut
1146 2038 1275 2107 catulus

242 2147 369 2215 »leonis
381 2161 524 2238 exurget,
541 2163 573 2215 et
594 2151 675 2215 sicut
693 2148 743 2216 leo
757 2148 943 2216 exultabit¹.
957 2177 970 2212 o
984 2151 1021 2216 In
1036 2151 1073 2215 iis
1093 2150 1172 2216 mihi
1188 2149 1274 2216 vido-

240 2270 294 2323 tur
304 2257 532 2324 confidentiam
546 2257 654 2347 popuii
670 2259 850 2325 describere
862 2260 1019 2328 credentis
1036 2261 1068 2326 in
1084 2260 1231 2338 Christo,
1243 2275 1278 2326 et

242 2365 421 2433 libertatem
433 2391 528 2456 quom
547 2368 643 2435 hebet
658 2369 690 2434 in
706 2368 782 2446 ssde,
796 2380 828 2434 et
843 2369 1068 2445 exultationem
1080 2395 1176 2458 quesn
1192 2374 1278 2461 gerit

241 2476 676 2565 inspe.Comperetureni1n
688 2477 793 2544 catulo
806 2478 917 2556 leonis,
932 2503 1007 2546 cum
1024 2482 1126 2548 tendit
1142 2483 1185 2548 ed
1204 2507 1277 2571 per-

241 2586 409 2652 fectionem
429 2583 530 2662 laetus,
543 2597 576 2650 et
591 2583 682 2652 velox
702 2609 711 2651 τ
729 2585 812 2652 leoni
828 2612 902 2654 vero
920 2589 1096 2666 confertur,
1115 2612 1190 2656 oum
1209 2593 1278 2679 jum

241 2698 365 2764 obtinet
376 2719 446 2784 quae
457 2695 596 2786 perfecte
613 2709 695 2761 sunt.
711 2696 802 2765 Siout
814 2699 899 2764 enim
915 2698 965 2765 leo
979 2711 1013 2766 et
1031 2699 1154 2768 cetuius
1173 2699 1279 2768 leonis

243 2801 366 2870 nullum
377 2803 507 2881 animal,
520 2802 640 2871 nulium
652 2806 785 2871 bestiam
797 2808 922 2884 timent,
936 2807 1077 2876 sedeunt
1092 2809 1137 2874 eis
1156 2825 1279 2880 cuncto

243 2914 386 3001 subjecte
400 2936 408 2978 t
423 2915 465 2980 itu
477 2925 510 2980 et
521 2914 663 3004 perfeeto
675 2900 868 2992 (ihristieno,
881 2918 935 3005 qui
946 2917 1028 2984 tollit
1043 2941 1172 2988 crucem
1184 2945 1281 2988 suam

242 3036 275 3088 et
290 3023 432 3109 sequitur
445 3023 620 3099 Christum,
634 3025 687 3110 qui
704 3036 808 3112 potest
820 3024 926 3092 dicere
940 3049 948 3090 :
969 3026 1069 3092 ‹Mihi
1081 3029 1172 3094 enim
1183 3052 1282 3097 mun-

242 3133 330 3198 tdus
350 3132 521 3199 crucifixus
542 3143 603 3208 est,
628 3145 661 3197 et
683 3156 742 3222 ego
759 3133 939 3211 mundo²‚o
955 3149 1071 3202 cuncte
1094 3135 1280 3216 calcentur,
1362 3179 1363 3184 κ

242 3253 357 3308 cuncte
379 3243 523 3330 subjectu
546 3251 630 3306 sunt.
655 3241 797 3331 Despicit
813 3243 898 3309 enim
915 3257 948 3308 ot
969 3245 1145 3312 contemnit
1168 3249 1281 3314 omnin
1362 3285 1363 3288 =

242 3373 313 3440 quse
332 3352 364 3417 in
381 3351 577 3418 hosmundo
589 3364 676 3427 sunt,
688 3363 721 3417 et
741 3353 882 3421 imitetur
898 3377 972 3420 eum
988 3356 1042 3444 qui
1060 3353 1167 3420 leode
1186 3359 1278 3425 tribu
1362 3399 1363 3418 i

240 3461 325 3527 dudo
348 3461 476 3536 dieitur,
493 3473 525 3526 et
547 3461 670 3528 catulus
689 3459 788 3528 ieonis
808 3463 939 3537 dicitur;
966 3465 1037 3551 quio
1054 3467 1136 3532 sicut
1150 3462 1205 3531 lux
1231 3481 1283 3534 est
1362 3483 1363 3486 ’

241 3567 366 3644 mundi,
390 3581 422 3634 et
442 3567 605 3660 discipulis
620 3572 684 3636 suis
699 3569 786 3638 dedit
801 3583 836 3636 ut
851 3584 883 3636 et
900 3572 958 3660 ipsi
978 3586 1087 3639 essent·
1100 3573 1155 3640 lux
1178 3575 1283 3664 hujus

147 3706 156 3717 *
241 3677 365 3753 mundi,
378 3677 422 3742 ite
437 3689 469 3743 et
485 3701 559 3746 oum
583 3679 649 3770 ipse
665 3681 705 3746 sit
726 3679 776 3746 leo
796 3693 829 3746 et
844 3681 967 3752 catulus
983 3682 1094 3762 leonis,
1111 3686 1282 3753 credenti·
1362 3677 1363 3684 ἵ

241 3789 300 3856 hus
319 3787 358 3852 in
384 3810 418 3852 se
444 3809 561 3854 nomen
582 3785 681 3856 leonis
702 3799 735 3854 et
754 3783 851 3855 catuli
870 3789 970 3859 leonio
988 3793 1165 3883 adscripsit.
1192 3795 1281 3864 Vide

275 3917 398 3966 ¹Nurner.
412 3933 485 3975 xtru,
500 3918 537 3976 nd.
548 3947 578 3954 —
589 3917 597 3952 ¹
608 3917 690 3968 Galat.
702 3934 736 3980 vt,
750 3921 787 3977 td.
