2744 4624
249 276 290 357 pti
376 331 378 334 .
694 289 836 334 onrcums

249 408 360 474 fratres
375 409 406 474 in
423 408 592 498 Evangelio
604 411 791 483 nominavit,
806 410 919 476 merito
931 406 1139 475 collaudatur.
1154 407 1288 474 lnimici

249 541 324 586 vero
342 520 411 607 ejrrs
427 543 522 609 super
536 544 673 608 qnorum
694 521 785 589 dorsa
805 543 915 586 manns
935 520 1004 608 ejus
1023 521 1084 592 e'st.
1102 516 1147 584 illi
1165 516 1287 583 intelli-

250 643 368 717 guntur
386 653 464 717 quos
484 631 578 698 Pater
590 631 747 720 promittit
762 633 819 696 snb
838 631 934 719 pedes
954 631 1024 716 ejus
1039 651 1072 694 sa
1088 629 1287 716 positurum,

250 741 358 806 dicens
374 763 382 804 :
397 768 410 800 ι
426 741 509 808 Sede
524 765 541 808 a
556 742 673 808 dextris
692 743 783 816 meis,
797 741 900 807 donoc
916 761 1033 828 ponam
1050 739 1195 804 inimicos
1205 737 1290 804 tuos

252 854 337 917 »sub
359 853 492 939 pedibus
516 853 729 918 tuis¹.rSunt
750 875 825 941 ergo
845 851 977 925 inimici,
1001 850 1103 915 donec
1124 849 1288 914 increduli

251 972 325 1025 sunt
339 973 371 1026 ct
387 959 542 1038 infideles,
554 973 587 1025 et
598 961 669 1026 idco
684 961 851 1027 caeduntur
863 961 895 1025 in
908 972 997 1048 tergo
1009 959 1062 1046 qui
1074 967 1288 1046 posteaquam

252 1071 394 1135 conservi
416 1070 533 1136 fuerint
547 1069 729 1136 cfficiuntur
751 1070 876 1145 iratres,
893 1083 926 1134 et
941 1067 1122 1137 collaudant
1138 1091 1213 1132 enm
1229 1068 1288 1156 qui

252 1203 306 1244 eos
321 1180 353 1244 in
369 1180 571 1268 adoptionem
587 1181 687 1246 Patris
704 1193 829 1247 vocatos
844 1181 902 1246 sibi
921 1193 954 1244 et
969 1179 1150 1247 coheredes
1165 1178 1241 1244 lecit
1255 1192 1290 1244 et

252 1288 372 1356 srutrese
387 1290 474 1355 Bene
489 1302 597 1356 antem
612 1304 698 1380 terga
712 1291 915 1356 inimicorum
927 1291 1005 1355 caedi
1018 1289 1123 1355 dixita
1137 1289 1268 1354 Christo
1276 1314 1286 1362 ς

251 1421 360 1463 omnes
375 1401 460 1464 enim
476 1401 529 1488 qui
544 1400 719 1466 adorabant
739 1399 836 1475 idola,
853 1413 944 1490 terga
956 1399 1077 1466 dabant
1092 1397 1160 1462 Deo
1175 1420 1184 1462 τ
1203 1399 1289 1464 sicut

249 1520 282 1572 et
293 1530 350 1596 per
360 1509 550 1598 Pnophctam
566 1510 720 1576 Dominus
732 1501 903 1598 exprobrat
915 1507 1023 1575 diceus
1036 1529 1043 1572 ε
1058 1507 1143 1586 «Qui
1155 1529 1288 1574 conver·

252 1645 266 1678 ι
280 1625 389 1684 terunt
404 1620 445 1684 od
460 1643 511 1684 mc
526 1620 618 1685 dorsa
630 1643 685 1684 sua
701 1632 734 1684 et
749 1643 814 1686 nou
826 1621 940 1685 faciem
951 1617 973 1684 ¹.
988 1648 1000 1681 ι
1013 1619 1088 1684 ltaec
1102 1641 1178 1706 ergo
1190 1619 1285 1684 dorsa

253 1730 358 1805 caedit,
378 1741 412 1794 ut
432 1732 573 1796 conversi
597 1730 767 1819 aliquando
786 1745 872 1818 terga
893 1731 970 1796 dent
990 1731 1095 1802 idolis,
1118 1742 1146 1794 et
1168 1729 1283 1794 sisciam

252 1841 375 1929 erigant
394 1840 434 1904 ad
454 1841 569 1916 Deum,
587 1854 621 1908 ct
642 1842 760 1908 saciant
781 1841 843 1907 hoc
864 1841 950 1929 quod
970 1843 1002 1906 in
1018 1839 1281 1928 consequentibus

252 1951 405 2038 scriptum
421 1963 468 2016 est
481 1973 515 2014 :a
533 1953 573 2015 Et
589 1953 722 2017 adorent
733 1963 764 2016 to
780 1950 836 2016 lilii
854 1952 951 2040 patris
966 1949 1045 2015 tui⁸.
1059 1978 1071 2011 ι
1089 1948 1179 2016 Tunc
1199 1948 1286 2012 enim

251 2082 326 2125 eum
340 2060 487 2136 odorant,
504 2085 577 2126 cum
590 2060 645 2126 filii
658 2061 758 2126 Patris
770 2062 887 2126 fuerint
898 2061 1015 2137 allecti,
1028 2073 1060 2125 et
1072 2061 1216 2148 spiritum
1230 2059 1285 2123 ad-

249 2165 386 2253 optionis
398 2169 589 2256 acceperint,
600 2170 704 2256 inquo
717 2169 868 2234 clament:
883 2169 1007 2244 «Abba,
1017 2169 1135 2234 Pater.
1146 2167 1283 2236 »uNemo

250 2299 264 2334 ιι
280 2276 369 2338 anim
385 2275 461 2340 dicit
476 2276 648 2341 Dominum
659 2278 771 2343 lesum
784 2280 842 2344 nisi
855 2279 887 2342 in
904 2277 1022 2366 Spiritu
1035 2291 1145 2344 sancto
1158 2278 1180 2342 ⁶.
1195 2309 1207 2340 ι
1220 2279 1284 2344 Iste

250 2403 354 2448 sermo
373 2384 468 2473 paulo
489 2386 598 2450 durius
616 2385 753 2451 refertur
768 2385 808 2451 ad
823 2385 954 2462 ludam,
971 2387 1028 2452 nisi
1045 2389 1176 2453 abusive
1195 2389 1281 2453 dica-

250 2513 321 2557 mus
341 2494 487 2570 adoratos
506 2519 574 2561 osse
595 2498 683 2584 quasi
707 2515 796 2585 reges
818 2522 835 2561 a
860 2497 1007 2562 fratribus
1032 2498 1108 2572 suis,
1132 2498 1165 2562 id
1187 2510 1284 2572 est,a

252 2605 372 2669 caeteris
388 2605 619 2671 contribulibus
633 2607 715 2672 filios
727 2607 822 2676 luda.

296 2711 335 2778 V.
353 2736 366 2772 ι
379 2712 509 2778 Catulus
521 2712 621 2778 leonis
633 2715 653 2781 J
656 2715 730 2790 uda,
739 2716 778 2780 de
789 2717 931 2804 germino
942 2719 1011 2804 ejus
1023 2718 1165 2783 ascendit
1175 2741 1183 2782 :
1195 2740 1286 2782 recu-

252 2823 358 2886 sbans
374 2822 516 2887 dormisti
533 2824 615 2888 sicut
631 2824 694 2902 leo,
707 2839 738 2890 et
754 2827 835 2890 sicut
851 2825 975 2892 catulus
991 2826 1102 2898 lconis.
1120 2828 1196 2907 Quis
1211 2849 1289 2892 sos-

251 2932 390 2997 »citabit
408 2932 546 2997 oum⁸lr
561 2934 597 2998 ln
614 2934 664 3000 his
688 2935 846 3001 versiculis
870 2959 934 3002 non
955 2939 1019 3024 jam
1045 2937 1286 3014 concludimur,

220 3107 227 3114 ,
250 3040 306 3104 sed
321 3063 402 3128 peno
413 3039 633 3106 excludimur:
649 3065 722 3108 nam
738 3043 881 3110 catulum
895 3042 993 3112 lconis
1012 3047 1036 3111 si
1057 3069 1211 3135 ponamus
1227 3045 1287 3110 Ju-

252 3150 326 3214 dam
349 3149 411 3215 dici
434 3173 525 3236 posse
547 3174 605 3238 pro
627 3152 743 3216 virtute
762 3151 913 3228 bellandi,
935 3155 1095 3241 quomodo
1118 3155 1289 3242 exponitur

252 3261 338 3348 quod
366 3257 404 3323 dc
426 3260 568 3349 germine
596 3259 666 3348 ejus
694 3261 811 3328 dicitur
836 3263 1038 3328 ascendisse?
1060 3249 1202 3329 German
1225 3287 1288 3326 au-

252 3383 317 3436 tem
336 3371 389 3436 hic
415 3369 447 3434 in
467 3393 570 3458 graeco
597 3375 695 3441 ilari:
717 3372 846 3447 dicitur,
862 3372 950 3458 quod
971 3373 1071 3460 magis
1097 3371 1289 3460 virgultum,

251 3480 300 3546 vel
318 3502 424 3545 ramus
442 3481 558 3545 rectius
577 3480 815 3569 interpretatur,
832 3482 887 3568 qui
906 3481 946 3545 de
966 3479 1071 3546 r'adice
1093 3477 1291 3569 repullulare

252 3589 301 3656 vel
319 3589 358 3654 do
381 3590 449 3679 ipso
470 3592 584 3656 robore
600 3591 721 3656 arboris
740 3589 830 3656 solet.
846 3591 893 3655 Ex
907 3613 970 3677 quo
986 3612 1061 3678 ergo
1073 3586 1221 3678 virgulto,
1238 3587 1290 3654 vol

251 3725 290 3766 ex
311 3724 375 3788 quo
397 3723 483 3768 ramo
505 3701 604 3766 ludas
624 3701 802 3767 ascendisse
823 3702 963 3769 dicituri'
986 3699 1033 3766 vel
1053 3697 1214 3787 quomodo
1237 3723 1292 3765 re-

284 3857 397 3907 ¹Psalm.
410 3875 449 3918 cx,
462 3875 484 3906 a.
496 3885 526 3895 -
541 3857 656 3908 ²lorem.
671 3878 697 3910 ιι,
713 3877 752 3921 27.
763 3887 793 3896 -·
806 3858 815 3891 ⁸
827 3859 896 3908 Gon.
907 3847 1050 3918 ιιιιιι,8.--Ι
1059 3857 1069 3891 l
1082 3835 1156 3928 llolin'.
1168 3851 1228 3917 Ἰιιιιι,
1247 3861 1287 3906 ι5.

251 3935 300 3970 -l
314 3951 321 3982 ι
334 3935 392 3983 Cor.
407 3950 452 3993 an,
467 3933 489 3980 3.
502 3962 531 3972 --·
544 3935 553 3966 ὓ
565 3937 656 3984 Gcnca.
669 3951 737 3994 ιιικ,
749 3951 773 3998 9.
1159 3934 1161 3939 ’
