2748 4596
361 245 394 288 ιιι
417 227 530 288 aranon
552 245 622 286 ιιιιιι
648 246 730 290 nava
754 249 827 292 ιιοιι.
855 251 889 291 ιι.
1074 233 1075 236 ’
1122 251 1142 314 9

110 369 300 441 consecraria
325 392 400 434 cum
416 370 529 436 videris
553 371 732 438 sacerdotes
755 385 786 436 et
801 372 911 438 levitas
929 396 994 438 aon
1012 374 1141 462 sangui-

110 502 176 544 nem
190 478 356 544 hircorum
370 489 402 543 et
423 489 603 553 taurorum,
620 479 676 546 sed
697 481 831 546 verbum
853 481 911 547 Dei
930 505 986 569 per
1007 482 1141 570 Spiritus

109 587 203 654 sancti
223 586 356 675 gratiam
379 586 610 663 ministrantes,
636 599 713 654 tunc
737 588 835 654 dicito
858 589 932 676 quia
952 589 1045 654 desus
1072 601 1143 678 post

110 695 235 783 Moysen
251 694 407 782 suscepit,
424 705 456 758 et
477 694 615 758 obtinuit
637 696 869 784 principatum,
895 719 960 762 non
976 694 1028 762 ille
1051 697 1143 765 desus
1197 761 1203 773 ,

112 801 190 872 filius
210 803 313 877 Nave,
331 801 387 866 sed
403 799 494 867 Jesus
509 800 592 866 silius
611 802 680 868 Dei.
707 803 789 868 Cum
809 804 923 868 videris
939 806 1011 892 quia
1026 787 1143 892 pascha

113 919 251 974 nostrum
267 903 449 972 immolatus
463 917 510 970 est
523 904 667 972 Christus
683 918 716 970 et
728 930 838 995 azyma
848 907 972 972 edimus
984 908 1144 974 sincerita·
1240 925 1243 932 ’

112 1017 165 1090 tis,
181 1027 214 1080 et
230 1014 367 1082 veritatis
376 1037 387 1088 ς
405 1035 478 1080 cum
495 1013 609 1079 rideris
626 1014 747 1082 fruetus
763 1027 855 1080 terrae
873 1017 965 1082 honae
985 1017 1017 1082 in
1032 1015 1145 1086 Eccle-

47 1109 51 1112 ’
110 1124 151 1188 sia
165 1121 342 1188 tricesimos
352 1171 369 1197 ,.
383 1122 592 1210 sexagesimos
608 1134 641 1186 et
655 1123 863 1200 centesimos,
885 1124 917 1188 id
931 1137 997 1200 est,
1014 1125 1143 1199 viduas,

110 1242 139 1296 et
150 1231 304 1318 virgines,
321 1241 354 1294 et
364 1240 538 1316 martyres;
553 1253 628 1296 cum
641 1229 755 1296 videris
768 1229 970 1318 multiplicari
986 1233 1145 1298 semenls·

111 1337 172 1407 rael
184 1362 222 1402 ex
237 1339 273 1402 iis
283 1365 296 1398 ι
305 1337 358 1424 qui
371 1361 483 1402 nonen
494 1339 700 1426 sanguinibus
711 1388 719 1414 ,
730 1362 834 1425 neque
846 1362 884 1402 ex
896 1338 1058 1405 voluntate
1070 1340 1144 1415 tiri,

115 1471 234 1534 »neque
244 1471 285 1512 ex
295 1445 457 1512 voluntate
473 1447 594 1522 carnis,
612 1449 668 1512 sed
679 1470 719 1512 ex
732 1448 800 1512 Deo
813 1449 994 1524 natisnat¹‚
1006 1461 1060 1512 »ot
1073 1473 1146 1514 cunr
1233 1519 1245 1536 „

114 1556 224 1621 videris
239 1553 318 1620 filios
337 1555 401 1648 Dei¹
414 1555 468 1643 qui
486 1553 616 1642 dispersi
635 1568 744 1631 erant,
759 1558 949 1644 congregari
969 1557 1002 1622 in
1022 1580 1142 1632 unum;
1216 1557 1218 1564 ’

114 1689 185 1730 cum
193 1663 305 1728 videris
316 1663 511 1727 sabbatizare
522 1650 676 1752 populum
685 1663 742 1728 Dei
752 1713 761 1740 ,
771 1686 835 1730 aon
847 1663 950 1728 otium
957 1677 1147 1752 gerentempa

112 1771 346 1838 conversatione
356 1771 535 1846 communi,
552 1771 608 1836 sed
620 1770 722 1837 otium
737 1783 900 1860 gerentem
911 1773 949 1836 ah
964 1773 1147 1860 operatione

109 1881 247 1970 peccati3
266 1902 341 1946 cum
357 1878 545 1944 haecomnia
562 1879 662 1955 rides,
679 1879 777 1944 dicito
789 1879 863 1967 quia
875 1878 998 1966 Moyses
1011 1879 1147 1956 famulus

110 1989 167 2057 Dei
178 1987 347 2054 defunctus
358 1998 423 2062 est,
439 1997 472 2051 et
479 1985 571 2055 desus
578 1984 661 2050 filius
673 1986 731 2052 Dei
741 1987 864 2050 obtinet
875 1987 1143 2076 principatum...

162 2094 245 2160 «Er
259 2095 354 2172 dixit,
370 2091 647 2182 inquit,Dominus
658 2093 700 2161 ad
711 2093 821 2160 desum
834 2093 935 2162 fitium
947 2096 1031 2164 Nave
1041 2095 1148 2164 minis-

112 2215 219 2268 atrum
240 2203 335 2268 Mosei
356 2203 504 2291 :Moyses
523 2201 658 2267 famulus
676 2189 776 2268 meus
789 2203 957 2269 defunctus
977 2215 1034 2268 est.
1054 2204 1148 2270 Nunc

113 2323 211 2400 »ergo
225 2335 376 2400 exurgens
392 2311 489 2376 transi
504 2310 679 2377 Jordanem
695 2310 782 2375 hunc
802 2322 837 2373 tu
849 2321 880 2374 et
893 2311 996 2375 omnis
1010 2307 1146 2400 populns

111 2418 188 2485 »hie
196 2419 227 2484 in
238 2431 354 2486 terram
366 2443 462 2507 quam
475 2419 516 2484 do
524 2419 612 2484 vobis
620 2418 643 2486 ³.
660 2419 832 2506 »Requires
843 2418 974 2484 fortasse
986 2419 1147 2507 quomodo

107 2529 253 2594 minister
267 2529 364 2595 Mosei
381 2529 475 2593 suerit
491 2527 586 2592 etiam
602 2528 756 2593 Dominus
771 2538 878 2592 noster
897 2525 987 2591 Jesus
1004 2527 1147 2591 Christus
1229 2608 1232 2612 ἡ

107 2635 193 2702 salius
208 2637 277 2703 Dei.
295 2637 378 2717 Quia
393 2662 406 2696 ι
422 2660 497 2702 cum
515 2634 650 2704 venisset
664 2633 829 2723 plenitudo
845 2647 1046 2724 temporum,
1063 2635 1148 2700 misit

108 2746 217 2810 »Deus
232 2743 334 2810 filium
350 2768 443 2809 suum
454 2755 563 2810 natum
577 2767 616 2807 ex
632 2741 784 2818 muliere,
797 2743 916 2808 factum
935 2745 995 2808 sub
1007 2740 1075 2831 iege
1085 2742 1106 2809 ⁶.
1128 2771 1140 2805 ι

105 2853 169 2922 Per
179 2853 326 2942 hocergo
339 2852 425 2941 qued
437 2851 537 2919 factus
549 2862 597 2915 est
613 2853 672 2916 suh
687 2849 755 2940 lege
767 2901 775 2924 ‚
788 2849 886 2914 Mosei
898 2849 1042 2915 minister
1057 2849 1149 2922 effec-

106 2974 160 3026 tus
182 2973 239 3026 est.
265 2961 348 3026 Dicit
374 2972 480 3028 autem
498 2959 609 3035 Deus,
637 2971 670 3022 ut
692 2970 850 3024 transeant
872 2959 904 3021 in
927 2969 1063 3034 terram,
1085 2983 1149 3026 non

106 3093 207 3158 quam
219 3068 307 3133 dedit
316 3067 458 3155 Moyses,
472 3066 526 3131 sed
541 3091 648 3154 quarn,
666 3066 786 3154 inquit,
799 3089 853 3153 ego
871 3065 909 3130 do
923 3066 1005 3131 nobis
1014 3065 1034 3130 ⁶,
1053 3065 1150 3133 Vides

105 3198 186 3264 ergo
203 3173 617 3261 quiaMoseomortuoDeus
633 3172 686 3237 dat
698 3182 815 3236 terram
831 3170 949 3262 populo
962 3171 1147 3263 pechsum.

103 3283 220 3368 *Quam
238 3281 378 3348 terram?
398 3278 488 3346 Mlam
513 3281 580 3345 sine
601 3280 699 3347 dubio
723 3279 762 3343 de
778 3305 840 3367 qua
868 3279 945 3346 dicit
966 3281 1149 3348 Dominus:

120 3391 236 3455 «Beati
259 3391 437 3465 mausueti,
459 3389 531 3478 quia
562 3389 620 3480 ipsi
648 3387 832 3454 haereditate
855 3389 1061 3482 possidebunt
1085 3402 1151 3458 ter-

108 3497 259 3564 nram⁰.a

147 3679 334 3742 ¹Joan.1,13.

144 3773 201 3820 ²N.
216 3787 309 3818 ιι-ιιι.

145 3855 1003 3922 Uos.1.1,a.-¹Gal.1r,d.—‘Jos.r,2.-—⁸Matrh.v,4.
