2744 4624
396 282 429 325 rn
452 279 586 324 ennnsru
608 279 738 323 nomin
762 279 837 322 xvu.
1091 283 1131 346 79

89 400 219 475 Christo
230 405 302 470 htee
313 401 378 466 lroe
393 397 489 464 modo
505 397 670 462 rideantur
688 395 818 485 intelligi
833 420 841 460 τ
854 397 929 484 quie
944 419 1034 462 «non
1050 397 1129 464 defi-

89 517 181 583 reiet
203 513 353 602 princeps
374 531 415 572 ex
437 505 557 580 tuda„
571 505 604 570 id
621 517 682 579 est,
699 504 751 569 hie
764 504 819 593 qui
834 518 905 593 post
921 509 1130 573 resurreetio-

91 647 167 692 nem
178 625 250 710 ejus
259 618 478 687 Eoelesinrum
492 616 638 704 princeps
649 614 830 687 ordinatum
844 626 895 680 «et
907 613 971 680 dux
983 615 1022 679 de
1034 615 1133 680 lemo-

93 733 211 796 »ribus
233 731 311 816 ejus,
325 757 338 788 ι
353 728 453 792 duces
473 745 599 812 quoque
622 722 874 788 Christianorum
895 723 934 788 tle
955 723 1129 790 feruoribus

98 839 214 905 Christi
231 839 290 902 hoe
304 835 402 900 modo
417 843 566 920 exponet.
581 830 722 895 Membra
739 831 857 896 Christi
871 853 939 898 esse
952 834 1029 900 dicit
1041 834 1129 922 Apo-

97 945 194 1013 stolus
202 945 327 1011 litlelem
339 939 676 1033 populumsineduhio
684 938 889 1026 spiritualiter
897 938 1124 1030 intelligenda¹.

94 1059 227 1124 Possunt
241 1079 317 1144 ergo
334 1066 367 1118 et
379 1053 501 1118 femore
516 1051 586 1139 ejus
603 1047 807 1136 spiritualiter
817 1047 975 1114 intellecta
987 1049 1128 1115 indicare

89 1190 144 1232 eos
156 1165 209 1254 qui
221 1188 281 1253 pro
294 1163 446 1228 firmitate
460 1173 494 1226 et
509 1159 684 1225 constantin
701 1156 893 1222 fortitudinis
905 1181 999 1224 omne
1011 1182 1128 1246 eorpus

90 1273 242 1341 Eeclesiae
258 1285 436 1338 sustentare
453 1269 602 1334 videntur
615 1280 648 1331 et
661 1267 754 1332 serre.
774 1265 832 1332 Vel
846 1269 919 1355 quin
937 1269 1067 1334 humani
1083 1293 1130 1334 se-

91 1384 189 1448 minis
209 1382 367 1447 indicium
389 1379 465 1444 solet
487 1379 519 1444 in
542 1378 699 1442 femorum
720 1375 930 1464 appellatione
952 1377 1128 1466 figuraliter

99 1490 180 1560 ‹liei3
200 1489 286 1576 apud
301 1511 358 1551 nos
375 1499 476 1552 eutem
490 1487 545 1576 qui
561 1485 708 1559 seminat,
724 1487 859 1551 verbum
874 1489 1028 1552 seminet:
1044 1502 1131 1577 pote-

101 1608 179 1662 runt
202 1619 278 1686 ergo
303 1597 356 1684 qui
380 1597 586 1661 ministerium
611 1595 697 1659 verbi
725 1593 874 1660 Ecclesiae
899 1581 1129 1670 exhibentia

97 1707 215 1772 Christi
228 1705 400 1772 femoribus
416 1705 548 1795 intelligi
562 1706 660 1773 ducos
679 1728 842 1794 usquequo
857 1707 983 1772 veniant
997 1731 1067 1795 quae
1083 1730 1129 1772 re·

91 1816 192 1905 posita
208 1827 294 1880 sunt.
309 1817 349 1880 Et
365 1816 525 1881 videbitur
539 1816 582 1880 itn
601 1839 693 1905 posse
709 1813 851 1904 intelligi,
864 1817 951 1903 quod
970 1841 1070 1904 usque
1087 1817 1129 1882 ed

89 1927 399 1994 consummationem
412 1925 520 1992 saeeuli
536 1949 600 1993 non
616 1928 751 1993 deerunt
767 1927 816 1991 isti
832 1926 943 2003 duces,
957 1927 1059 1994 donee
1075 1951 1128 1993 ve-

89 2038 180 2103 nient
198 2059 235 2102 ee
256 2059 327 2125 quse
346 2039 486 2124 reposita
502 2050 588 2112 sunt,
608 2059 678 2125 quse
697 2038 882 2126 praeporerit
900 2039 985 2104 Deus
1004 2038 1052 2104 his
1073 2041 1127 2126 qui

90 2146 227 2235 diligunt
238 2170 324 2211 eum.
339 2147 404 2210 «Et
417 2148 483 2235 ipse
498 2149 558 2212 erit
572 2148 751 2236 expectatio
765 2147 921 2234 gentium,
936 2177 949 2209 s
961 2149 992 2213 in
1006 2150 1056 2213 die
1069 2149 1127 2213 sci-

93 2253 170 2318 lieet
180 2254 299 2341 judieii,
311 2277 387 2320 enm
400 2277 511 2320 omnes
526 2267 634 2344 gentes
646 2267 678 2320 et
690 2253 798 2343 populi
812 2255 974 2322 Christum
986 2257 1125 2346 judicem

94 2365 129 2429 in
143 2387 262 2452 pavore
276 2366 376 2431 cordis
389 2379 422 2430 et
439 2377 575 2431 tremore
591 2365 792 2432 conscientiae
808 2369 1032 2455 expectabunt.

133 2470 442 2562 V11.‹Attiganss‹t
458 2474 553 2539 vitem
574 2473 696 2564 pullum
718 2496 824 2548 suum,
848 2487 880 2539 et
903 2477 943 2539 ad
963 2474 1126 2562 palmitem

85 2609 99 2642 r
115 2581 240 2646 asinum
257 2605 347 2646 suern
359 2581 382 2646 ².
395 2611 407 2642 r
422 2583 491 2648 Hoo
503 2582 541 2647 tle
554 2583 683 2648 Christo
697 2597 729 2648 et
743 2583 870 2672 proprie
882 2595 913 2647 et
929 2585 1129 2673 singulariter

84 2691 224 2758 dieitur:
236 2692 305 2780 ipse
317 2694 402 2758 enim
415 2691 552 2782 alligavit
563 2694 603 2759 nd
617 2695 711 2759 vitem
723 2693 845 2782 pullum
859 2717 952 2758 sunm
966 2695 1018 2782 qui
1032 2695 1124 2760 dixit:

93 2804 185 2891 «Ego
200 2827 276 2867 sum
290 2803 360 2866 vitis
372 2802 496 2867 κη’.»
512 2803 562 2869 Ad
576 2803 660 2870 hane
682 2828 754 2870 vero
777 2806 873 2870 ritem
894 2803 1017 2892 pullum
1034 2829 1126 2871 suum

84 2910 223 3001 alligavit
239 2923 273 2976 et
288 2911 329 2975 etl
349 2909 512 2999 palmitem
534 2913 653 2977 asinam
670 2935 769 2977 suam.
786 2911 893 2977 Pullus
909 2925 1007 2976 estex
1024 2913 1127 3001 genti-

83 3021 140 3086 hus
158 3019 316 3112 populus,
334 3021 386 3086 cui
403 3022 512 3109 utique
532 3045 696 3109 nunqnam
713 3022 818 3088 adhue
834 3021 909 3110 legis
925 3045 1006 3087 onus
1024 3023 1127 3088 lirerat

84 3129 285 3218 impositum,
298 3142 332 3194 et
352 3151 448 3217 super
463 3151 559 3216 quern
575 3153 669 3194 nemo
685 3131 744 3194 nisi
761 3131 826 3218 ipse
847 3131 991 3196 Christus
1006 3132 1127 3196 insede·

86 3252 141 3304 rot.
154 3239 269 3305 Pullus
283 3262 360 3304 vero
373 3239 468 3304 nsinae
479 3253 552 3305 sunt
564 3239 596 3305 hi
609 3241 663 3326 qui
677 3241 716 3305 de
728 3241 832 3329 priore
844 3239 961 3330 populo
974 3241 1126 3328 quinune

88 3349 120 3412 in
132 3349 231 3439 ligura
248 3350 351 3416 seinse
368 3350 561 3425 nominatur,
578 3350 670 3416 electi
687 3351 815 3416 suntad
835 3351 981 3427 salutem,
998 3352 1038 3416 de
1059 3353 1127 3438 qni-

95 3457 151 3521 bus
163 3459 324 3550 Propheta
342 3459 420 3524 dicit
434 3484 441 3525 ε
454 3487 467 3520 r
478 3459 512 3524 Si
527 3459 645 3525 suerint
661 3459 715 3524 srlii
735 3459 830 3526 lsrael
846 3462 932 3548 quusi
949 3485 1042 3526 arene
1062 3486 1125 3528 ma·

92 3595 105 3628 ι
120 3569 169 3644 ris,
183 3569 329 3660 reliquiae
342 3565 435 3633 snlrae
453 3566 585 3633 lient‘.»
602 3569 735 3655 Ahjeetn
753 3592 829 3657 ergo
845 3570 943 3645 asina,
960 3594 1029 3658 qum
1045 3595 1125 3636 onus
1226 3557 1228 3564 ’

85 3676 156 3767 legis
170 3681 202 3747 in
220 3677 418 3746 infidelitate
430 3690 556 3765 portere
573 3676 696 3753 maluit,
708 3675 812 3765 pullus
824 3701 863 3741 ex
881 3678 945 3765 ipso
963 3691 1055 3743 uetus
1071 3677 1125 3743 eli-

112 3836 217 3890 ¹1Cer.
229 3858 266 3890 rr.
277 3865 311 3878 -
325 3837 337 3872 ²
349 3838 441 3888 Gener.
456 3853 522 3896 mex,
534 3853 611 3889 rr.-
624 3837 633 3870 ³
644 3838 717 3887 Joan.
733 3852 774 3895 xv,
791 3854 812 3884 r.
825 3835 874 3872 -l
890 3836 948 3885 lsni.
961 3853 985 3896 x,
1001 3851 1038 3883 υ.
1051 3834 1122 3882 [lom.

80 3927 114 3973 rx,
128 3929 166 3978 ²7·
1134 3922 1139 3928 ⁴
