2644 4612
192 263 253 326 tre
639 277 780 326 obscurus

192 403 241 471 vel
263 403 453 480 seminibus,
471 401 522 470 vel
540 400 701 492 virgultis,
721 401 771 468 vel
790 401 961 470 herborum
980 399 1167 480 radicibus,
1185 403 1233 472 vel

191 515 287 581 etism
309 513 571 580 inanimantibus
591 507 722 600 intelligi
741 523 845 600 potest
863 535 872 576 τ
890 525 926 578 ιιι
942 537 1034 580 usum
1054 514 1188 602 quidem
1205 528 1235 581 et

192 621 403 688 ministerium
415 615 597 687 hominibus
607 610 769 707 praebesnt
780 619 945 707 corporale
954 669 963 695 ,
973 617 1119 688 habeant
1132 633 1235 686 sutem

193 730 441 822 incorporalium
464 754 572 797 serum
597 731 713 796 formes
736 742 769 794 et
790 731 961 820 imagines,
985 733 1106 821 quibus
1134 733 1237 799 doceri

194 845 299 912 enimn
311 843 409 931 possit
421 891 429 918 ,
441 852 474 906 et
485 840 597 906 instrui
609 840 650 906 ed
665 839 910 928 contemplenda
920 842 1018 908 etiam
1029 865 1068 908 ee
1080 865 1161 932 quae
1170 857 1239 910 sunt

193 949 359 1018 invisibilis
376 961 408 1014 et
422 947 572 1015 celestis.
588 949 628 1014 Et
642 946 706 1014 boc
721 948 860 1014 fortassis
874 949 1022 1038 estquod
1032 948 1088 1016 ille
1102 952 1238 1040 smiptor

192 1059 306 1125 divine
321 1057 482 1146 sapientise
497 1054 574 1122 dicit
592 1079 600 1121 ε
620 1055 719 1144 «lpse
734 1057 821 1122 enim
834 1056 912 1123 mibi
929 1055 1017 1124 dedit
1032 1081 1157 1126 eorum
1174 1083 1237 1149 qne

195 1177 291 1231 »sunt
313 1164 477 1231 scientiam
497 1185 634 1239 verum,¹
647 1174 683 1227 ut
703 1163 801 1229 scium
824 1165 1034 1233 substantiam
1052 1167 1192 1244 mundi,
1208 1180 1237 1234 ct

195 1273 348 1338 surtutes
370 1270 619 1346 elementorum,
636 1270 782 1347 initium,
798 1283 830 1336 et
843 1270 961 1350 finem,
979 1285 1014 1338 et
1030 1273 1234 1344 medietatem

194 1393 397 1469 »temporum
408 1429 417 1457 ,
427 1379 677 1446 vicissitudinum
688 1380 936 1467 permutationes
947 1429 957 1456 ,
969 1391 1002 1446 et
1013 1385 1233 1450 conversione

197 1501 420 1578 »temporum
436 1499 469 1552 et
484 1487 558 1553 anni
574 1484 729 1561 circulos,
746 1496 780 1552 et
793 1485 954 1553 stellarum
969 1488 1172 1577 positiones,
1184 1515 1231 1558 ns·

195 1607 304 1670 »turos
320 1593 521 1670 animalium,
535 1606 568 1659 et
582 1593 644 1658 iras
659 1594 850 1669 bestiarum,
867 1594 1042 1683 spirituum
1053 1597 1224 1676 violentias,

195 1717 249 1770 set
263 1704 468 1792 cogitationes
483 1701 670 1776 bominum,
684 1699 876 1767 differentias
886 1702 1126 1791 virgultorum,
1138 1719 1167 1772 et
1176 1709 1223 1773 vir·

194 1823 301 1878 »tutes
322 1811 467 1877 radicum
488 1809 620 1875 :sedet
641 1830 850 1896 quecumque
870 1808 999 1876 occultu
1020 1823 1057 1876 et
1074 1815 1213 1880 msnr'sestr

195 1931 292 1985 »sunt
312 1916 474 2006 cognovi¹.
494 1915 604 1983 »Vide
625 1939 700 2004 ergo
721 1916 746 1980 si
766 1916 922 2004 possimus
942 1939 982 1982 ex
996 1917 1053 1984 his
1067 1921 1205 2007 &upote

147 2077 152 2091 .
194 2025 413 2100 sermonibus,
432 2047 470 2088 eo
487 2021 559 2111 qo'ae
576 2023 734 2088 discutere
754 2023 996 2112 proposuimus,
1016 2023 1145 2092 lucidius
1156 2029 1209 2092 esi-

195 2133 381 2220 dentiusque
399 2128 557 2219 colligere.
576 2129 702 2196 Etenim
719 2129 854 2218 scriptor
867 2131 926 2196 iste
941 2133 1111 2220 sepientiae
1125 2135 1219 2201 divine

91 2231 94 2234 ¹
193 2264 268 2308 cum
284 2238 405 2328 singulo
421 2260 552 2326 quseque
570 2249 804 2312 enumerasset,
820 2237 861 2304 ed
877 2237 1029 2306 ultimum
1044 2241 1147 2318 dixit,
1160 2245 1224 2330 quis

194 2346 410 2422 occultorum,
426 2358 459 2411 et
478 2343 718 2412 manifestorum
736 2346 894 2433 acceperit
912 2347 1084 2416 scientiam
1105 2363 1227 2416 :osten-

193 2455 271 2522 dens
294 2455 361 2520 sine
375 2453 474 2520 dubio
492 2453 580 2541 quod
601 2452 851 2550 unumquodque
863 2475 976 2520 eorum
992 2479 1069 2543 quae
1084 2457 1120 2524 in
1134 2461 1227 2524 mmi-

191 2565 271 2630 festo
283 2574 373 2638 sunt,
385 2561 540 2628 referetur
553 2559 593 2626 ed
605 2557 723 2647 aliquid
737 2581 849 2624 eorum
859 2585 932 2649 ,quae
944 2563 977 2627 in
988 2563 1127 2630 occulto
1138 2580 1228 2632 sunt:

191 2672 223 2737 id
237 2685 304 2747 est,
317 2667 438 2760 singula
454 2690 585 2756 quaeqne
601 2665 732 2734 visibilia
746 2666 864 2734 hebere
879 2667 997 2756 aliquid
1012 2671 1230 2742 similitudinis

190 2792 222 2846 et
241 2779 371 2846 rationis
386 2776 426 2842 od
444 2773 620 2842 invisibilia.
641 2775 723 2855 Quin
740 2797 817 2864 ergo
833 2775 1027 2864 impossibile
1044 2792 1098 2844 est
1111 2781 1233 2849 bomini

189 2889 222 2953 in
238 2910 333 2954 corne
350 2884 466 2951 viventi
483 2906 653 2973 agnoscere
672 2881 791 2970 aliquid
807 2883 847 2948 de
859 2883 992 2952 occultis
1011 2899 1046 2951 et
1060 2890 1235 2959 invisibili·

191 2998 249 3060 bus
260 3045 268 3070 ‚
280 2995 339 3060 nisi
351 2992 520 3080 imaginem
532 2988 670 3079 aliquam
685 3001 718 3053 et
729 2989 964 3058 similitudinem
984 3001 1180 3086 conceperit
1195 3003 1235 3067 de

189 3100 359 3166 visibilibus
378 3124 386 3165 z
401 3101 443 3165 ob
458 3099 521 3164 boc
537 3099 688 3173 arbitror,
702 3096 787 3184 quod
801 3097 854 3164 ille
869 3101 923 3187 qui
935 3103 1043 3167 omnis
1058 3105 1095 3168 in
1106 3111 1234 3195 sepien-

132 3277 137 3286 ,
188 3210 231 3274 tia
248 3207 341 3281 fecit,
361 3209 404 3273 its
423 3205 541 3272 cressit
564 3226 818 3294 unumquemque
835 3205 1004 3274 visibilium
1028 3213 1178 3298 speciem
1200 3221 1234 3284 in

188 3313 298 3387 terris,
315 3321 352 3375 ut
365 3311 398 3376 in
412 3310 461 3375 his
474 3309 652 3374 doctrinam
668 3309 837 3395 quomdam
851 3323 884 3375 et
902 3312 1099 3400 agnitionem
1117 3341 1236 3390 serum

189 3412 393 3483 invisibilium
414 3426 446 3477 et
460 3410 636 3478 coelestium
652 3422 783 3499 poneret
801 3437 809 3477 :
825 3436 890 3501 quo
905 3437 964 3504 per
980 3417 1049 3484 brec
1068 3426 1235 3491 oscende-

188 3537 237 3590 ret
254 3544 344 3588 mens
366 3519 503 3585 humano
531 3518 569 3584 sd
590 3517 760 3608 spiritalem
781 3519 1036 3611 intelligentiam,
1060 3541 1096 3592 et
1115 3553 1234 3602 rerum

188 3651 297 3699 causes
309 3633 342 3695 in
353 3625 533 3694 coelestibus
544 3637 699 3715 quaercret
710 3677 720 3703 ‚
733 3639 768 3693 ut
780 3643 885 3716 posset
900 3631 1012 3699 edocte
1028 3657 1088 3722 per
1101 3641 1236 3727 sapien-

74 3761 78 3770 ·
186 3741 264 3805 tiam
275 3737 334 3803 Dei
346 3735 441 3801 etism
456 3735 522 3823 ipss
535 3733 640 3800 dicere
658 3758 690 3800 :c
708 3736 787 3818 Qnae
803 3738 836 3805 in
851 3738 978 3807 occulto
993 3754 1086 3821 sunt,
1104 3759 1139 3812 et
1156 3773 1235 3837 quae

224 3876 633 3944 'ssp.v11,17,18,19‚sc,sr.
