2744 4624
516 341 547 386 tu
570 341 712 383 caxasru.
1092 319 1131 380 ad

94 529 914 554 vatsswtmmwuxuumumsunwnwwunnn
920 533 927 546 ι
933 528 1132 548 mmm-um

454 707 682 808 uentura
707 710 775 784 va
833 655 837 676 ⁸

396 915 444 971 De
467 913 540 972 Loth
556 929 580 972 ct
591 914 716 994 filiabus
736 915 808 994 qus.

140 1099 255 1176 Loth²,
270 1123 346 1166 cum
359 1123 458 1164 uxore
474 1111 506 1163 et
522 1097 646 1166 sdiubus
662 1102 826 1168 interitum
842 1102 962 1190 fugiens
975 1099 1133 1166 Sodomo-

96 1234 181 1284 rum,
196 1223 330 1298 accepto
342 1211 382 1273 ab
396 1207 525 1297 Angelis
542 1211 691 1275 mandato
707 1236 747 1276 ne
760 1225 934 1278 retrorsum
950 1210 1132 1297 respiceret,

98 1318 251 1384 tendebat
270 1319 303 1382 in
327 1317 437 1405 Segor.
456 1315 520 1382 Sed
538 1341 616 1382 uxor
630 1319 699 1406 ejus
722 1320 891 1384 immemor
913 1318 950 1382 fit
972 1315 1133 1404 praecepti,

99 1440 280 1492 retrorsum
303 1427 439 1514 respicit,
458 1427 640 1515 impositam
663 1426 767 1515 legem
791 1428 923 1514 rumpit,
942 1425 1079 1490 efficitur
1103 1424 1135 1486 in

107 1547 246 1599 statuam
261 1533 343 1598 satis.
354 1533 541 1599 putamusne
559 1547 682 1600 tuntum
698 1534 825 1601 sceleris
836 1537 869 1600 in
885 1535 948 1601 hoc
963 1557 1030 1599 esse
1045 1555 1137 1598 com-

108 1643 215 1716 misso,
230 1655 264 1706 ut
276 1644 348 1730 qnia
365 1645 496 1730 respexit
515 1642 643 1720 mulier,
663 1645 826 1710 interitum
842 1667 939 1734 quem
958 1643 1063 1707 divino
1077 1642 1137 1705 be-

102 1753 218 1820 neficio
232 1753 373 1842 effugere
389 1756 567 1831 videbatur,
585 1758 786 1822 incurreret?
803 1758 889 1835 Quid
904 1757 991 1820 enim
1011 1767 1134 1818 tantum

100 1864 241 1930 criminis
256 1864 382 1938 hahuit,
398 1864 423 1928 si
440 1861 573 1930 sollicita
590 1864 730 1929 mulieris
745 1887 834 1929 mens
856 1875 1030 1928 retrorsum
1053 1859 1138 1924 unde

102 1975 198 2038 nimio
212 1971 416 2038 flammarum
433 1974 556 2062 crepitu
574 1975 753 2038 terrebatur
768 1973 910 2061 aspexit?
922 1971 986 2036 Sed
997 1972 1070 2060 quia
1087 1969 1137 2034 lex

99 2081 267 2171 spiritualis
289 2095 351 2156 est,
373 2094 406 2146 et
423 2107 493 2170 quae
512 2083 738 2172 contingebant
753 2083 890 2170 antiquis
906 2083 938 2146 in
955 2080 1055 2168 figura
1075 2077 1134 2143 iliis

102 2193 341 2280 contingebant,
352 2191 515 2256 videamus
528 2215 568 2256 ne
579 2191 660 2256 sorte
672 2191 754 2257 Loth
771 2193 824 2279 qui
840 2214 904 2257 uon
917 2191 1053 2278 respexit
1063 2200 1136 2276 post

108 2321 153 2370 se,
164 2297 353 2362 rationabilis
369 2298 410 2362 sit
425 2321 535 2363 sensus
551 2310 583 2362 et
598 2299 721 2364 animus
739 2297 846 2374 virilis,
862 2321 941 2361 uxor
955 2309 1062 2362 autem
1081 2295 1135 2360 hic

106 2407 209 2469 carnis
228 2405 396 2494 imaginem
411 2418 527 2472 teneat.
544 2404 625 2471 Caro
641 2418 688 2470 est
703 2407 802 2480 enim,
818 2429 889 2494 quae
906 2406 1033 2494 rescipit
1048 2426 1132 2468 sem-

100 2535 157 2600 per
175 2512 215 2578 ad
233 2513 318 2588 vitia,
337 2537 421 2600 quae,
441 2536 515 2581 cum
535 2516 658 2580 animus
675 2515 778 2580 tendit
792 2515 833 2580 ad
848 2513 994 2592 salutem,
1014 2512 1065 2576 iila
1083 2536 1134 2576 re-

98 2637 238 2688 trorsum
251 2625 379 2711 respicit
393 2636 426 2689 et
438 2623 612 2713 voluptates
623 2625 765 2713 requirit.
781 2626 859 2691 inde
878 2624 1014 2710 denique
1029 2633 1061 2685 et
1073 2621 1134 2686 Do-

94 2735 202 2799 minus
219 2734 370 2799 dicebat:
384 2733 508 2800 «Nemo
524 2737 653 2801 mittens
667 2759 799 2802 manum
812 2758 901 2801 suam
918 2735 958 2801 ad
976 2746 1131 2809 aratrum,

94 2858 153 2910 »et
169 2857 259 2910 retro
272 2843 454 2932 respiciens,
468 2858 559 2934 aptus
571 2857 619 2912 est
634 2869 731 2936 regno
743 2847 801 2912 ltei
812 2846 858 2910 ’.ιι
875 2848 915 2912 Et
926 2846 1033 2916 addit:
1049 2845 1133 2909 «Me-

95 2982 108 3016 ι
124 2965 273 3020 mentote
289 2955 392 3018 uxoris
403 2953 500 3020 Loth.
513 2982 526 3017 a
537 3002 602 3020 .....

140 3089 302 3158 Narrato
315 3099 435 3154 autem
452 3085 545 3156 Loth
560 3084 731 3172 facinore,
749 3087 849 3158 addit
864 3095 875 3129 ⁴
892 3117 899 3155 :

138 3271 206 3288 .....
211 3221 333 3288 Audite
352 3221 488 3286 ebrietas
504 3222 580 3310 quid
595 3234 678 3311 agat,
695 3224 803 3290 audite
815 3236 970 3312 quantum
986 3225 1133 3290 facinoris

97 3329 244 3396 conciliet
256 3328 455 3395 temulentia.
472 3331 587 3396 Audite
603 3345 634 3396 et
646 3347 755 3398 cavete
772 3358 824 3400 vos
842 3336 955 3421 quihus
973 3335 1058 3400 istud
1068 3357 1134 3399 ma-

103 3437 166 3503 tum
179 3465 240 3506 non
254 3441 288 3504 in
305 3440 454 3514 crimine,
468 3439 523 3505 sed
541 3442 574 3505 in
591 3463 646 3505 usu
664 3452 722 3508 est.
738 3444 881 3510 Ebrietas
901 3445 1017 3533 decipit
1036 3467 1132 3531 quem

107 3547 234 3614 Sodoma
248 3573 319 3616 non
336 3549 472 3639 decepit.
490 3549 598 3616 Uritur
619 3550 670 3616 ille
690 3551 828 3620 flammis
847 3554 1017 3621 mulierum
1037 3575 1132 3640 quent

99 3657 264 3747 sciphurea
280 3658 414 3724 ssamma
429 3681 494 3724 non
509 3660 585 3724 ussit
592 3707 669 3724 ......

127 3811 135 3841 ¹
149 3812 220 3860 Tum.
235 3809 276 3868 il,
290 3825 319 3873 p.
336 3807 366 3872 75
377 3815 402 3857 ot
417 3823 529 3871 seqq.-
540 3807 551 3840 ²
562 3807 591 3857 N.
608 3825 628 3856 a.
642 3827 667 3872 p.
682 3810 721 3872 74.

128 3881 208 3933 ²Luc.
222 3883 314 3942 rx‚62.

129 3959 181 4010 ⁵5.
195 3960 217 4008 5.
