2692 4610
355 331 388 373 an
412 321 585 376 sarrraceni
607 331 736 378 uoniam
761 335 790 376 v.
1036 335 1095 398 ¹99

55 445 219 536 «Spiritus
235 446 325 511 enim
343 445 627 538 Domini'replevit
644 451 754 515 orbem
773 441 960 529 terrarum¹.
976 475 993 534 p
1010 447 1093 513 nudi

48 558 154 622 attilii
177 557 257 644 quid
274 556 353 623 dicit
372 555 538 622 Christus:
563 561 670 625 «Esco
688 582 746 646 ogo
758 558 922 650 vobiscum
934 577 1005 620 sum
1023 580 1094 620 orn-

48 669 174 732 ·uibus
191 667 309 732 diebus
324 690 425 755 usque
441 669 480 733 ad
495 669 801 734 consummationem
818 663 954 733 saeculi².
970 694 983 753 ρ
999 667 1040 730 Et
1056 667 1095 731 de

47 777 173 864 Spiritu
198 787 312 841 saneto
335 776 478 841 dicitur:
501 777 694 842 «Effundam
716 778 755 842 de
777 776 889 865 spiritu
907 797 979 840 meo
999 797 1095 862 super

47 907 207 950 »omnem
235 907 382 959 manem,
407 895 439 950 et
465 885 733 974 prophetabunt⁸.
751 913 763 944 ι
782 885 865 949 Cum
890 907 965 973 ergo
989 883 1094 949 videas

48 994 172 1058 habere
188 1007 220 1058 te
243 994 353 1059 omnia
371 1015 441 1078 quse
457 995 594 1058 muudus
615 994 723 1068 habet,
743 992 888 1057 dubitare
910 978 983 1057 non*
998 993 1094 1057 debes

53 1103 141 1189 qno'd
162 1102 258 1165 etiam
279 1100 426 1166 animalia
445 1124 514 1187 quae
529 1101 707 1167 offeruntur
723 1089 878 1167 in²liostiis
900 1101 996 1190 habos
1013 1103 1093 1166 intra

52 1221 97 1284 te,
113 1219 147 1273 et
159 1231 200 1273 ex
211 1209 286 1296 ipsis
298 1205 477 1296 spirituales
489 1209 603 1276 offerre
617 1210 731 1276 debeas
747 1210 874 1274 hostias.
891 1209 954 1275 Sed
966 1210 1006 1274 de
1020 1209 1097 1284 illis..

51 1331 151 1406 prout
167 1320 345 1405 potuimus,
361 1319 395 1383 iu
412 1319 626 1406 superioribus
642 1317 886 1406 explanavimus.

97 1425 201 1492 Nune
216 1447 291 1489 tero
304 1424 379 1490 illud
397 1425 543 1490 addimus
558 1427 643 1513 quod
657 1407 744 1503 dioit,
760 1428 835 1513 quia
851 1427 883 1491 in
899 1425 970 1491 loco
987 1426 1019 1489 iu
1031 1449 1094 1512 quo

57 1531 251 1620 jugadantnr
265 1531 460 1608 holocausta,
479 1534 522 1598 ibi
538 1536 634 1599 etiam
648 1533 758 1599 hostiae
779 1555 838 1624 pro
857 1531 1097 1624 peccato.‘Vide

56 1661 156 1727 quam
173 1638 272 1704 multa
288 1641 505 1706 misericordia
520 1627 552 1706 et
563 1642 740 1731 benignitas
750 1643 810 1706 Dei
829 1655 889 1718 est,
911 1654 945 1706 ut
958 1631 1017 1707 ‘ubi
1034 1643 1095 1706 ho-

55 1749 240 1816 tooauaum
255 1748 420 1837 jugulatur
434 1748 513 1815 illud
526 1751 611 1838 quod
623 1750 680 1815 soli
696 1740 763 1816 Deo
780 1751 982 1844 offertur,.ibi
1000 1749 1095 1815 etiam

49 1860 154 1926 hostia
171 1883 245 1946 quae
264 1883 324 1947 pro
341 1871 473 1947 peccato
484 1874 544 1936 est,
558 1859 712 1926 immolari
731 1861 905 1947 jubeatur:
929 1883 991 1947 quo
1010 1857 1097 1927 scili*

50 1983 101 2036 oet
116 1967 276 2056 intelligat
297 1992 331 2033 se
353 1969 405 2054 qui
427 1969 582 2058 peccavit,
600 1981 633 2034 et
652 1970 797 2058 poenitet,
814 1981 846 2034 et
867 1992 1037 2058 convorsus
1053 1970 1095 2034 ad

52 2081 231 2144 Dominum
244 2077 449 2144 contribulati
466 2079 593 2170 spiritus
606 2079 740 2144 hostiam
753 2078 887 2168 jugulat,
904 2081 935 2144 in
949 2077 1019 2145 loeo
1031 2081 1096 2167 jain

55 2199 169 2254 saneto
194 2199 289 2261 stare,
313 2199 345 2251 et
366 2187 478 2251 sociari
500 2187 549 2251 his
570 2209 640 2272 quae
661 2186 821 2276 pertinent
845 2188 884 2250 ad
900 2173 1019 2252 Deum.
1047 2188 1095 2252 lbi

58 2315 138 2380 erga
152 2293 334 2358 immolatur
355 2294 457 2359 hostia
481 2317 539 2381 pro
558 2306 707 2381 peceato,
731 2295 785 2360 ubi
807 2307 839 2360 et
859 2295 1096 2371 holocaustum,

59 2405 93 2468 iu
110 2399 298 2490 conspeetu,
313 2403 427 2491 inquit,
444 2403 570 2468 Domini
574 2450 742 2471 ............
759 2405 848 2468 llano
869 2391 944 2493 ergo
959 2402 1097 2469 hostiam

55 2535 126 2600 quae
142 2510 281 2576 offertur
294 2534 351 2598 pro
368 2511 520 2600 peccatis,
532 2512 610 2577 dicit
624 2536 692 2577 esse
704 2525 811 2578 sancta
824 2524 1017 2578 sanctorum.
1032 2509 1098 2574 Ma-

54 2626 105 2711 jus
121 2621 244 2710 aliquid
260 2622 378 2688 audere
393 2621 460 2686 vult
475 2644 595 2697 sermo,
610 2623 634 2687 si
652 2633 757 2688 tam'en
772 2633 805 2687 et
824 2636 927 2686 vester
947 2633 1097 2709 sequatur

52 2731 196 2797 auditus.
218 2729 300 2808 Quo
315 2741 363 2794 est
386 2729 489 2794 hostia
505 2752 576 2816 quae
598 2753 655 2818 pro
678 2729 817 2817 peccatis
839 2729 983 2804 offertur,
999 2741 1031 2793 et
1050 2743 1098 2795 est

51 2852 377 2915 sanctasanctorum,
391 2839 449 2905 nisi
463 2839 642 2926 unigenitus
653 2837 752 2904 Filius
760 2839 832 2913 Dei,
841 2839 995 2935 Dominus
1007 2861 1096 2903 meus

53 2951 150 3016 Jesns
168 2949 343 3015 Christus?
358 2950 429 3037 lpse
450 2947 536 3014 solus
556 2959 604 3014 est
626 2947 727 3014 hostia
744 2949 968 3037 propeccatis,
984 2947 1098 3036 etipse

50 3073 99 3125 eat
113 3059 224 3125 hostia
241 3070 350 3124 sancta
373 3072 566 3124 sanctorum.
589 3057 653 3124 Sed
667 3057 754 3146 quod
769 3057 879 3122 addit:
902 3057 1095 3130 «Sacerdos,

55 3169 213 3254 stupuit,
228 3167 286 3252 qui
300 3165 394 3231 offert
411 3166 501 3243 illud,
514 3169 588 3232 edet
606 3166 697 3241 illud,
711 3151 868 3232 svidetur
884 3163 1011 3232 difficile
1030 3189 1099 3231 esse

54 3277 95 3341 ad
108 3274 327 3342 intelleetnm.
346 3273 428 3340 lllud
442 3275 527 3342 enim
544 3275 630 3362 quod
644 3275 806 3340 edendum
822 3274 911 3348 dicit,
929 3255 973 3338 ad
988 3296 1098 3361 pecca-

59 3395 128 3449 tum
149 3383 262 3450 referri
290 3383 415 3448 ridetur
432 3407 441 3447 ε
460 3385 542 3450 sicut
561 3395 594 3450 et
616 3379 691 3448 alibi
716 3383 790 3448 dicit
817 3384 859 3448 de
883 3381 1099 3449 sacerdotibus

61 3491 224 3578 Propheta.
241 3494 317 3582 quia
336 3503 491 3580 «poetata
503 3491 611 3581 populi
624 3493 685 3558 mei
698 3490 971 3556 manducabunt&
984 3520 997 3553 »
1008 3491 1098 3559 Unde

61 3599 330 3675 crotoniensis,
351 3601 551 3666 sacerdotem
563 3585 733 3689 peceatum
747 3581 908 3666 offerentis
930 3601 1101 3665 comedere

56 3711 184 3778 dehere.
203 3711 299 3801 Saepe
315 3710 513 3776 ostendimus
528 3733 566 3776 ex
589 3711 701 3778 divinis
724 3709 909 3799 Scriptaria,
938 3709 1105 3775 Christum
1155 3773 1157 3778 ,

58 3843 127 3887 esto
142 3833 176 3888 et
190 3821 334 3888 hostiam
349 3843 420 3908 quae
435 3841 492 3909 pro
507 3833 639 3908 peceato
653 3820 766 3886 mundi
782 3819 926 3896 offertur,
946 3830 979 3884 et
994 3841 1103 3890 sacer·

93 3949 172 4018 'Sap
186 3970 206 4012 ι,
218 3969 285 4016 7.-
299 3948 416 4000 ²ttauh.
429 3967 518 4010 xxviia,
531 3967 568 4000 so.
581 3979 610 3988 -
623 3951 712 4012 ι.1οὸ1,
727 3969 754 4011 u,
767 3951 804 4000 28.
818 3977 848 3988 -·
859 3949 868 3984 ⁶
880 3950 939 4000 Osa.
954 3965 989 4009 rr,
999 3947 1025 4000 8.
