2744 4600
279 259 342 342 dri-6
724 279 867 322 oniensis

277 423 386 486 genus.
415 398 460 463 Ne
481 397 550 484 quis
569 419 644 484 crgo
664 397 695 460 in
711 395 880 462 offerendis
900 394 1086 460 muneribus
1107 393 1250 460 beneficii
1268 417 1299 458 se

277 508 395 596 aliquid
411 507 556 571 conferre
571 505 716 570 erederet
731 506 811 578 Deo,
827 517 860 568 et
877 527 935 593 per
945 503 1007 571 hoc
1019 504 1135 590 impius
1146 502 1179 568 in
1191 526 1226 566 eo
1239 503 1300 590 ipso

277 639 340 702 quo
361 615 465 679 Deum
486 611 592 678 colere
609 613 773 678 videbatur
787 614 934 680 existeret
951 612 1046 700 (quid
1067 612 1153 680 enim
1171 625 1233 678 tem
1250 612 1300 678 im·

276 727 364 812 pium
381 746 476 810 quum
492 723 517 786 si
532 734 624 810 putet
637 722 735 788 homo
749 719 836 788 velut
855 722 1008 811 indigenti
1028 720 1147 810 aliquid
1173 746 1205 788 se
1227 747 1300 812 pre-

275 846 357 898 stare
369 831 472 920 Deci)
487 832 726 907 necessario„ut
741 830 890 907 diximus,
907 833 994 919 prius
1007 832 1120 897 edocet
1131 829 1297 908 hominem,

275 964 338 1028 quo
351 940 428 1006 sciet
439 962 472 1004 se
484 938 637 1027 quidquid
648 938 764 1004 obtulit
777 940 857 1014 Deo,
866 939 999 1004 reddere
1012 939 1045 1004 id
1053 929 1089 1002 ei
1095 939 1200 1027 potius
1211 963 1297 1027 quem

276 1050 399 1116 offerre.
420 1047 484 1113 Sed
499 1059 532 1112 et
546 1045 626 1112 iliud
641 1047 804 1116 rideamus
819 1033 980 1136 quomodo
995 1049 1039 1116 eit
1052 1069 1085 1112 :r
1101 1048 1181 1127 Quae
1195 1047 1299 1114 offers-

274 1191 287 1222 »
303 1160 341 1224 tis
356 1157 433 1222 mihi
450 1157 482 1222 in
495 1157 607 1223 diebus
622 1155 708 1221 festis
722 1157 810 1220 meis.
830 1157 956 1248 anbct
971 1179 1047 1246 ergo
1063 1155 1148 1220 Deus
1165 1156 1231 1222 dies
1245 1157 1260 1222 f
1288 1196 1297 1206 ·

274 1285 320 1336 tos
332 1267 426 1334 suos?
438 1267 552 1332 Habet.
565 1268 621 1332 Est
633 1267 718 1336 enim
730 1265 760 1330 ci
773 1288 886 1353 magne
900 1265 1050 1354 festivitas
1061 1264 1201 1334 humana
1213 1265 1296 1334 solus.

273 1383 338 1468 Ego
355 1389 434 1467 puto
451 1376 536 1464 quod
555 1399 613 1465 per
626 1374 765 1464 singulos
781 1397 923 1462 quosque
939 1374 1152 1450 credentium,
1169 1397 1226 1462 per
1241 1375 1297 1440 sin-

273 1486 363 1580 gulos
375 1487 429 1575 qui
442 1497 671 1552 convertuntur
683 1484 722 1550 ad
733 1484 851 1559 Deum,
861 1483 914 1571 qui
926 1483 1097 1572 proficiunt
1110 1485 1143 1548 in
1156 1482 1233 1559 fide,
1245 1483 1298 1548 fes-

272 1597 374 1666 titivus
389 1595 490 1659 oritur
501 1592 639 1660 Domini.
657 1592 828 1671 Quomodo
841 1604 933 1680 putas
945 1592 1083 1658 letificat
1094 1615 1183 1668 eum,
1193 1616 1266 1660 cum
1278 1593 1299 1658 is

271 1706 325 1793 qui
345 1705 447 1770 fuerat
469 1700 646 1790 impudicus
662 1699 698 1764 fit
713 1715 830 1777 cestus,
843 1715 875 1768 et
893 1702 946 1790 qui
962 1701 1064 1768 fueret
1085 1702 1223 1788 injustus
1243 1705 1301 1789 jus·

272 1815 372 1880 titiam
383 1811 472 1885 colit,
485 1820 517 1874 et
529 1809 585 1897 qui
602 1809 704 1873 fueret
720 1811 834 1898 impius
848 1810 985 1876 eflicitur
1003 1810 1096 1899 pius?
1108 1812 1179 1876 istae
1195 1835 1299 1882 omues

271 1920 467 2010 singulorum
483 1940 685 2007 quorumque
704 1919 939 1994 conversiones,
955 1919 1138 1985 festivitates
1153 1934 1301 2008 generunt

270 2035 348 2097 Deo.
377 2030 443 2096 Nec
468 2028 601 2099 dubium
624 2040 730 2096 cutem
752 2029 828 2115 quin
854 2039 887 2092 et
908 2030 1062 2096 Dominus
1084 2041 1192 2094 noster
1214 2029 1300 2094 Jesus

272 2116 429 2209 Christus,
446 2136 500 2224 qui
518 2158 577 2223 pro
592 2133 693 2200 solute
708 2146 814 2201 nostru
830 2136 926 2202 etium
942 2137 1128 2224 sanguinem
1142 2161 1239 2203 suum
1254 2139 1300 2203 fu-

270 2247 328 2320 dit,
345 2257 416 2334 ngat
433 2243 630 2316 festivitatem
649 2244 831 2322 maximum,
851 2267 927 2310 cum
941 2267 1045 2333 operae
1066 2245 1207 2332 pretium
1223 2247 1301 2334 ridet

268 2379 336 2422 osse
352 2354 438 2441 quod
453 2377 486 2418 se
501 2350 690 2428 humiliavit,
708 2365 740 2417 et
756 2353 892 2417 formum
911 2353 991 2416 servi
1009 2353 1186 2441 suscipiens
1204 2355 1301 2420 foetus

268 2478 316 2531 rst
330 2463 481 2529 obediens
494 2462 644 2550 usquead
656 2473 803 2527 mortem.
819 2461 892 2550 Agit
904 2461 980 2526 festa
994 2463 1113 2551 puriter
1122 2475 1155 2527 et
1168 2463 1301 2551 Spiritus

267 2587 407 2648 sanctus,
419 2572 473 2637 ubi
484 2570 576 2660 pluro
588 2571 646 2638 sibi
655 2571 739 2635 ridet
748 2571 779 2637 in
796 2571 832 2635 iis
840 2571 893 2659 qui
903 2583 1134 2640 convertuntur
1143 2573 1186 2638 ed
1198 2573 1302 2641 Deum

268 2683 384 2774 templo
397 2693 579 2771 praeparato,
598 2680 677 2747 Num
691 2680 730 2744 de
742 2680 868 2769 Angelis
884 2681 962 2768 quid
974 2682 1092 2757 dicum,
1107 2682 1149 2748 ad
1166 2707 1304 2770 quorum

188 2853 190 2856 .
268 2796 466 2860 festivitatem
489 2789 664 2858 laetantium
679 2790 830 2855 dicuntur
845 2780 999 2857 accedere
1022 2795 1208 2880 omnesqui
1226 2817 1302 2862 con·

268 2915 433 2968 vertuntur
448 2902 488 2968 ad
503 2899 701 2967 Dominum?
713 2899 774 2966 Aut
790 2923 854 2966 non
870 2914 919 2966 est
933 2899 993 2966 iliis
1007 2924 1122 2990 magno
1134 2901 1303 2978 festivitas,

268 3035 342 3082 cnm
360 3011 507 3077 laetantur
523 3036 536 3070 ι
552 3010 584 3076 in
605 3006 686 3074 coelo
703 3030 798 3096 super
816 3031 879 3073 uno
894 3011 1061 3096 pe'contore
1075 3011 1304 3099 poenitentiam

204 3137 207 3142 ·
268 3132 419 3210 tegente,
442 3119 539 3207 magis
559 3140 655 3205 quum
674 3141 772 3205 ¹super
789 3119 957 3206 nonaginta
980 3143 1094 3185 norem
1116 3120 1231 3208 justis,
1255 3122 1304 3210 qui

266 3263 278 3294 s
296 3255 361 3296 non
372 3230 512 3318 indigent
523 3228 706 3317 poenitentio
718 3226 769 3292 Ὗ»
778 3229 885 3316 Agunt
896 3251 972 3318 ergo
982 3229 1078 3302 etiam
1087 3230 1207 3319 Angeii
1222 3233 1306 3299 diem

265 3342 393 3413 festum,
408 3337 550 3406 letantes
566 3360 661 3426 super
675 3336 712 3401 iis
728 3337 782 3424 qui
799 3336 990 3425 refugientes
1003 3339 1162 3405 consortia
1185 3341 1307 3411 daemo·

266 3473 356 3522 num,
373 3472 430 3535 per
444 3447 590 3512 exercitis
606 3447 759 3512 virtutum
779 3446 937 3535 Angelicis
954 3470 986 3512 se
1002 3447 1153 3515 festinent
1175 3441 1306 3518 sociare

265 3558 443 3626 consortiis.
470 3557 585 3620 Mirum
607 3557 738 3623 fortusse
758 3557 809 3632 sit,
834 3558 921 3645 quod
943 3558 1049 3623 dicere
1065 3557 1137 3622 volo
1160 3583 1167 3622 :
1193 3584 1308 3628 causas

261 3670 278 3748 ⁴f
286 3667 469 3754 utvidetur)
484 3665 656 3740 festivitatis
668 3680 699 3731 et
711 3665 825 3731 laetitiae
836 3690 893 3732 nos
906 3667 972 3733 Deo
985 3680 1017 3733 et
1030 3666 1158 3756 Angelis
1167 3669 1307 3736 dumus:

264 3801 321 3848 uos
336 3775 536 3842 occasionem
552 3772 665 3844 laeuuae
679 3788 710 3840 et
725 3773 926 3842 exultationis
943 3776 976 3842 in
996 3777 1086 3844 terris
1105 3779 1206 3868 positi
1225 3777 1311 3848 ceto

296 3903 378 3950 ¹Lur.
393 3917 434 3962 xv,
444 3919 466 3966 7.
501 3903 503 3912 ’
