2660 4610
0 279 1 302 ³
109 349 112 356 ,
196 285 260 363 dab
644 309 788 352 ostentus

196 427 258 492 dixi
274 478 282 502 ‚
306 427 374 492 baee
390 429 456 516 ipsa
472 449 541 516 quae
554 451 641 495 nunc
651 431 740 518 nigra
753 431 870 495 dicitur
882 451 950 493 esse
962 479 971 502 ‚
983 429 1016 492 in
1030 427 1099 492 fine
1113 427 1237 493 Cantici

196 535 290 621 hujus
297 533 441 602 dealbata
451 548 645 602 memoratur
653 537 823 602 ascendere
831 533 1242 622 incumbenssuperirator-

195 665 271 707 num
286 653 388 707 suum.
406 643 527 708 Effecta
540 655 587 708 est
602 667 678 732 ergo
689 646 795 732 nigra,
808 647 882 733 qaia
893 643 1082 709 deseendit:
1098 642 1127 705 si
1140 653 1239 706 autem

195 751 327 837 coeperit
344 751 514 816 ascendere
529 763 561 815 et
575 752 761 817 incumbere
777 775 873 841 super
888 752 1068 817 fraternum
1085 773 1199 823 suum,
1212 761 1240 812 et

197 857 357 931 adhaerere
376 859 426 932 ei,
449 881 509 922 nec
525 861 655 924 omnino
672 861 809 948 separari
832 863 872 924 ab
890 883 948 934 eo,
964 859 1026 923 erit
1047 855 1199 923 dealbata
1211 869 1237 920 et

197 965 347 1030 candida:
366 966 659 1053 abjectaque-omni
672 967 855 1055 nigredine,
869 967 939 1031 veri·
949 965 1085 1030 luminis
1098 963 1174 1029 luce
1184 965 1238 1028 cir-

196 1069 338 1134 cumfusa
354 1069 499 1135 radiabit.
519 1069 603 1136 Dicit
621 1095 696 1159 ergo
714 1093 799 1136 nunc
814 1072 856 1138 ad
871 1070 951 1135 filias
967 1067 1179 1135 Hierusalem
1189 1091 1237 1155 pro

196 1177 360 1264 nigredine
373 1199 428 1241 sua
444 1177 656 1243 satisfaciens:
671 1179 740 1243 Non
755 1179 871 1266 putetis
883 1202 921 1252 ‚o
932 1176 1007 1241 filiae
1017 1175 1234 1241 Hierusalem!

195 1285 282 1370 quod
293 1283 443 1350 naturalis
458 1297 506 1349 est
520 1287 577 1350 ista
594 1286 724 1374 nigredo
738 1309 833 1372 quam
849 1285 959 1351 ridetis
980 1285 1014 1350 in
1035 1283 1136 1349 vultu
1152 1307 1235 1348 meo:
1323 1309 1324 1318 ¹

1323 1108 1326 1167 ⁴

1322 1207 1325 1294 t

1324 1328 1326 1379 i

195 1391 252 1456 sed
272 1392 384 1457 scitote
403 1394 553 1479 quoniam
570 1394 722 1482 despectu
738 1393 810 1458 solis
826 1403 873 1458 est
889 1394 983 1459 facta.
1003 1375 1067 1458 sol
1078 1394 1169 1456 enim
1181 1394 1232 1478 jas
1323 1415 1324 1422 ¹

195 1499 271 1564 titiae
296 1501 367 1587 quia
388 1523 520 1564 menon
537 1503 656 1566 invenit
678 1513 765 1566 recte
788 1513 944 1576 stantem,
962 1522 1026 1564 nec
1045 1502 1118 1588 ipse
1143 1501 1172 1565 in
1190 1521 1230 1564 me
1318 1518 1324 1537 ·

196 1619 299 1672 rectos
315 1607 428 1671 direxit
443 1605 522 1702 lucis
537 1632 601 1674 suae
617 1610 731 1674 radios.
752 1609 818 1697 Ego
833 1610 917 1674 enim
930 1630 1003 1672 sum
1014 1607 1229 1696 populusgcu

196 1715 295 1788 tium,
313 1715 366 1802 qui
381 1716 468 1802 prius
483 1738 547 1779 non
565 1717 668 1804 aspexi
685 1717 726 1781 ad
741 1715 841 1781 solem
855 1717 988 1803 justitiae
1003 1739 1070 1780 uec
1087 1718 1157 1780 steti
1168 1725 1227 1780 ante

88 1819 94 1825 ’
195 1821 387 1885 Dominum:
405 1833 436 1884 et
456 1820 674 1886 ideonocilie
692 1845 744 1886 me
767 1823 904 1910 aspexit,
926 1821 983 1886 sed
1000 1821 1221 1909 despexit,ne-

196 1948 258 2010 que
270 1924 366 1988 astitit
380 1924 456 1988 mihi
470 1975 478 1999 ,
497 1925 550 1988 sed
562 1925 724 2012 praeteriit.
743 1927 811 1990 Hoc
823 1937 930 1990 autem
946 1925 990 1988 ita
1007 1947 1085 1988 esse
1098 1926 1173 1988 efiam
1183 1933 1209 1983 tu

196 2031 248 2120 qui
266 2029 363 2096 lsraei
377 2019 519 2112 diceris,
549 2053 582 2095 re
598 2033 663 2120 ipsa
681 2045 828 2120 expertus
847 2034 1049 2119 jamjamque
1069 2051 1214 2118 cognomes

194 2146 226 2198 et
249 2134 360 2198 dices:
390 2135 583 2201 Sicutonim
606 2159 657 2202 me
680 2136 848 2224 aliquando
867 2158 930 2200 non
951 2137 1114 2202 credente
1134 2147 1166 2196 tu
1179 2156 1221 2197 as-

162 2253 339 2330 'sumptus
358 2263 408 2332 es,
432 2254 465 2306 et
484 2245 732 2309 misericordiam
757 2257 965 2318 consecutus,
990 2256 1026 2308 ct
1052 2257 1086 2308 te
1105 2241 1221 2330 respexit

193 2351 239 2414 soi
251 2347 395 2436 justitiae,
410 2371 462 2414 me
478 2361 583 2415 autem
601 2363 710 2438 utpote
727 2351 965 2417 inobedientem
981 2362 1016 2414 et
1034 2347 1228 2415 incredulum

193 2457 353 2545 despexit,
369 2469 401 2519 et
417 2459 556 2544 sprevit:
574 2459 660 2523 itaet
676 2481 762 2523 nunc
779 2460 852 2545 quia
868 2471 902 2521 tu
918 2456 1110 2522 incredulus
1124 2470 1157 2520 et
1167 2457 1228 2520 ino-

193 2566 323 2630 bediens
339 2566 440 2630 sactus
455 2589 488 2628 es
500 2615 509 2639 ‚
522 2589 581 2654 ego
597 2589 689 2654 spero
705 2567 818 2654 respici
835 2564 929 2631 asoie
945 2567 1079 2653 justitiae
1093 2580 1129 2630 et
1144 2566 1232 2630 mise-

194 2673 363 2738 ricordiam
380 2675 543 2758 consequi.
560 2674 657 2753 Quod
674 2687 780 2740 autem
798 2686 909 2739 mutua
925 2675 1018 2738 nobis
1034 2675 1078 2738 sit
1093 2673 1169 2739 solis
1179 2675 1232 2737 ista

193 2781 353 2869 despectio
370 2829 378 2854 ,
394 2793 427 2844 et
449 2803 507 2868 ego
527 2782 632 2869 primo
653 2805 711 2869 pro
731 2781 944 2847 inobedientia
965 2804 1039 2846 mea
1064 2782 1232 2870 despectus

127 2955 136 2966 ,
192 2911 280 2963 sum,
298 2900 333 2951 tu
348 2911 422 2952 voro
434 2895 594 2975 respectus
606 2913 613 2952 ε
627 2911 713 2954 nunc
730 2901 836 2954 autem
856 2890 951 2954 etiam
970 2889 1028 2953 tibi
1047 2913 1117 2953 non
1134 2889 1234 2953 solum

119 3055 129 3070 ,
196 2997 363 3084 despectus
380 2995 472 3069 sotis,
489 2996 544 3060 sed
558 3009 590 3060 et
609 2997 732 3062 caecitas
748 2998 892 3084 quedam
906 2996 981 3061 licet
992 3019 1032 3061 ex
1044 3009 1141 3085 parte
1155 3019 1234 3062 con-

195 3100 316 3187 tigerit,
336 3113 448 3166 testem
464 3101 521 3164 tibi
541 3101 717 3188 producam
736 3101 960 3189 magnificum,
977 3112 1012 3164 et
1027 3100 1168 3166 eoelestis
1183 3124 1231 3164 se·
1320 3169 1322 3188 Ι

195 3207 447 3274 creticonscium
461 3206 615 3282 Paulum,
630 3209 684 3296 qui
702 3209 743 3274 ita
756 3209 850 3274 dicit:
869 3209 980 3275 «Sicut
992 3208 1081 3272 enim
1092 3232 1170 3273 vos·
1181 3209 1231 3290 (de
1320 3195 1322 3205 ¹

191 3315 338 3402 gentibus
359 3314 426 3378 sine
448 3314 546 3379 dubio
573 3315 724 3402 loquens)
752 3315 942 3402 «aliquando
965 3339 1032 3379 non
1052 3315 1233 3380 credidistis
1318 3306 1324 3363 ἶ

191 3421 304 3496 »Deo‚
322 3445 406 3487 nunc
424 3434 530 3486 autem
546 3422 794 3488 misericordiam
815 3423 978 3488 consecuti
1000 3423 1078 3487 estis
1102 3434 1231 3509 propter
1317 3452 1323 3506 a

190 3531 343 3596 sistorum
356 3529 612 3596 incredulitatem
624 3555 632 3594 :
646 3532 688 3596 ita
706 3542 738 3594 et
753 3531 802 3594 isti
818 3553 881 3594 uon
893 3529 1103 3598 crediderunt
1115 3531 1148 3594 in
1160 3553 1230 3594 res·
1318 3576 1320 3615 :

188 3650 259 3702 »tra
278 3637 513 3711 misericordia,
533 3651 566 3702 ut
585 3639 641 3726 ipsi
658 3637 907 3703 misericordiam
927 3637 1194 3723 cousequantur¹.
1207 3674 1220 3694 ·
1317 3620 1320 3679 J

189 3748 228 3810 Et
246 3747 322 3811 item
345 3746 377 3810 in
401 3743 467 3810 aliis
488 3746 561 3812 dicit
576 3773 582 3810 :
616 3746 726 3826 «Quia
742 3747 867 3812 caecitas
884 3769 922 3811 ex
937 3757 1029 3834 parte
1045 3745 1177 3832 contigit
1191 3743 1227 3806 in

221 3906 229 3938 ¹
242 3909 312 3954 Rom.
325 3925 364 3967 xx,
379 3910 418 3956 30.
