2744 4624
242 264 285 342 48
688 291 830 334 emanata

240 426 348 478 nemo,
364 418 418 468 aut
432 409 524 494 pauci
542 406 716 476 admodum
731 417 855 471 vacant.
873 403 937 472 Sed
952 405 1031 492 quid
1048 427 1103 472 ros
1118 405 1158 471 de
1178 428 1276 472 oceu-

240 513 418 599 pationibus
427 515 545 604 culpo?
555 517 631 606 quid
643 517 681 579 de
692 515 877 579 absentibus
886 515 1088 602 conqueror?
1099 513 1275 580 Praesenles

239 622 335 686 etiam
351 634 382 686 et
405 623 437 688 in
457 623 590 690 ecelesia
607 623 699 712 positi
715 645 784 688 non
802 623 876 687 estis
898 623 1025 698 intanti,
1046 622 1102 686 aed
1125 645 1276 688 eommu-

241 754 297 795 nes
316 754 354 796 ex
369 755 428 797 usu
446 733 568 800 subulas
583 733 697 806 teritis,
713 733 812 796 verbo
832 731 891 796 Dei
912 729 962 797 vel
978 731 1169 796 lectionibus
1193 729 1278 796 divi-

241 839 289 904 nis
303 851 390 929 terga
408 843 599 907 convertitis.
615 839 735 906 Vereor
747 861 787 904 ne
803 850 835 903 et
849 840 938 904 vobis
956 839 1080 904 dicatur
1099 862 1116 902 a
1137 838 1278 906 Domino

240 949 318 1015 illud
333 952 419 1040 quod
437 977 494 1042 per
508 953 701 1040 Prophetam
719 949 925 1014 dictumest:
945 976 957 1008 ι
976 949 1210 1014 Converterunt
1233 949 1277 1014 ad

239 1090 252 1124 ι
266 1084 317 1127 me
329 1063 433 1138 dorsa,
442 1076 475 1128 et
486 1088 551 1128 non
561 1063 655 1128 facies
667 1059 769 1125 suas².
782 1057 892 1138 »Quid
903 1059 996 1146 igitur
1007 1081 1067 1146 ego
1081 1059 1207 1134 lanium,
1220 1061 1277 1124 cui

238 1172 447 1241 ministerium
459 1174 545 1238 verbi
557 1174 614 1238 Dei
629 1171 787 1236 creditum
800 1168 871 1234 estl
884 1168 964 1247 Qum
979 1165 1275 1256 legunturmystica

237 1294 323 1358 sunt,
337 1284 369 1348 in
385 1282 560 1372 allegoricis
575 1281 761 1370 exponenda
777 1289 851 1344 sunt
862 1278 1067 1344 sacramentis
1069 1321 1180 1344 ........
1187 1277 1277 1356 Quo-

170 1401 172 1404 ’
240 1393 357 1458 modo²
377 1417 454 1481 ergo
477 1406 588 1479 potero
605 1389 753 1477 mysteria
775 1387 880 1476 Legis,
896 1399 929 1454 et
943 1385 1120 1474 allegorias,
1133 1409 1211 1474 quas
1231 1390 1273 1454 alt

238 1497 389 1588 Apostolo
411 1481 517 1578 edocti
532 1520 654 1571 sumus,
675 1496 798 1582 aperire
816 1507 849 1559 ot
868 1493 1005 1582 prodere
1026 1492 1074 1558 his
1100 1493 1217 1579 quibus
1240 1509 1274 1560 et
1368 1499 1369 1552 l

239 1609 359 1676 auditio
378 1621 411 1672 et
425 1606 521 1674 lectio
536 1606 627 1694 Legis
641 1604 801 1692 incognito
816 1602 886 1667 esti’
901 1601 1051 1688 Asperior
1068 1600 1199 1668 fortasse
1214 1628 1273 1670 vo·

237 1717 285 1782 his
302 1707 422 1789 videor,
438 1701 578 1788 sednon
592 1735 722 1800 possum
736 1709 828 1776 linire
843 1711 997 1797 parietem
1012 1709 1196 1798 lapsantem.
1217 1712 1267 1778 Ti·

237 1846 308 1898 meo
327 1823 413 1888 enim
436 1820 513 1898 illud
527 1819 622 1908 „quod
644 1820 885 1907 scriptumest:
906 1818 1072 1909 «Populus
1089 1843 1190 1896 meua,
1208 1822 1264 1908 qui

238 1961 251 1996 ι
264 1931 447 1998 beatificant
459 1949 513 1996 ros
528 1931 685 1996 seducunt
695 1953 763 2005 voa,
777 1941 808 1994 et
820 1931 948 1996 semitas
963 1932 1081 2018 pedum
1094 1943 1270 1996 vestrorum
1306 1984 1308 2000 .

237 2039 490 2115 »conturbant⁸,
507 2050 688 2126 »tanquam
709 2036 789 2102 filios
810 2061 896 2102 meos
920 2039 1120 2106 charissimos
1143 2063 1271 2108 moneo.

234 2149 332 2216 Miror
347 2150 372 2216 si
387 2151 531 2216 nondum
546 2149 635 2214 robis
651 2147 789 2214 innotuit
805 2147 852 2213 via
870 2148 1002 2221 Christi;
1018 2150 1043 2213 si
1060 2173 1100 2214 ne
1115 2150 1177 2216 hoo
1197 2150 1271 2238 qui-

235 2259 308 2325 dem
325 2259 473 2338 audistis,
488 2259 575 2347 quod
596 2282 660 2324 non
677 2261 725 2324 alt
744 2257 807 2322 lata
831 2270 863 2324 et
882 2261 1030 2348 spatiosa,
1048 2262 1105 2326 sed
1126 2273 1214 2328 areta
1238 2275 1272 2326 et

233 2379 364 2456 angusta
382 2370 430 2433 via
451 2378 500 2432 est
521 2390 593 2456 quaa
613 2368 701 2433 ducit
721 2369 762 2434 ad
782 2368 877 2434 vitam
891 2369 912 2433 ⁴.
933 2372 972 2435 Et
988 2393 1040 2436 vos
1055 2395 1132 2458 ergo
1155 2371 1271 2436 intrate

230 2498 287 2564 per
305 2488 469 2564 angustam
486 2487 624 2563 portam,
644 2474 812 2565 relinquite
832 2478 1038 2565 pereuntibus
1054 2476 1266 2547 latitudinem.

136 2625 141 2632 -
240 2586 337 2651 «Nox
356 2587 527 2672 praecessit,
543 2585 610 2650 dies
629 2598 735 2650 autem
751 2585 1032 2672 appropinquarit;
1057 2598 1092 2648 ut
1111 2585 1166 2651 salii
1185 2588 1269 2656 lucia

232 2692 421 2777 »ambulate
438 2694 460 2758 ⁶.
475 2693 726 2782 Tempusbreve
743 2703 803 2766 est,
816 2703 958 2778 superest
975 2702 1010 2754 ut
1031 2692 1132 2776 etqui
1149 2693 1270 2762 habent

236 2824 386 2879 unxores,
404 2815 552 2891 tanquam
568 2824 633 2868 non
656 2801 808 2865 habentes
830 2800 904 2873 sint,
922 2810 954 2862 et
976 2798 1029 2885 qui
1051 2809 1185 2864 utuntur
1199 2800 1264 2866 hoo

233 2942 246 2976 ι
259 2911 392 2987 mundo,
405 2924 555 2999 tanquam
566 2935 630 2976 non
643 2906 800 2985 utantur⁸.
813 2935 825 2968 a
836 2908 911 2973 Sine
927 2907 1159 2974 intermissione
1174 2931 1269 2974 oran·

232 3021 308 3085 dum
320 3018 490 3107 Apostolus
505 3013 677 3106 praeoipit⁷.
697 3013 761 3078 Vos
773 3015 825 3100 qui
839 3016 878 3078 ad
895 3017 1052 3083 orationes
1068 3039 1133 3082 non
1148 3041 1268 3083 conve-

231 3129 315 3204 nitis,
338 3128 498 3216 quomodo
523 3123 657 3211 impletis
678 3124 747 3203 sine
772 3124 1017 3200 intermissione.
1037 3127 1123 3214 quod
1141 3149 1269 3218 semper

231 3237 396 3306 omittitis?
408 3235 472 3300 Sed
487 3247 519 3298 et
533 3232 845 3326 Dominusfpraeoipit
863 3235 1043 3321 :aVlgilata
1060 3250 1092 3301 at
1107 3250 1210 3312 orata,
1225 3261 1268 3304 na

233 3345 381 3412 »instratis
399 3343 431 3406 in
445 3327 708 3422 tentatippenal.a
725 3342 822 3421 Quod
840 3343 864 3408 si
884 3341 926 3409 illi
943 3343 1106 3432 vigilantes
1121 3359 1154 3411 et
1172 3369 1269 3414 oran-

232 3470 291 3528 tes,
311 3465 343 3516 ot
361 3473 486 3538 semper
501 3453 598 3518 verbo
617 3453 674 3518 Dei
693 3451 902 3528 adhaerentes,
928 3456 1135 3520 tentationem
1159 3467 1266 3526 tamen

231 3583 430 3648 nequaquam
446 3560 637 3649 effugerunt,
655 3562 730 3648 quid
749 3561 870 3633 seoiuut
886 3564 918 3630 hi
934 3565 989 3652 qui
1005 3565 1118 3630 diebus
1139 3575 1264 3632 tautum

265 3673 516 3734 lleram.xt·ru,17.

263 3747 317 3796 ²N.
334 3762 355 3802 1,
372 3763 393 3794 a.
407 3761 431 3808 p.
445 3743 484 3808 87.

263 3822 342 3869 ⁸lsai¹
353 3837 392 3877 ιιι,
406 3835 444 3865 ra.
455 3817 606 3866 -tttauta
621 3835 665 3878 ιιι,
683 3819 1257 3886 15.-⁵1t0m.xm,12.-⁶1Gor.amq.

233 3897 281 3934 --7
294 3913 303 3942 ι
317 3895 405 3944 'flasse
417 3908 441 3952 v,
459 3893 642 3956 17.—⁸Marc.
655 3910 707 3950 xiv,
720 3894 759 3943 58.
