2748 4596
265 243 307 319 44
715 260 856 305 ostentus

264 405 350 449 mam
361 383 428 448 sine
444 374 543 448 dubio
555 403 649 468 quam
666 383 807 470 superius
820 381 954 446 diximus
971 378 1108 453 Christi,
1127 391 1160 442 et
1172 378 1294 444 diaboli.

264 491 328 556 Nos
342 490 428 554 enim
446 491 567 556 mundo
582 489 814 578 crucifigimur,
831 501 909 553 tunc
924 509 1000 582 cum
1010 487 1144 584 'veniens
1156 487 1299 576 princeps

263 597 359 684 hujus
373 597 485 662 mundi
500 598 533 661 iu
546 598 637 664 nobis
650 596 715 663 non
727 597 847 663 invenit
858 596 1041 684 quidquam.
1056 595 1097 660 Et
1109 594 1201 659 nobis
1213 617 1300 660 mun·

263 704 321 769 dus
345 704 565 793 crucifigitur,
583 729 658 771 cum
672 708 794 794 peccati
814 703 1107 792 concupiscentiam
1128 726 1195 769 non
1215 726 1301 770 iece-

263 813 379 900 pimus.
1366 875 1367 890 ,

308 917 387 985 Sed¹
403 932 434 983 et
444 919 527 986 aliud
539 921 618 987 mihi
629 922 769 987 occurrit
779 922 812 988 in
824 920 896 987 loco
905 919 1116 986 consideranti
1131 917 1244 983 Jesum
1253 919 1300 983 fu-
1366 967 1367 1038 q

262 1027 401 1114 gientem
417 1051 434 1092 a
452 1028 531 1094 sanic
546 1029 704 1094 exercitus
719 1030 800 1117 Hay.
828 1028 915 1109 Quid
929 1039 1021 1115 putas
1041 1025 1195 1113 estquod
1212 1024 1300 1092 lesus
1366 1047 1367 1050 ’

262 1131 383 1221 fugiens
399 1134 608 1224 designabat?
623 1136 794 1204 Videamus
811 1159 851 1201 ne
869 1135 951 1200 sonte
967 1135 1006 1199 sit
1019 1133 1138 1221 aliquid
1153 1133 1239 1221 quod
1254 1135 1300 1198 fu-

262 1240 378 1328 giendo
394 1242 578 1318 vincamus,
594 1256 627 1307 et
638 1256 689 1308 est
702 1242 803 1330 aliqua
814 1242 954 1332 perlecta
970 1243 1068 1306 virtus
1083 1241 1117 1306 in
1129 1240 1214 1328 suge.
1227 1242 1299 1307 Pau-

263 1342 311 1409 lus
327 1367 385 1410 nos
400 1345 569 1434 Apostolus
581 1348 675 1414 docet
686 1348 793 1413 dicens
809 1371 818 1412 ε
834 1374 847 1407 ι
860 1347 972 1435 Fugite
989 1346 1232 1414 fornicationem
1240 1345 1262 1411 ².
1281 1376 1291 1404 ι

262 1447 358 1517 Vides
373 1477 449 1542 ergo
467 1479 535 1520 esse
551 1455 721 1543 quemdam
739 1456 885 1544 spiritum
907 1453 1124 1520 fornicationis
1140 1477 1237 1542 quem
1253 1455 1300 1518 lu-

261 1582 335 1648 gere
347 1561 521 1638 debemus,
539 1563 732 1648 quicumque
744 1574 830 1627 caste
845 1573 877 1625 et
888 1562 940 1649 pic
953 1561 984 1624 in
997 1560 1126 1625 Christo
1138 1585 1176 1626 ac
1187 1562 1299 1650 pudice

262 1665 407 1732 volumus
423 1691 618 1756 permanere.
639 1670 701 1733 Ista
716 1692 791 1757 crgo
803 1669 875 1757 suga
887 1680 935 1733 est
950 1691 1020 1755 quae
1035 1666 1133 1733 hahet
1148 1667 1299 1742 salutem,

261 1773 319 1838 ista
335 1774 407 1861 suga
425 1776 547 1839 virtutis
559 1788 625 1849 cst,
637 1776 695 1840 ista
711 1775 783 1863 luga
794 1775 1024 1842 beatitudinem
1035 1776 1171 1841 consent.
1186 1777 1223 1840 Et
1233 1800 1299 1842 non

264 1878 367 1945 solum
383 1880 598 1948 fornicationis
614 1883 741 1970 spiritus
756 1882 922 1970 fugiendus
936 1895 1001 1959 cst,
1017 1883 1074 1947 sed
1093 1881 1186 1948 simili
1200 1884 1299 1948 modo

264 1986 348 2051 sieut
358 1987 479 2054 dictum
495 2001 542 2054 est
552 2017 585 2064 ,a
600 1990 697 2079 sugite
707 1989 966 2066 immolationem,
980 1991 1168 2056 »audiamus
1183 1991 1246 2056 dici
1262 1992 1300 2056 ad

265 2115 338 2169 nos,
359 2093 456 2182 sugite
471 2096 569 2172 iram,
585 2097 681 2185 sugite
696 2099 878 2174 avaritiam,
895 2098 993 2187 sugite
1006 2098 1157 2164 iuvidiam
1174 2112 1207 2164 ct
1221 2099 1299 2166 livo-

264 2223 330 2266 rem
341 2250 350 2276 ,
363 2201 460 2291 fugito
476 2205 686 2270 detractiones
701 2217 733 2270 et
750 2204 950 2294 maleloquia.
970 2208 1050 2286 Quae
1064 2219 1174 2272 tamen
1192 2209 1295 2274 nescio

262 2307 369 2395 siquis
384 2309 530 2398 effugiat,
547 2313 653 2377 nescio
669 2313 694 2377 si
706 2314 776 2401 quis
791 2313 912 2380 evadat.
931 2314 994 2379 lste
1009 2312 1078 2380 talis
1093 2326 1163 2380 erat
1177 2316 1298 2380 exerci-

263 2427 311 2480 tus
327 2416 396 2503 llay
407 2440 503 2503 quem
518 2418 610 2484 lesus
625 2419 810 2508 fugiendum
822 2421 958 2488 docebat
972 2419 1087 2487 milites
1102 2445 1199 2497 suos,
1214 2423 1298 2488 etde

262 2522 452 2590 iisiortosse
473 2527 602 2593 mandat
618 2528 777 2616 discipulis
793 2529 857 2593 suis
872 2529 980 2594 dicens
1002 2552 1010 2594 τ
1029 2556 1042 2588 α
1063 2529 1097 2595 Si
1116 2552 1174 2594 vos
1191 2553 1299 2618 perse-

263 2642 425 2716 »quuntm
443 2633 476 2697 in
493 2633 555 2699 hcc
572 2635 715 2709 civitate,
736 2636 834 2723 fugite
852 2637 884 2700 in
897 2635 1005 2708 aliam;
1026 2635 1112 2724 quod
1129 2637 1155 2700 si
1171 2638 1206 2701 in
1222 2636 1299 2711 alia,

262 2736 380 2826 »fugite
400 2739 432 2804 in
455 2738 548 2805 aliam
570 2741 591 2806 ³.
613 2770 626 2802 ι
645 2741 721 2809 Vult
738 2744 823 2809 enim
841 2767 898 2808 nos
920 2742 1027 2831 lugere
1052 2746 1094 2808 ab
1112 2743 1300 2831 hujusmodi
1368 2721 1369 2788 l

259 2844 424 2922 hostibus,
436 2846 502 2912 vult
514 2871 571 2913 nos
582 2847 675 2936 longe
687 2849 769 2916 ellici
782 2853 820 2916 ab
833 2850 1016 2938 hujusmodi
1030 2849 1121 2916 malis
1136 2875 1143 2914 :
1163 2854 1238 2917 etsi
1251 2877 1302 2942 po
1368 2863 1369 2924 j

260 2954 413 3018 tucrimus
429 2955 556 3020 interim
571 2957 704 3022 evadere
718 2958 833 3023 horum
849 2957 1005 3023 malorum
1017 2958 1169 3047 fugiendo
1186 2973 1303 3026 conta-

260 3060 326 3147 gia,
340 3073 418 3126 tunc
427 3063 568 3128 videntes
581 3065 796 3141 devotionem,
806 3078 838 3130 et
849 3066 1046 3155 propositum
1054 3068 1173 3132 mentis
1183 3083 1302 3134 nostre

260 3180 375 3234 senctae
386 3192 517 3256 quaeque
532 3173 679 3246 virtutes,
692 3171 752 3237 illae
767 3173 897 3238 sortasse
913 3172 952 3237 dc
968 3174 1082 3260 quibus
1097 3175 1178 3239 dicit
1194 3177 1304 3265 Apos-

260 3274 341 3340 tolos
356 3277 470 3344 Paulus
485 3303 492 3344 :
505 3306 517 3341 ι
530 3279 641 3346 Nonne
658 3303 767 3346 omncs
781 3294 854 3346 sunt
871 3280 1089 3346 ministeriales
1113 3284 1252 3371 spiritus
1274 3287 1303 3350 in

258 3383 489 3462 »ministerium
500 3389 586 3452 missi
598 3400 727 3478 propter
739 3413 792 3454 ecs
803 3389 857 3476 qui
868 3387 1085 3454 haereditatem
1096 3392 1238 3478 capiunt
1254 3417 1304 3458 sa-

257 3487 395 3556 ›lutis‘i
411 3497 485 3582 »qui
501 3495 631 3561 fortasse
647 3509 720 3561 sunt
735 3497 834 3562 sancti
852 3495 964 3584 Angeli
981 3520 988 3560 :
1007 3498 1061 3585 qui
1077 3497 1226 3564 videntes
1245 3525 1305 3565 nos

256 3598 493 3667 inscctetioncm
516 3603 694 3668 daemonum
714 3606 795 3692 pati,
821 3606 986 3692 insurgunt
1002 3605 1150 3672 adversus
1167 3631 1229 3672 eos
1246 3609 1304 3696 qui

292 3769 299 3802 ¹
310 3763 411 3822 Nnssva·
421 3783 465 3816 vit.

250 3887 252 3892 .
289 3823 395 3902 ²1⁵Cor.
411 3869 450 3914 vx,
466 3855 505 3904 18.
520 3881 536 3888 ··
562 3853 667 3905 ¹³lllottl1.
682 3875 712 3917 x,
729 3856 768 3910 ²3.
782 3887 813 3895 -
826 3858 834 3888 '¹
848 3860 920 3908 llehr.
935 3877 955 3920 1,
972 3865 1009 3918 il.
