2744 4600
319 315 323 328 ’
362 337 393 377 ra
418 336 555 378 nuurrnos
579 335 707 378 nourura
732 337 827 378 xxvu.
1032 305 1101 376 555'

82 459 167 524 hrum
179 473 276 520 mare.
298 449 526 539 Applicuerunt
544 470 620 538 ergo
634 451 682 514 ad·
696 447 928 514 amaritudines.
955 445 1094 511 Audiens

81 563 293 634 amaritudines
309 583 373 626 non
391 585 551 650 pavescas,
566 583 667 649 neque
682 559 847 626 terrearis:
861 556 1095 621 «Omniscna'm

82 674 237 740 »eruditio
255 673 295 737 ad
313 693 450 760 praesens
471 693 535 736 uon
557 672 681 737 ridetur
696 668 796 735 dulcis
811 691 890 742 esse,
906 667 961 731 sed
976 688 1090 730 amara.

83 813 96 846 ι
110 777 214 848 Postea
228 804 301 846 vero
313 781 454 846 fructum
470 779 686 846 dulcissimum
704 792 736 844 et
757 777 991 867 pacatissimum
1004 799 1096 840 exer-

84 893 206 958 »citatis
220 915 275 979 per
288 891 489 979 semetipsam
509 890 612 955 reddit
627 890 785 978 justitiae¹,
804 918 817 950 ι
833 888 914 953 sicut
930 883 1097 975 Apostolus

85 1006 182 1071 docet.
195 1002 336 1090 Denique
347 1012 495 1090 etazyma
509 1021 582 1066 cum
595 1001 806 1067 amaritudine
817 998 899 1064 vesci
914 997 1098 1085 praecipiun-

82 1125 131 1178 tur
142 1135 150 1175 :
163 1133 221 1176 neo
235 1123 283 1175 est
298 1108 446 1198 possibile
462 1111 627 1197 pervenire
645 1111 686 1175 ad
699 1121 817 1174 terram
834 1106 1095 1196 repromissionis,

78 1223 134 1287 nisi
149 1245 205 1310 per
219 1221 443 1285 amaritudines
459 1232 664 1286 transeamus.
684 1219 774 1284 Siout
787 1219 873 1284 enim
890 1217 1002 1282 medici
1014 1237 1097 1280 ama·

78 1329 225 1395 ritndines
236 1328 387 1416 quasdam
403 1329 641 1395 medicamentis
657 1329 800 1394 inserunt
810 1327 917 1393 salutis
928 1337 1096 1416 prospectu

81 1451 112 1502 et
125 1437 258 1503 sanitatis
274 1436 491 1526 languentium
510 1462 519 1502 t
542 1440 583 1504 ita
599 1452 631 1504 et
648 1439 755 1505 salutis
773 1452 941 1529 prospectu
957 1437 1096 1502 Medicus

82 1550 247 1613 animarum
264 1562 444 1615 nostrarum
466 1551 689 1615 amaritudines
712 1573 769 1614 nos
791 1551 862 1614 vitae
884 1549 978 1636 hujus
1001 1545 1098 1611 voluit

82 1659 143 1747 pati
157 1660 186 1724 in
201 1659 331 1724 dirersis
353 1661 592 1738 tentationibus,
611 1662 712 1726 sciens
727 1662 798 1748 quia
816 1661 886 1725 linis
900 1661 994 1746 hujus
1010 1679 1097 1722 ama·

81 1767 217 1832 ritudinis
236 1768 349 1833 animae
369 1784 483 1834 nostrae
501 1768 702 1862 dulcedinem
718 1768 825 1835 salutis
840 1769 1001 1856 acquirat:
1018 1767 1099 1832 sicut

76 1890 108 1942 et
118 1903 135 1942 e
147 1878 309 1942 contrario.
316 1876 389 1944 finis
402 1875 575 1942 dulcedinis
587 1902 657 1967 quae
670 1891 717 1943 est
726 1881 758 1944 in
766 1877 925 1965 voluptate
933 1898 1097 1964 corporea,

76 2001 111 2052 ut
123 1988 224 2053 divitis
235 1986 319 2053 illius
329 1985 472 2074 exempla
484 1988 674 2063 docuerunt,
688 2012 830 2054 amarum
842 1987 938 2053 linem
949 1986 1052 2051 reddit
1063 1986 1095 2050 in

74 2097 232 2163 infernum
248 2119 424 2185 paenarum.
442 2095 490 2159 Tu
507 2119 581 2185 ergo
597 2096 652 2184 qui
666 2099 727 2161 iter
740 2097 863 2160 virtutis
883 2096 1016 2169 incedis,
1032 2117 1096 2159 non

75 2208 210 2294 refugias
233 2205 385 2295 applicare
409 2207 449 2271 ad
471 2207 704 2271 amaritudines.
726 2205 938 2272 Proficisceris
958 2205 1041 2269 enim
1065 2216 1097 2268 et

77 2318 167 2390 inde,
182 2317 262 2381 sicut
276 2329 308 2381 et
321 2315 375 2381 lilii
389 2316 496 2383 Israiil.

130 2424 288 2490 «Profecti
302 2436 386 2500 sunt,
402 2428 525 2512 inquit,
545 2427 585 2491 de
603 2427 824 2501 amaritudine,
843 2439 878 2489 et
891 2436 1043 2490 venerunt
1063 2423 1095 2487 in

64 2565 81 2597 ι
102 2531 207 2600 Helim
218 2531 239 2598 ².
256 2533 379 2599 »Helim
395 2547 456 2608 est,
475 2535 528 2600 ubi
544 2546 617 2599 sunt
631 2535 800 2600 duodecim
815 2534 914 2598 fontes
930 2553 1095 2621 aquarum,

60 2657 102 2712 et
113 2645 310 2732 septuaginta
325 2644 397 2709 duae
410 2647 538 2710 arbores
553 2645 739 2733 palmarum.
754 2645 850 2711 Vides
863 2657 934 2734 post
945 2643 1099 2708 amaritu-⁴

60 2756 258 2842 diues,post
273 2755 455 2841 asperitates
472 2755 693 2832 tentationum,
708 2779 804 2845 quam
820 2767 851 2821 te
863 2777 985 2820 amoena
997 2753 1097 2818 susci-

59 2866 162 2955 piunt
175 2861 258 2929 loca.
274 2863 343 2928 Non
357 2864 493 2929 venisses
508 2865 547 2930 ad
563 2862 694 2952 palmas,
711 2866 770 2930 nisi
784 2865 993 2930 tentationum
1008 2884 1096 2927 ama-

59 2974 228 3040 ritudines
243 2969 439 3060 pertulissesa
456 2996 516 3039 nec
532 2975 665 3040 venisses
678 2975 719 3040 ad
734 2973 934 3040 dulcedinem
946 2973 1095 3046 fontium,

56 3085 128 3152 nisi
143 3083 233 3171 prins
249 3105 318 3169 quae
333 3082 430 3146 tristia
443 3082 568 3147 fuerant
578 3095 611 3147 et
622 3107 730 3172 aspera
746 3106 941 3171 superasses:
957 3104 1020 3147 non
1032 3093 1099 3168 quo'

51 3199 134 3286 jam
153 3193 227 3258 finis
246 3193 336 3258 sitin
355 3193 402 3258 his
426 3193 558 3267 itineris,
582 3205 615 3258 et
636 3195 787 3283 perfectio
810 3205 1019 3265 cunctorumr
1040 3192 1095 3256 sed

53 3307 268 3390 dispensator
282 3303 459 3368 animarum
474 3304 559 3368 Deus
578 3305 610 3369 in
628 3304 696 3392 ipso
713 3304 822 3370 itinere
842 3303 998 3368 interserit
1012 3301 1097 3366 labo-

52 3415 161 3480 ribus
177 3414 269 3478 etiam
284 3415 429 3501 quaedam
448 3415 620 3504 refrigeria,
636 3415 750 3503 quibus
767 3413 866 3479 refota
883 3413 984 3478 anima
1003 3422 1035 3477 st
1049 3435 1098 3476 re·

46 3534 195 3617 parata,
211 3524 387 3613 promptior
398 3524 506 3589 redeat
520 3527 560 3591 ad
576 3521 712 3614 reliquos
723 3523 856 3591 labores.
874 3522 977 3589 Helim
988 3535 1100 3586 autem·

40 3639 295 3721 interpretatur
310 3633 432 3698 arietes.
447 3635 568 3700 Arietes
585 3637 683 3702 duces
695 3647 768 3700 sunt
783 3656 922 3724 gregum.
944 3633 1006 3713 Qui
1023 3643 1098 3696 sunt

36 3766 141 3834 ergo
159 3741 258 3809 duces
272 3744 372 3831 gregis
387 3744 517 3820 Christi,
535 3745 591 3810 nisi
607 3744 761 3834 Apostoli,
778 3747 831 3834 qui
847 3756 920 3810 sunt
931 3755 963 3808 et
978 3741 1104 3808 ducale·¹

29 3855 124 3922 cim
141 3850 273 3918 fontes?
286 3849 405 3916 Verum
418 3851 567 3939 quoniam
581 3877 644 3920 non
658 3854 759 3924 solum
771 3853 839 3920 illos
856 3852 1023 3919 duodecim
1035 3847 1096 3918 ele·

84 3984 95 4017 ¹
109 3981 201 4032 Hebr.
217 3997 261 4040 ιιι,
276 3997 311 4032 ιι.
326 3982 377 4020 -2
393 3983 470 4032 Num.
485 3997 571 4038 raxru,
586 3999 609 4044 9.
