2604 4614
292 251 323 294 ra
349 248 512 294 caarrcuu
536 245 741 294 caarrcoaau
763 250 836 293 nou.
864 251 899 292 u.
1054 225 1118 304 545

78 369 208 456 grabato
221 415 230 442 ,
243 387 321 432 voce
330 367 434 454 jussus
446 378 494 430 est
504 363 665 430 salvatoris
676 415 684 440 ,
695 377 862 453 antequam
876 377 1053 439 sanaretur,
1069 387 1119 430 su·

12 537 14 542 .
79 499 135 564 per
142 473 248 540 debile
262 476 481 540 membrorum
494 497 625 538 suoram
646 497 763 562 corpus
778 474 922 561 jacebat,
935 473 1021 560 quod
1037 486 1120 560 post·

11 563 14 571 Δ
79 608 114 650 aa
125 584 184 650 Dei
200 583 316 647 virtute
332 577 501 648 solidatum
520 594 576 646 cst.
596 581 649 647 Sic
665 605 740 670 ergo
756 580 914 669 intelligo,
925 580 1035 648 «Tolle
1047 605 1120 670 gra-

11 671 12 678 *
83 693 213 756 »batam
230 703 322 754 taum
333 739 342 766 ,
354 703 386 756 et
398 691 476 755 rade
493 691 525 754 in
541 691 671 756 domum
687 702 776 756 taam
788 689 810 753 ¹.
826 719 839 751 ι
853 689 961 777 Neque
982 690 1067 756 enim
1081 690 1120 756 ad

81 798 146 864 hoc
164 797 241 862 lilius
258 797 316 862 Dei
336 797 375 861 de
388 796 571 862 coelestibus
589 797 628 861 ad
643 809 768 862 terrena
789 797 1013 873 descenderat,
1029 810 1065 863 ut
1081 798 1120 863 de

80 903 201 972 lectulis
213 906 402 993 imperaret,
414 916 446 970 et
458 915 702 992 consurgentem
717 906 755 968 ab
768 905 971 993 mgrotatione
985 929 1040 970 sua
1053 905 1120 972 sine

10 997 15 1090 ⁵,
77 1012 198 1080 lectulo
214 1035 278 1078 non
294 1025 455 1100 pateretur
470 1012 657 1088 ascendere,
675 1010 807 1086 «Tolle,
830 1012 987 1099 inquiras,
1004 1016 1121 1102 graba·
1155 1023 1158 1032 '

77 1134 168 1186 stum
183 1135 295 1196 tuum,
310 1133 343 1186 et
363 1122 441 1187 vade
453 1123 486 1186 ia
497 1121 629 1186 domum
650 1134 748 1185 tuam.
763 1123 824 1185 »Et
837 1133 871 1185 tu
886 1124 1008 1211 igitura
1025 1121 1120 1190 salra-

9 1273 10 1280 ι
75 1242 145 1295 tore
162 1241 290 1296 sanatus
305 1227 379 1293 tolle
392 1230 557 1317 grabatum
566 1240 658 1294 tuum
669 1278 678 1304 ,
690 1230 810 1294 etvade
822 1229 854 1293 in
865 1231 996 1296 domurn
1011 1244 1118 1307 tuam,

78 1351 114 1402 ut
128 1361 202 1404 eam
215 1338 256 1404 ad
267 1350 299 1402 te
316 1335 399 1402 velut
410 1359 555 1424 sponsam
567 1337 689 1402 venerit
700 1360 832 1425 sponsus
842 1386 851 1412 ,
863 1349 895 1402 et
907 1339 939 1403 ia
955 1362 993 1403 eo
1006 1351 1116 1405 tecum

82 1445 174 1512 suerit
194 1444 384 1520 reclinatus,
408 1444 517 1510 dicas:
542 1445 654 1510 «Ecce
678 1469 810 1532 sponsus
832 1442 988 1511 fratruelis
1010 1469 1119 1524 meus,

85 1551 248 1639 sequidem
264 1549 415 1638 pulcher,
429 1547 594 1614 acclinatio
611 1559 715 1614 nostra
726 1552 874 1638 umbrosa
884 1548 905 1614 ².
922 1552 1028 1616 »Ecce
1053 1575 1120 1639 spe·

82 1660 181 1724 ciosas
197 1657 354 1724 fratruelis
370 1679 480 1731 meus,
499 1656 566 1745 ipse
582 1668 614 1720 et
629 1658 789 1745 speciosus
810 1670 877 1732 est,
889 1670 921 1722 et
939 1660 1116 1724 umbrosus.

86 1764 260 1830 rPerdiem
270 1763 385 1850 quippo
396 1759 440 1826 sol
454 1783 517 1826 noa
531 1773 600 1826 uret
609 1774 657 1836 tc,
671 1785 774 1850 neque
787 1760 926 1851 lunaper
937 1763 1111 1829 noctem⁴.»
1145 1738 1150 1756 ι

120 1867 162 1933 V.
187 1897 200 1928 ι
222 1868 341 1958 Trabes
357 1867 525 1932 domorum
548 1879 728 1932 nostrarum
746 1867 852 1943 cedri,
876 1866 1119 1936 »multitudinis

73 1978 174 2043 rerba
185 1989 269 2042 sant.
284 1974 476 2042 Viderentur
489 1989 593 2040 autem
611 1974 688 2040 mihi
701 1975 757 2042 viri
773 1975 841 2040 haec
854 1976 961 2041 dicere
976 1979 1028 2065 qai
1046 2001 1120 2044 cum

74 2108 193 2174 sponso
216 2096 307 2158 sunt,
331 2083 502 2171 dequibus
521 2082 663 2170 superius
680 2106 785 2146 sermo
802 2083 950 2170 prael'atus
973 2098 1034 2150 est.
1058 2087 1122 2152 Do-

76 2218 151 2260 mus
162 2192 300 2258 cedrinis
313 2191 455 2258 trabibus
468 2190 593 2254 intextae
605 2202 695 2265 sunt,
709 2192 904 2277 etcypressis
916 2193 1116 2280 contignatas.

4 2303 5 2316 ¹
80 2301 242 2390 Siquidem
257 2324 317 2389 pro
329 2299 408 2364 stihe
421 2298 562 2363 ascendit
576 2321 742 2386 cypressus
754 2347 762 2373 ,
775 2309 807 2362 et
819 2321 877 2385 pro
891 2300 1001 2365 coniza
1013 2325 1121 2367 ascen·

81 2411 127 2476 dit
142 2409 299 2497 myrthus·
317 2407 492 2494 Requirens
503 2406 598 2493 igitur
613 2406 706 2492 cujus
718 2418 839 2470 naturae
855 2407 914 2473 ista
930 2420 1003 2473 sunt
1015 2407 1119 2497 ligna,

74 2530 108 2584 et
127 2518 263 2584 cedrum
286 2514 533 2603 imputribilem,
552 2527 583 2577 et
607 2536 791 2602 cypressum
809 2514 914 2578 odoris
936 2515 1046 2603 optimi
1064 2515 1121 2582 de-

71 2625 298 2715 prehendens,
312 2623 423 2689 labora
434 2635 465 2687 et
479 2633 512 2686 tu
525 2621 566 2686 ita
579 2621 903 2709 contignaredomum
913 2634 999 2686 tuam
1012 2673 1021 2699 ,
1034 2636 1069 2688 ut
1081 2625 1120 2690 de

73 2747 106 2800 te
122 2756 253 2821 quoque
269 2731 367 2821 possit
383 2731 444 2795 dici
459 2753 467 2794 :
484 2757 496 2788 ι
512 2729 630 2794 Trabes
648 2729 801 2794 domuum
821 2742 1001 2795 nostrarum
1015 2732 1118 2809 cedri,

70 2855 130 2909 set
148 2843 402 2930 contignationes
417 2850 534 2904 nostrae
550 2839 690 2926 cypressi
700 2837 747 2901 ⁵.»

119 2949 179 3014 vl.
201 2950 275 3014 Post
296 2948 365 3013 hacc
385 2969 517 3034 sponsus
539 2944 678 3032 loquitur
700 2974 709 3010 ι
735 2947 835 3033 «Ego
858 2946 915 3011 llos
938 2950 1042 3037 campi
1056 2999 1070 3038 ⁹,
1088 2963 1120 3016 et

69 3058 204 3126 »lilium
221 3055 411 3124 convallium
423 3054 444 3117 ⁸.
461 3082 474 3113 ι
494 3055 627 3140 Propter
643 3077 694 3118 me
709 3053 762 3143 qui
780 3054 812 3118 in
829 3053 907 3120 valle
924 3079 1029 3133 eram,
1048 3059 1116 3123 ‹les-

69 3167 188 3234 cendit
207 3166 240 3230 in
258 3163 390 3239 vallem,
409 3173 442 3226 et
460 3157 617 3226 invallem
633 3161 760 3226 veniens
774 3161 809 3225 fit
823 3160 924 3227 lilium
940 3187 1021 3252 :pro
1037 3165 1121 3254 ligno

69 3276 148 3340 vitae
161 3273 249 3362 quod
266 3270 443 3360 plantatum
459 3281 507 3333 est
524 3268 556 3333 in
574 3269 720 3356 paradiso
739 3269 816 3345 Dei,
833 3271 930 3335 totius
947 3273 1049 3361 campi
1063 3323 1071 3349 ‚
1085 3275 1121 3340 id

73 3395 142 3458 est,
164 3382 261 3446 totius
282 3379 411 3453 mundi,
428 3389 460 3441 ct
478 3377 629 3440 universae
649 3388 740 3441 terrae
757 3375 815 3441 llos
838 3376 939 3443 sactus
954 3391 1011 3444 est.
1035 3382 1121 3460 Quid

67 3492 164 3556 enim
186 3489 233 3553 sic
255 3498 358 3575 potest
380 3508 447 3552 esse
471 3483 531 3549 llos
553 3483 685 3557 mundi,
710 3497 743 3547 ut
767 3485 956 3552 vocabulum
982 3488 1122 3553 Christii'

66 3600 285 3686 Unguentum
304 3595 440 3660 ess'usum
461 3615 577 3658 nomen
596 3591 675 3677 ejus.
703 3589 804 3656 Aliter
822 3593 957 3682 idipsum
981 3596 1119 3662 dicitur:

107 3767 118 3800 ¹
133 3750 1125 3821 Marah.1x‚n.-²csnr.1,15.-‘Psatm.cxxr,6.-tcan1.1,re...

63 3847 371 3910 ¹Ibid.-··‘Id.rr‚r.
840 3853 843 3860 '
