2706 4624
239 289 302 364 dod
683 303 825 348 oniensis

238 429 403 499 immolare
426 418 555 492 mnndnt
570 426 602 490 in
615 426 743 514 pasche.
766 427 911 512 Cumque
931 425 1026 490 sciret
1047 425 1130 491 diem
1153 425 1267 492 festum

238 541 286 629 ngi
303 540 419 604 debere
434 535 465 600 in
484 535 602 621 azymis
618 535 805 599 sinceritatis
822 545 854 600 ot
874 534 1026 609 veritatis,
1043 547 1149 602 tumen
1164 537 1206 600 de
1221 537 1267 600 le·

237 651 312 712 rinae
329 645 446 731 azymis
460 642 662 730 precipiebat
677 643 726 730 ogi
742 643 826 707 diem
841 642 968 706 festum.
984 644 1059 708 llaec
1070 656 1191 732 ergoet
1206 644 1267 709 hu·
1320 731 1322 738 Ι
1351 637 1352 664 ³

237 754 373 844 jusmodi
386 764 476 818 erunt
487 765 594 816 saneta
607 763 801 824 sanctorum,
810 773 880 838 quse
892 773 967 816 cum
978 750 1100 838 Moyses
1112 751 1265 840 portende

238 863 357 931 caetcris
380 859 530 934 traderet,
547 860 579 923 id
600 871 661 931 est,
679 860 773 922 rebus
788 867 820 920 et
842 858 992 944 operibus
1016 857 1190 945 implenda,
1210 881 1265 924 co-

237 984 345 1061 operte
368 981 475 1034 tumen
493 991 529 1032 os
555 980 586 1032 et
608 965 706 1032 velntn
726 967 889 1031 communi
911 989 1094 1032 sermonum
1120 970 1266 1034 trudebat

234 1081 369 1169 cloquio.
391 1076 520 1144 Homeri
536 1087 643 1140 nutem
660 1075 745 1162 quod
760 1097 893 1162 operum
909 1074 1062 1139 indicium
1077 1087 1221 1152 teneant,
1234 1076 1264 1140 in

234 1189 340 1256 multis
350 1187 520 1274 Scripturae
532 1208 614 1273 saepe
627 1184 702 1250 locis
713 1185 920 1248 ostendimus.
935 1183 998 1248 Sed
1009 1196 1041 1247 et
1052 1185 1085 1248 in
1095 1183 1264 1252 Ecclesins·

233 1302 303 1366 ticis
321 1297 591 1363 observationibus
610 1306 682 1360 sunt
698 1291 849 1359 nonnullo
866 1293 1061 1380 hujusmodi,
1078 1315 1150 1380 qum
1164 1295 1262 1361 omni·

202 1467 205 1474 .
233 1413 292 1474 bus
302 1409 429 1496 quidem
442 1405 546 1471 lucere
556 1427 684 1470 necesse
694 1416 755 1478 est,
766 1425 827 1468 nec
838 1415 943 1467 tamen
957 1403 1035 1467 ratio
1044 1405 1262 1469 eorumomni·

232 1521 291 1584 bus
303 1527 399 1605 potet.
410 1515 488 1581 Nem
500 1513 598 1598 quod,
613 1511 698 1575 verbi
711 1511 822 1598 gretia,
837 1533 939 1598 genus
951 1509 1110 1575 flectimus
1120 1525 1258 1586 orentes,

231 1637 263 1688 et
272 1623 356 1711 quod
368 1645 407 1686 ex
418 1621 566 1686 omnibns
574 1614 644 1682 coeli
653 1616 750 1707 plagis
759 1620 800 1684 ad
808 1617 908 1684 solnm
916 1619 1045 1683 orientis
1052 1631 1174 1706 partem
1186 1644 1260 1685 con·

232 1733 312 1798 versi
323 1731 497 1795 orationem
507 1727 667 1791 fundimus
676 1727 687 1812 (
695 1730 810 1815 r),non
820 1709 912 1792 lneile
924 1729 1072 1815 cuiquem
1080 1743 1158 1817 puto
1166 1732 1259 1795 ratio

231 1865 270 1906 ne
279 1849 488 1926 compertum.
498 1835 561 1900 Sed
572 1846 606 1900 ot
616 1835 822 1900 Eucharistiae
833 1837 898 1901 sive
909 1837 1130 1924 percipiendis,
1139 1839 1204 1902 sivo
1213 1861 1255 1902 eo

229 1951 289 2013 ritu
299 1970 362 2034 quo
371 1943 700 2034 geriturexplicnndae,
714 1944 760 2009 vel
770 1969 880 2010 eorum
893 1969 963 2033 quae
974 1957 1127 2033 geruntur
1136 1947 1168 2011 in
1179 1949 1255 2036 bop-

152 2111 159 2122 .
228 2059 321 2120 tisnro
334 2056 514 2129 verborum,
527 2057 750 2141 gestorumque
766 2067 797 2117 et
813 2054 961 2119 ordinum
975 2063 1069 2140 atque
1081 2055 1254 2142 interroge-

227 2167 349 2229 tionum
364 2185 402 2228 nc
417 2162 655 2250 responsionum
673 2163 742 2248 quis
759 2161 850 2227 facile
866 2160 1002 2249 explicet
1020 2162 1200 2227 rationem?
1216 2163 1254 2226 Et

226 2289 332 2340 tnnren
348 2275 452 2340 omnin
467 2274 535 2339 haec
555 2284 663 2362 operto
679 2284 711 2340 et
728 2271 827 2338 velata
847 2286 1011 2360 portamus
1031 2295 1126 2360 super
1141 2275 1253 2340 hume·

227 2405 278 2448 ros
290 2393 426 2455 nostros,
440 2405 513 2447 cum
525 2382 566 2446 its
583 2379 750 2468 implemus
762 2403 797 2446 en
811 2395 842 2446 ct
857 2383 1042 2469 exequimur
1054 2396 1090 2446 ut
1104 2407 1122 2448 n
1138 2405 1252 2472 magno

197 2520 201 2530 κ
225 2489 375 2579 pontifice
396 2506 489 2577 atque
508 2491 576 2575 ejus
597 2487 668 2553 liliis
683 2489 798 2554 tradito
817 2503 849 2554 et
869 2491 1090 2556 commendata
1111 2493 1247 2579 suscepi-

224 2623 303 2664 rnus.
324 2599 445 2663 Cuncta
463 2597 531 2661 haee
546 2619 621 2684 ergo
637 2596 800 2660 ethorum
816 2595 927 2662 similis
943 2619 1015 2661 oum
1028 2599 1180 2686 gerimus,
1193 2621 1251 2663 nec

222 2721 326 2772 tumen
343 2727 453 2770 eornm
469 2705 663 2791 assequimur
677 2704 845 2779 rationem,
865 2702 1004 2770 levamus
1020 2705 1162 2772 humeris
1176 2729 1252 2771 nos-

221 2816 276 2880 tris
295 2827 327 2878 et
345 2827 508 2902 portamus
531 2812 681 2900 adoperta
696 2824 728 2877 et
743 2815 869 2878 obtecto
886 2813 988 2878 divino
1005 2814 1169 2900 mysteria,
1190 2815 1250 2880 nisi

221 2924 289 3010 quis
304 2924 344 2986 sit
357 2923 439 2986 inter
456 2944 513 2986 uos
528 2923 632 2988 Aaron
646 2935 699 2986 eut
711 2921 795 2986 tilius
806 2923 924 2996 Aaron,
938 2923 1052 3009 quibus
1065 2923 1123 2988 ista
1137 2945 1252 2988 conce·

221 3032 305 3097 ditur
323 3031 407 3094 nudo
424 3043 457 3094 et
471 3027 606 3096 revelate
621 3031 809 3119 perspicere.
825 3028 872 3096 ltn
890 3041 993 3095 temen
1010 3031 1200 3098 conceditur
1216 3043 1251 3097 ut

219 3140 320 3204 sciant
331 3135 388 3200 sihi
404 3135 534 3202 velanda
550 3129 665 3204 haeo'et
681 3138 865 3225 operienda,
882 3139 936 3203 ubi
953 3141 1072 3204 caeteris
1084 3139 1151 3205 dori
1166 3163 1202 3205 es
1214 3153 1249 3204 et

216 3249 339 3333 inopus
352 3243 483 3332 proferri
497 3248 575 3310 ratio
587 3247 776 3334 poposcerit.

258 3354 332 3418 Post
350 3352 418 3418 haec
433 3354 550 3420 dicitur
565 3355 605 3420 de
620 3355 757 3420 levitis:
777 3355 839 3432 Qui
862 3367 1034 3443 operentur
1055 3378 1072 3420 n
1094 3357 1244 3422 vicesimo

215 3461 325 3547 quinto
344 3483 427 3526 enno
447 3474 481 3526 et
502 3485 595 3549 supro
618 3485 722 3548 usque·
738 3462 777 3526 ed
799 3462 1092 3551 quinquagesimum
1109 3486 1241 3530 annum.
1314 3449 1316 3457 ¹

223 3569 373 3644 «Omnis,
387 3571 509 3654 inquit,
526 3570 578 3655 qui
591 3570 734 3655 procedit
748 3569 789 3633 ad
804 3592 883 3655 opus
898 3593 1029 3658 opernm
1044 3585 1077 3637 et
1091 3574 1131 3637 nd
1146 3596 1245 3661 operu

212 3699 310 3764 »qnae
330 3689 498 3765 portentur
520 3677 714 3743 tubernaculi
738 3678 962 3744 testimouii¹.»
978 3680 1118 3752 Observa
1142 3683 1175 3746 in
1195 3682 1245 3747 his

217 3783 450 3848 distinctionem
460 3803 642 3848 sermonum
651 3784 762 3850 divinoe
774 3784 953 3874 Scriptores.
968 3785 1026 3853 Ubi
1038 3787 1078 3852 do
1090 3790 1244 3876 operibus

246 3907 253 3938 ¹
269 3885 388 3966 Nisam,
402 3905 442 3968 117.
