2734 4594
264 245 323 308 150
483 317 486 322 ,
693 265 849 310 onronrus

258 407 365 473 pugna
379 397 412 450 at
428 396 589 450 certamen
601 395 666 448 est:
680 385 754 472 quia
768 407 833 448 non
849 395 896 448 ost
912 384 1002 480 nolpis
1020 406 1124 472 pugna
1145 383 1293 450 advorsus

256 511 386 560 carnem
400 501 433 552 et
447 488 642 575 sanguinem.
660 486 811 575 Alioquin
827 511 890 552 non
906 498 989 552 osset
1006 489 1099 552 nobis
1115 487 1230 552 fortior
1244 490 1294 555 ad-

256 595 421 662 versarius.
441 594 506 660 Sed
522 594 672 680 quoniam
688 594 856 660 adversum
871 595 1085 683 principatus,
1105 607 1138 659 at
1154 607 1293 682 potesta-

255 717 320 778 tes,
343 714 375 766 ot
397 701 565 767 advorsum
588 700 699 766 mundi
725 702 823 788 hujus
848 713 987 766 ractores
1010 701 1239 777 tenebrarum,
1265 716 1293 766 at

253 809 421 877 advorsum
447 805 596 895 spiritalia
621 808 769 894 nequitiae
795 819 843 872 ast
868 805 1048 882 luctamen,
1069 808 1194 872 ideirco
1219 809 1291 875 dicit

252 915 427 1003 Propheta:
447 915 621 988 «Domino,
642 912 775 980 humilia
797 912 875 978 mihi
893 913 1041 995 ,lortioras
1064 915 1176 979 me'.»
1202 917 1287 996 Quo·

251 1022 348 1088 modo
362 1022 446 1086 enim
464 1043 528 1085 non
540 1019 608 1086 haeo
625 1032 713 1084 tanta
728 1019 897 1108 spirituum
909 1021 972 1096 vis,
984 1019 1078 1108 longa
1094 1022 1136 1085 sit
1149 1021 1288 1088 humana

250 1128 416 1218 fragilitate
430 1127 671 1194 vehementiori
686 1127 751 1192 Sed
766 1128 800 1192 in
815 1150 854 1192 oo
869 1128 955 1194 Deus
974 1129 1105 1216 adjuvat
1119 1129 1293 1196 infirmita-

249 1249 314 1302 tem
329 1248 489 1310 nostram,
505 1236 539 1300 in
555 1258 620 1323 quo
635 1233 713 1300 dicit
728 1233 922 1322 Apostolus:
944 1235 1086 1301 «Omnia
1104 1259 1246 1323 possum
1264 1238 1292 1301 in

248 1368 307 1410 »eo
323 1344 376 1429 qui
391 1339 627 1409 maconfortat²
638 1369 672 1416 ,a
688 1341 827 1406 Christo.
844 1342 925 1408 Sunt
937 1342 1003 1406 istae
1014 1342 1150 1429 quidum
1164 1344 1291 1408 virtutos

247 1451 392 1516 fortiores
408 1449 500 1514 nobis
517 1471 526 1514 t
545 1447 601 1512 sed
619 1448 735 1512 iterum
758 1448 812 1535 qui
836 1448 868 1513 in
892 1449 984 1514 nobis
1005 1459 1054 1512 ost
1079 1447 1294 1524 Christus,et

248 1557 405 1624 confortat
419 1537 496 1630 nos,
512 1565 560 1620 ost
575 1555 718 1620 omnium
740 1554 870 1620 fortior:
889 1553 942 1622 oui
957 1567 1005 1620 ast
1022 1554 1124 1642 gloria
1144 1569 1179 1622 et
1194 1559 1290 1646 impa-

247 1666 330 1730 rium
344 1665 379 1729 in
394 1661 507 1729 saeoula
520 1661 720 1728 saeoulorum.
740 1662 854 1728 Amen.
894 1645 896 1650 ’

248 1954 1289 1982 ΜΜἫΜῚΨΜΝΨἪΝΜΜἪΜῊΨΜἊΊΝΜΜ

537 2159 729 2226 HOMJLIA
762 2158 952 2227 SEPTIMA
967 2163 993 2226 ¹.

303 2397 344 2453 Da
360 2391 491 2469 eoquod
510 2390 642 2450 translati
654 2400 723 2450 sunt
734 2390 787 2449 filii
802 2392 895 2452 lsrael
910 2395 940 2452 in
953 2411 1061 2454 manus
1073 2397 1236 2457 Madian¹.

282 2677 306 2741 Ι.
324 2651 480 2756 Qurdsorr
493 2685 577 2738 tarra
593 2673 695 2738 donoc
707 2672 840 2760 quiescit
853 2683 1029 2759 paccatum.
1044 2671 1174 2741 Moneri
1191 2693 1300 2744 autem

246 2783 362 2850 dicitur
379 2795 480 2857 tarra,
493 2780 556 2845 hoo
572 2791 637 2855 ast,
654 2780 675 2844 ii
689 2780 742 2867 qui
759 2780 904 2844 habitant
920 2793 1054 2856 terram,
1072 2805 1155 2849 cum
1178 2789 1304 2852 aniana

245 2890 413 2956 hominum
427 2909 556 2954 movere
570 2887 724 2975 coeperint
738 2935 748 2961 ,
760 2897 792 2950 ot
807 2887 995 2974 parturbare
1007 2901 1157 2975 paccata.
1174 2895 1216 2958 Et
1228 2895 1303 2960 idea

245 2997 397 3085 scriptum
415 3007 464 3063 ast
480 2996 543 3061 hoo
558 2994 645 3082 quod
660 3017 746 3059 nuno
760 3016 897 3082 praesans
916 2992 1011 3059 lectio
1038 2999 1203 3066 continet.
1230 3029 1246 3059 ι
1260 3003 1305 3066 Ea

246 3083 404 3192 »quievit‚
419 3102 535 3189 inquit,
553 3114 637 3166 tarra
653 3101 862 3189 quadraginta
878 3100 997 3165 annis⁵.
1015 3101 1056 3167 Et
1072 3103 1227 3172 fecerunt
1243 3107 1308 3173 filii

246 3209 362 3276 »lsrael
378 3209 551 3299 malignum
567 3210 599 3274 in
615 3220 789 3297 conspectu
808 3207 958 3282 Domini,
978 3219 1011 3272 et
1035 3210 1175 3277 tradidit
1195 3237 1260 3280 eos
1279 3219 1314 3281 in

246 3335 379 3383 amanus
397 3318 521 3382 Madian
543 3317 630 3382 annis
658 3319 797 3403 septam,
821 3327 854 3378 at
881 3313 1012 3381 invaluit
1035 3315 1172 3385 Madian
1200 3347 1315 3413 super

248 3423 424 3491 »Israel⁸.»
447 3424 532 3489 Dum
547 3435 629 3490 asset
646 3446 721 3512 argo
744 3423 863 3509 justitia
886 3424 918 3488 in
934 3435 1040 3499 tarra,
1065 3425 1100 3490 id
1123 3441 1193 3503 est,
1211 3431 1259 3496 in
1280 3434 1322 3496 iis

282 3578 363 3628 ¹Jnd.
382 3595 414 3639 v,
429 3576 469 3630 13.

280 3666 390 3732 ‘Philip
405 3684 440 3728 xv,
454 3663 494 3716 13.
585 3709 589 3714 .
702 3733 705 3741 Ι

278 3759 367 3805 ⁸T0ffl·
382 3771 420 3816 Π,
434 3771 505 3819 ΜΒ·
519 3759 568 3822 472
577 3759 653 3816 ·ll¹l·

278 3843 383 3895 ‘ludia
393 3859 427 3894 vr.
441 3869 474 3881 -
486 3847 496 3880 ⁸
509 3844 547 3891 Id.
561 3861 586 3906 v,
600 3847 641 3894 32.
657 3875 682 3884 -
697 3843 756 3894 ιῙιΙ.
769 3861 812 3906 vr,
829 3861 851 3894 r.
