2702 4610
267 342 327 406 nt
715 361 857 408 carensis

259 482 396 561 »spectu
412 471 510 560 ejus¹.
526 500 539 535 s
554 471 658 541 Prima
679 474 745 540 dies
766 474 856 541 nobis
874 472 976 562 passio
995 469 1166 537 Salvateris
1183 481 1249 544 est,
1263 480 1299 534 et

258 581 396 648 secunda
409 604 471 670 qus
484 579 649 649 descendit
668 582 700 648 in
716 583 892 656 int'ernum3
907 581 998 647 tertia
1010 591 1118 645 autem
1136 600 1298 644 resurree-

259 693 353 759 tionis
368 705 417 759 est
435 694 511 759 dies.
527 694 567 758 Et
585 694 659 760 ideo
673 693 706 760 in
717 694 773 759 dte
794 693 885 760 tertia
900 692 986 758 Deus
1000 691 1208 757 antecedebat
1225 713 1297 764 eos,

256 825 315 890 per
329 802 412 868 diem
428 801 460 867 in
477 799 625 869 columna
642 804 747 878 nubis,
764 826 821 892 per
838 813 966 869 noctem
981 801 1014 866 in
1028 799 1179 867 columna
1198 800 1293 889 ignis.

258 909 354 990 Quod
369 910 407 985 si,
423 912 650 977 secundamus
666 933 736 999 que
747 910 892 998 superius
908 910 1057 985 diximus,
1074 909 1106 974 in
1122 909 1172 976 his
1188 909 1296 974 verbis

257 1028 345 1085 reete
360 1041 422 1084 nos
440 1017 610 1107 Apostolus
636 1019 730 1086 docet
752 1018 899 1107 baptismi
922 1018 1070 1106 mysteria
1093 1016 1293 1088 contineri²t

255 1127 469 1194 necessarium
483 1139 530 1194 est
541 1140 580 1194 ut
591 1129 647 1216 qui
661 1127 862 1217 baptizantur
878 1129 911 1193 in
926 1127 1067 1203 Christo,
1080 1128 1113 1192 iu
1128 1140 1234 1192 morte
1248 1128 1297 1216 ip·

256 1237 319 1302 sius
334 1236 546 1325 baptizentur,
556 1247 590 1302 ct
601 1235 658 1324 ipsi
674 1234 941 1324 consepeliantur,
953 1246 986 1300 et
998 1234 1152 1322 cumipse
1168 1235 1294 1323 dieter

256 1345 299 1410 tia
312 1357 477 1436 resurgant
492 1369 508 1411 a
525 1343 692 1419 mertuis⁸3
703 1367 782 1432 ques
794 1357 839 1418 et,
852 1343 1029 1408 secundum
1038 1341 1101 1408 hoc
1116 1342 1203 1429 qued
1215 1342 1292 1408 dicit

113 1505 120 1514 .
256 1453 438 1543 Apostolus,
459 1452 584 1520 'ssimui
597 1475 706 1519 uuum
723 1453 896 1529 suscitavit,
917 1449 1073 1539 simulque
1088 1449 1164 1518 iecit
1181 1451 1291 1517 sedere

257 1562 318 1629 sin
333 1559 543 1630 celestibust
559 1589 572 1622 s
587 1561 671 1627 Cum
683 1583 759 1650 ergo
776 1560 831 1625 titi
847 1560 929 1625 tertii
945 1559 1007 1624 diei
1022 1559 1209 1646 mysterium
1225 1559 1290 1658 sue·

255 1663 507 1758 desusceptum,
527 1668 656 1756 incipiet
673 1680 705 1733 te
721 1667 879 1734 deducere
894 1667 992 1743 Deus,
1004 1680 1037 1732 et
1052 1667 1118 1756 ipse
1133 1668 1188 1734 titi
1204 1669 1290 1733 riam

256 1777 363 1847 salutis
378 1778 554 1845 ostendere.

300 1885 365 1952 sed
379 1885 541 1953 videamus
555 1884 632 1973 quid
647 1898 719 1974 pest
734 1886 805 1952 haee
815 1886 933 1953 dicitur
944 1887 985 1952 sd
1000 1887 1141 1975 Moysen,
1151 1909 1221 1973 quae
1231 1887 1288 1953 ria

255 1995 437 2083 precipitur
451 1993 605 2084 eligenda.
625 1994 699 2060 «De
710 1994 832 2072 Other,
848 1996 970 2082 inquit,
990 1997 1145 2071 conversi,
1161 1994 1222 2061 iter
1235 1995 1285 2060 ia·

255 2131 269 2168 s
285 2105 347 2170 cite
361 2104 444 2170 inter
458 2102 634 2193 Epauleum
645 2115 682 2168 et
698 2105 779 2170 iuter
797 2104 991 2204 Magdalum,
1010 2105 1098 2194 qued
1112 2117 1160 2170 est
1174 2117 1284 2172 contre

258 2241 271 2276 ι
286 2212 484 2302 Beelsephon
494 2211 517 2278 ⁶.
533 2239 546 2274 s
561 2213 639 2278 Haec
654 2223 761 2277 autern
775 2210 821 2277 sie
839 2212 1095 2302 interpretantur.
1111 2213 1284 2302 Epauieum

255 2320 397 2409 quidem,
413 2321 555 2388 ascensio
570 2331 721 2386 tortuosa.
740 2318 931 2408 Magdalum,
950 2322 1055 2386 turris.
1075 2321 1286 2412 Beelsephon,

254 2429 397 2495 ascensio
421 2427 569 2517 specuiae‚
587 2425 638 2493 vel
660 2427 779 2494 habens
802 2428 975 2516 speculam.
997 2429 1046 2494 Tu
1067 2429 1194 2498 sortasse
1213 2454 1286 2497 cre·

254 2538 352 2604 debas
367 2539 439 2627 quia
457 2537 518 2602 iter
532 2536 620 2624 quod
634 2535 719 2601 Deus
734 2538 871 2603 ostendit
887 2538 1017 2628 pienum
1032 2554 1115 2606 esset
1128 2552 1160 2606 et
1173 2538 1285 2619 meite,

255 2661 287 2714 et
305 2645 383 2713 nihil
399 2669 527 2734 prorsus
547 2645 679 2710 haberet
694 2643 889 2712 difficultatis
912 2659 967 2712 sut
987 2647 1113 2714 laberis.
1136 2649 1287 2716 Ascensiu

254 2767 315 2830 est,
331 2765 364 2819 et
383 2754 527 2819 ascensio
549 2755 700 2817 tortuosa.
725 2751 795 2818 Non
814 2755 899 2820 enim
921 2754 1060 2843 proclive
1078 2758 1139 2822 iter
1154 2769 1203 2822 est
1220 2780 1285 2844 quo

253 2863 396 2928 tenditur
406 2863 451 2929 ad
467 2863 597 2928 virtutes
606 2886 616 2937 ;
631 2862 687 2927 sed
701 2863 897 2939 ascenditur,
912 2875 946 2930 et
960 2877 1092 2954 anguste
1103 2889 1143 2932 uc
1153 2866 1286 2933 difficet-

254 2983 305 3036 ter
318 2969 509 3036 ascenditur.
531 2968 615 3034 Audi
630 2963 726 3035 etiam
748 2969 921 3036 Dominum
939 2971 973 3036 iu
990 2971 1161 3060 Evangelio
1176 2972 1286 3038 diceu-

254 3090 333 3153 tem,
350 3077 446 3166 «quia
459 3089 547 3142 arcta
563 3090 595 3142 et
610 3088 742 3166 ungusta
755 3077 804 3143 ria
819 3091 868 3144 est
882 3103 953 3166 quae
964 3081 1054 3147 ducit
1073 3083 1111 3147 ad
1124 3081 1249 3148 ritam‘.
1266 3111 1280 3144 ι

254 3187 334 3254 Vide
345 3209 420 3276 ergo
428 3198 583 3275 quantum
593 3170 958 3278 consonetErangeiium
967 3213 1043 3258 cum
1055 3191 1288 3282 LegelnLege

254 3296 431 3364 ostenditur
444 3296 567 3363 virtutis
584 3295 632 3361 via
652 3297 793 3363 ascensio
810 3307 975 3366 tortuosa:
993 3301 1027 3367 in
1046 3301 1223 3390 Evangeliis
1242 3302 1289 3368 di·

254 3406 339 3471 eitur
356 3417 443 3471 areta
458 3417 491 3470 et
505 3417 636 3493 angusta
656 3405 704 3470 via
724 3428 794 3492 quae
810 3405 898 3474 ducit
912 3410 953 3475 ad
973 3411 1078 3477 ruam.
1101 3411 1214 3477 Nonne
1232 3411 1290 3478 hic

251 3526 360 3603 aperte
370 3515 467 3582 etiam
482 3513 558 3581 oaeci
570 3515 676 3580 videre
694 3527 826 3603 possunt
838 3518 925 3604 quod
938 3519 1054 3611 Legem
1071 3533 1103 3587 et
1115 3521 1289 3612 Evangelia

252 3647 334 3691 unus
345 3636 440 3712 atque
451 3623 536 3689 idem
552 3623 679 3711 spiritus
691 3623 838 3714 scripsit?
849 3625 905 3692 Est
917 3651 993 3720 ergo
1013 3631 1073 3696 iter
1090 3631 1177 3728 qued
1194 3632 1290 3699 inoe-

250 3733 331 3799 dunt
343 3733 483 3800 escensio
494 3745 649 3810 tortuosa,
661 3747 694 3800 et
708 3736 849 3802 ascensio
861 3739 1010 3825 specuiae,
1024 3740 1071 3808 rel
1083 3741 1205 3808 habens
1218 3766 1291 3832 spe·

283 3890 354 3942 'Osc
374 3907 398 3940 rr
422 3909 434 3940 s
451 3891 502 3932 ¹-
515 3909 524 3942 ι
536 3894 595 3944 Cor.
608 3892 690 3945 1.-⁸
702 3894 777 3944 Rem.
788 3911 822 3953 ιι,
836 3875 910 3948 5.-ζᾶ
920 3897 987 3964 Eph.
1000 3917 1028 3960 ιι,
1040 3901 1103 3951 6.-
1113 3901 1123 3934 ⁵
1135 3901 1219 3952 Exod.
1234 3917 1289 3963 xre,

126 4001 130 4006 .
266 3991 315 4019 .-
328 3925 494 4027 'diatihirra
506 3967 544 4027 sd.
