2644 4612
333 275 366 320 nt
390 275 552 321 cenricus
577 276 779 322 esnrrcosuu
802 281 863 324 urs.
891 281 938 324 111.
1090 263 1154 352 509

5 407 12 433 ²
127 419 205 465 cum
220 399 376 488 pontifex,
393 410 497 492 potest
515 399 611 466 etiam
630 422 722 466 mons
740 404 897 469 montium
914 403 1071 494 appellari.
1090 408 1155 476 Ve-

110 529 186 572 rum
199 519 235 571 ut
245 507 340 572 etiem
354 507 443 572 tertia
455 507 609 595 expositio
622 507 739 574 habeat
751 509 878 587 locum,
891 513 932 578 ad
947 537 1152 603 unamquem-

110 637 175 702 que
196 615 335 681 unimam
354 637 458 680 sermo
480 614 643 703 dirigatur.
662 615 695 681 Si
715 617 769 703 qui
784 618 847 683 siut
862 621 1043 709 capaciores
1064 626 1151 692 verbi

109 721 191 798 Dei,
209 721 263 809 qui
279 723 318 787 nh
332 721 409 786 Jesu
425 743 539 808 squam
555 722 615 787 sihi
631 723 739 789 datam
755 724 923 804 biberunt,
939 740 972 795 et
986 729 1054 796 haeo
1069 731 1152 798 lactu

108 841 159 894 est
177 830 210 894 in
225 829 270 895 eis
280 829 351 894 lons
367 851 456 917 nquae
471 828 548 894 vivae
555 827 699 895 salientis
715 830 747 896 in
760 831 856 898 vitam
871 845 1040 912 eternam,
1052 838 1085 903 in
1101 838 1150 904 his

1 949 10 986 ³¹
108 936 231 1004 scilicet
245 937 278 1001 in
295 937 410 1024 quibus
426 937 558 1003 verbum
574 937 633 1003 Dei
648 938 769 1004 crebris
784 941 927 1007 sensibus
943 955 975 1008 et
991 946 1145 1033 copiosis,

109 1043 196 1110 velut
210 1045 402 1133 perennibus
416 1043 529 1110 ebullit
544 1044 671 1110 fluentis
688 1069 696 1110 :
713 1047 746 1111 in
761 1046 810 1114 his
824 1049 894 1115 vitae
908 1074 946 1117 eo
962 1051 1100 1118 scientias
1115 1067 1147 1119 et

109 1153 264 1219 doctrinm
283 1153 397 1219 merito
419 1153 581 1218 montibus
599 1165 632 1218 et
651 1152 785 1220 collibus
806 1155 947 1234 ell'ectis,
967 1160 1148 1249 dignissime

108 1260 200 1327 salire
222 1263 355 1328 verbum
376 1261 434 1326 Dei
455 1260 571 1326 dicitur
593 1273 625 1326 et
642 1260 771 1338 exilire,
788 1262 891 1330 sectus
910 1266 1004 1334 ineis
1022 1292 1080 1357 per
1102 1268 1151 1334 al·

109 1367 274 1435 lluentiam
305 1368 458 1434 doctriuae
485 1368 554 1434 sons
586 1391 675 1456 aquae
700 1369 777 1436 vivre
808 1369 946 1439 salientis
983 1375 1015 1440 in
1051 1377 1147 1442 vitam

107 1487 269 1543 eternam.
435 1473 439 1480 ⁴

87 1563 89 1570 ’
161 1585 302 1652 «Similis
316 1597 365 1650 est
379 1584 536 1650 fraternus
553 1607 643 1651 meus
660 1607 800 1674 eapreae,
819 1585 1015 1677 hinnuloque
1031 1612 1145 1658 cervo·
1238 1667 1245 1681 ⁸

112 1715 204 1758 »rum
225 1693 385 1758 montibus
408 1690 552 1759 Bethel¹.
573 1693 729 1780 »Caprea
754 1692 801 1760 vel
823 1717 935 1761 cervus
955 1698 1041 1783 quod
1063 1700 1146 1766 inter

0 1840 1 1847 .
109 1797 226 1863 munde
239 1798 418 1864 habeantur
432 1795 578 1864 enimelia
587 1846 597 1874 ,
607 1796 771 1864 manifeste
783 1821 822 1864 ex
837 1795 886 1865 his
901 1824 971 1887 quse
987 1803 1019 1867 in
1031 1804 1146 1870 Deute-

1 1955 3 1975 ,
103 1907 249 1970 ronomio
269 1907 385 1994 scripta
401 1917 475 1970 suut
494 1905 669 1977 indicatum
686 1917 735 1970 est
752 1906 838 1972 enim
854 1905 917 1973 hoc
932 1911 1029 1977 modo
1044 1914 1145 2001 scrip-

1 2047 2 2056 κ
102 2021 174 2076 tum
194 2014 311 2078 :rflaec
328 2013 497 2076 enimsunt
511 2011 656 2078 animalia
668 2035 738 2098 quas
749 2013 1143 2094 manducabitis,vitulum

100 2134 159 2186 »et
175 2145 345 2210 agnomen
360 2122 547 2209 pecoribus,
564 2134 597 2185 et
612 2120 739 2186 hircum
755 2144 794 2185 ex
810 2124 932 2211 ceptis,
949 2147 1096 2203 cervum,
1111 2140 1145 2192 et

101 2211 274 2317 »capream
285 2279 294 2306 ,
307 2241 339 2293 et
354 2226 525 2303 bubalum,
541 2237 574 2291 et
589 2225 824 2315 tragelaphum,
837 2241 872 2316 et
885 2231 1020 2307 ihioem,
1034 2257 1144 2300 ceme-

101 2338 194 2403 slum
205 2350 237 2404 et
249 2336 402 2425 pardum²
417 2360 425 2402 :
439 2336 524 2402 »Sed
537 2348 570 2400 et
580 2335 668 2423 quod
678 2348 805 2401 sanctus
818 2359 911 2403 cervo
927 2353 1145 2428 comparatur,

100 2447 136 2512 in
148 2444 434 2534 multisScripturae
446 2444 559 2510 divinae
575 2442 652 2508 locis
668 2443 817 2519 habetur,
832 2456 867 2509 ut
886 2446 918 2511 in
929 2445 1073 2535 psalmo,
1088 2450 1143 2515 ubi

102 2555 181 2620 dicit
198 2555 329 2620 :«Sicut
345 2575 455 2618 cervus
471 2550 629 2617 desiderat
645 2550 685 2615 ed
699 2551 802 2616 loutes
817 2575 971 2639 aquarum
982 2603 991 2629 ,
1004 2554 1046 2620 ite
1064 2554 1144 2621 desi-

103 2659 215 2724 sderet
227 2659 330 2724 anima
340 2681 412 2723 mee
426 2656 465 2721 ad
477 2668 508 2720 te
520 2707 529 2732 ,
542 2655 627 2720 Deus
636 2654 684 2720 ’.ι
698 2653 926 2722 Verumtamen
938 2658 971 2722 io
984 2661 1142 2724 sermoni-

103 2768 197 2832 nibus
211 2789 291 2854 quos
306 2789 344 2829 ex
358 2763 609 2831 Deuteronomio
623 2762 871 2851 assumpsimus,
887 2765 984 2863 etism
998 2766 1061 2833 hoc
1078 2791 1145 2835 non

102 2873 297 2964 negligenter
317 2871 585 2939 considerandum
601 2869 744 2946 videtur,
761 2895 860 2959 quem
875 2871 1007 2961 dignum
1023 2875 1056 2940 in
1074 2878 1144 2942 ani-

102 2981 237 3048 malibus
257 2981 382 3047 mundis
404 2979 626 3045 enumerandis
646 2977 789 3042 ordinem
813 2980 966 3057 tenuerit,
986 2994 1021 3046 nt
1038 2984 1143 3071 primo

102 3089 256 3165 vitulum,
275 3087 414 3154 secundo
437 3109 572 3176 egnum,
593 3085 688 3151 tertio
706 3083 833 3151 hircum
852 3087 1014 3153 scriberet.
1035 3090 1071 3155 ln
1092 3090 1142 3155 his

103 3221 178 3264 vero
193 3221 262 3285 quse
274 3197 451 3263 secundum
466 3194 615 3260 eumdem
627 3193 757 3290 Moysen
772 3215 838 3258 non
850 3193 1027 3260 offeruntur
1039 3197 1079 3262 ed
1095 3195 1142 3262 al-

105 3316 189 3382 tere,
202 3308 305 3394 primo
318 3326 465 3379 cervum,
479 3301 621 3368 secundo
633 3322 782 3388 capream
799 3301 960 3366 nominet:
974 3305 1059 3368 etita
1070 3318 1143 3391 post

105 3413 172 3479 haec
187 3413 307 3501 reliqua
322 3435 380 3502 per
398 3409 543 3476 ordinem
560 3408 710 3473 describit
725 3405 906 3474 animantia.
926 3410 1070 3490 Quorum
1088 3436 1138 3477 ra-

103 3521 147 3586 tio
159 3521 207 3587 his
219 3573 227 3598 ,
241 3522 356 3611 quihus
369 3517 581 3584 abundantior
592 3515 691 3604 grstia
702 3513 848 3603 spiritalis
859 3516 892 3581 in
905 3516 989 3584 dono
1001 3519 1142 3586 scientiae

100 3651 251 3696 concessa
260 3639 307 3694 est
314 3651 372 3717 per
383 3625 537 3714 Spiritum
547 3635 693 3690 sanctum
702 3671 711 3698 ,
721 3622 886 3688 manifesta
894 3635 927 3687 et
933 3623 1060 3690 evidens
1071 3625 1139 3691 fiet.

100 3738 199 3805 Nobis
215 3738 340 3804 interim
357 3736 508 3824 quoniam
528 3733 568 3800 de
588 3756 683 3801 cervo
698 3744 731 3800 et
749 3754 864 3822 cepres
880 3731 985 3798 dicere
1003 3756 1089 3800 nune
1107 3735 1141 3802 in

139 3885 148 3918 ¹
161 3886 234 3940 Cant.
245 3905 265 3935 rr
277 3924 284 3951 ,
297 3903 320 3951 9.
333 3915 364 3923 -
379 3880 390 3914 ²
401 3888 472 3934 Dent.
483 3895 536 3944 nv,
548 3887 562 3944 d
574 3921 580 3944 ,
594 3887 617 3932 5.
630 3909 657 3918 ·-
670 3879 679 3912 ²
691 3881 779 3933 Psalm.
792 3897 862 3944 suu,
879 3877 911 3948 ¹·l
