2748 4596
370 275 538 332 rn'crnnuu
560 288 629 331 assu
655 289 737 332 aava
761 289 835 332 non.
861 289 924 331 xvr.
1122 265 1163 350 69

129 415 331 488 sistentibus,
351 424 383 477 et
398 411 506 479 multis
521 411 667 476 hostibus
684 409 959 503 impugnantibus,
972 407 1057 475 bello
1071 420 1103 472 et
1120 431 1167 473 ar-

131 525 192 590 mis
203 521 422 588 haereditatem
434 531 525 584 terrae
539 517 789 608 repromissionis
806 517 975 606 accipiunt.
992 517 1074 582 Cum
1095 539 1167 582 vero

133 656 172 698 ex
188 629 373 698 necessitate
385 628 455 716 quis
471 627 565 692 fuerit
577 628 740 715 subjectus
752 675 761 702 ,
778 638 855 692 tunc
866 625 993 712 quando
1004 625 1100 689 etiam
1112 647 1166 689 no

139 735 297 804 vissimum
315 733 480 798 inimicum
497 731 617 796 destrui
635 753 764 822 neeesse
785 741 849 805 est,
874 727 995 794 scilieet
1008 739 1166 802 mortem,

136 867 202 908 non
215 842 274 906 erit
287 840 353 929 jam
369 840 467 928 gratia
479 839 515 904 iis
531 839 585 927 qui
600 838 823 925 subjiciuntur.

182 947 263 1016 Sed¹
277 959 309 1013 et
323 945 403 1012 illud
418 947 509 1012 nobis
523 945 619 1010 bodie
634 943 754 1010 lectum
765 956 813 1009 est
824 993 833 1020 ,
845 945 918 1032 quia
933 943 1055 1031 Moyses
1072 942 1171 1008 dede-

136 1059 177 1122 rit
188 1056 404 1122 haereditatem
417 1053 625 1141 quibusdam}
639 1065 711 1141 post
724 1052 795 1118 haee
812 1074 884 1117 vero
899 1050 1030 1140 legitur,
1046 1050 1119 1138 quia
1138 1061 1171 1116 et

133 1163 227 1228 Jesus
239 1160 415 1228 secundum
426 1169 622 1247 praeceptum
629 1157 757 1222 Domini
767 1156 928 1221 distribuit
938 1155 1166 1221 haereditatem.

136 1270 262 1335 Primus
276 1289 352 1355 ergo
368 1265 491 1353 Moyses
509 1265 726 1331 hereditatem
741 1263 922 1338 distribuit,
941 1263 1098 1328 secundus
1114 1286 1172 1327 au-

138 1389 204 1440 tem
219 1373 320 1438 lesus.
340 1373 433 1439 Nune
454 1373 585 1460 Moysen
603 1373 720 1461 Legem
739 1369 888 1460 intellige.
908 1371 947 1436 Hi
964 1392 1040 1458 ergo
1055 1370 1109 1456 qui
1128 1391 1173 1432 se-

1 1527 2 1538 r
49 1559 54 1567 Ι
140 1482 282 1548 eundum
303 1481 419 1568 Legem
436 1480 595 1554 vixerunt,
612 1479 705 1568 primi
724 1489 917 1566 aeceperunt
938 1477 1172 1551 haereditatem,

140 1589 198 1658 sed
213 1599 300 1653 extra
314 1599 427 1653 terram
442 1586 707 1674 repromissionis.
724 1587 808 1652 Tum'
824 1586 939 1651 deinde
950 1609 1025 1650 cum
1037 1585 1173 1672 accepis-

137 1707 210 1762 sent
222 1707 337 1760 terram
349 1692 558 1768 hereditatis,
573 1717 639 1758 non
653 1715 725 1759 eam
739 1692 904 1781 possident
916 1715 1019 1781 noque
1031 1691 1175 1756 dividunt

137 1805 221 1868 inter
233 1825 285 1876 se,
298 1800 354 1866 sed
364 1812 532 1888 expectant
544 1823 707 1888 usquequo
722 1801 767 1864 eis
779 1823 837 1888 per
847 1800 958 1866 Jesum
969 1798 1175 1864 distribuatur

134 1913 168 1977 in
184 1920 280 1975 sorte.
299 1907 412 1974 Nonne
427 1907 589 1973 evidenter
605 1907 667 1974 hoo
682 1919 730 1972 est
745 1908 832 1996 quod
853 1905 1023 1996 Apostolus
1042 1906 1118 1972 dicit
1135 1905 1173 1969 ad

138 2019 306 2092 Hebraeos,
330 2016 471 2082 scribens
494 2016 534 2081 de
553 2016 711 2104 prioribus
732 2017 893 2104 patribus,
918 2038 997 2104 quos
1013 2014 1090 2079 dixit
1112 2013 1175 2078 lide

138 2125 294 2215 placuisse
305 2124 373 2190 Deo
384 2123 398 2188 i
410 2125 449 2188 Et
466 2123 554 2190 addit
571 2124 699 2189 dicens:
722 2124 768 2187 «li
782 2135 890 2189 autem
910 2145 1019 2187 omnes
1035 2123 1174 2187 testimo-

143 2235 252 2298 »nium
265 2231 419 2298 habentes
437 2255 495 2320 per
516 2231 614 2298 fidem
630 2231 772 2296 nondum
788 2231 950 2295 consecuti
971 2243 1045 2294 sunt
1064 2253 1175 2318 repro-

144 2340 345 2416 missiones,
369 2339 437 2406 Deo
455 2362 514 2428 pro
536 2339 627 2404 nobis
646 2337 758 2404 melius
774 2336 891 2426 aliquid
909 2338 1113 2426 providente,
1131 2337 1175 2402 uti

140 2467 206 2510 sne
221 2446 286 2508 sine
301 2445 392 2509 nobis
415 2443 546 2532 perfecti
566 2442 800 2509 allicerentur².
825 2473 837 2505 s
861 2445 987 2509 Habent
1001 2444 1097 2530 igitur
1110 2445 1176 2531 jam

139 2551 418 2641 repromissionem
441 2573 550 2626 suam,
567 2563 600 2616 et
620 2551 861 2639 requieverunt,
885 2563 917 2615 et
939 2550 1024 2638 digni
1044 2551 1175 2638 judicati

136 2671 214 2726 sunt
232 2682 289 2748 per
303 2657 432 2746 Moysen
448 2681 562 2746 capere
576 2657 813 2730 haereditatem:
833 2670 1049 2724 verumtamen
1071 2657 1175 2722 adhuc

135 2785 170 2837 et
183 2772 241 2859 ipsi
256 2782 414 2858 pugnant,
432 2781 464 2834 et
478 2770 510 2834 in
526 2771 700 2836 certamine
715 2782 789 2836 suut
811 2794 869 2859 pro
887 2772 922 2835 iis
945 2771 997 2858 qui
1021 2771 1079 2836 sub
1098 2770 1175 2836 «lesu

138 2881 288 2946 militant.
307 2881 370 2946 Sed
390 2881 523 2970 requiris
535 2881 589 2968 qui
605 2881 667 2951 sint
683 2883 731 2948 isti
746 2883 799 2969 qui
814 2893 956 2970 pugnant
969 2931 977 2953 .
992 2893 1025 2944 et
1044 2904 1112 2968 quae
1128 2894 1176 2946 est

137 2985 193 3052 illa
207 3010 312 3075 pugna
329 3009 425 3073 quam
443 2987 486 3052 illi
512 3000 637 3076 gerunt.
657 2991 723 3076 Ego
741 2989 785 3053 sic
806 2988 941 3052 arbitror
960 2987 1046 3073 quod
1065 3010 1174 3054 omnes

134 3092 183 3160 illi
200 3096 255 3182 qui
270 3094 470 3159 dormierunt
486 3105 558 3158 ante
579 3117 635 3159 nos
651 3106 773 3182 patres,
790 3105 930 3182 pugnent
950 3095 1116 3159 nobiscum
1141 3107 1174 3160 et

134 3202 291 3289 adjuvent
307 3223 363 3264 nos
381 3201 578 3266 orationibus
591 3201 665 3266 suis.
682 3201 728 3267 lta
741 3224 877 3290 namque
892 3201 988 3266 etiam
1003 3202 1173 3288 quemdam

135 3310 181 3374 de
197 3309 371 3374 senioribus
383 3309 540 3396 magistris
556 3308 660 3374 audiri
675 3309 833 3375 dicentem
849 3309 881 3373 in
899 3332 938 3373 eo
956 3307 1045 3385 loco,
1062 3310 1095 3374 in
1110 3333 1173 3396 quo

135 3415 294 3504 scriptum
316 3426 365 3480 est
386 3416 419 3480 in
441 3415 587 3480 Numeris
617 3415 689 3501 quia
720 3442 732 3474 v
753 3414 889 3505 ablinget
911 3395 1068 3505 synagoga
1086 3415 1137 3481 illa
1154 3445 1166 3478 a

135 3523 226 3589 hanc
240 3545 449 3611 synagogam,
470 3522 578 3587 «sicut
594 3520 725 3610 ablingit
748 3521 862 3588 vitulus
881 3522 1015 3589 herbam
1042 3523 1174 3589 viridem

132 3627 193 3692 »in
210 3625 379 3714 eampo³.a
402 3623 537 3690 Dicebat
551 3648 649 3713 ergo:
672 3627 779 3706 Quare
798 3625 982 3714 hujusmodi
1001 3626 1174 3694 similitudo

175 3784 184 3818 ¹
199 3788 229 3834 Ν.
246 3803 269 3834 r.

170 3876 271 3924 ²llebr.
293 3891 340 3934 ιι,
359 3872 410 3938 39,
429 3875 469 3933 do.
483 3899 509 3908 ·-
526 3869 620 3922 'Num
636 3891 710 3936 nn,
737 3885 761 3932 4.
