2776 4616
144 275 151 290 ’
264 289 330 366 4¹4
696 309 851 354 -omonurs
899 279 901 284 ’

259 391 280 494 ⁰»
296 428 403 497 lsrab'l.
420 455 432 490 a
454 426 520 495 Sed
536 427 632 493 estin
649 424 767 493 Graecis
789 426 901 493 litteris
922 425 981 491 sub
998 423 1126 490 nomine
1144 419 1241 488 larabi
1265 421 1306 510 ἰιιἱ

268 537 477 607 maledicendi
494 539 592 606 verbo
608 537 837 628 praepositionis
852 536 1003 626 adjectio,
1021 557 1119 625 quam
1133 533 1232 599 nostri
1249 531 1297 596 rel

266 652 371 718 minus
392 651 542 718 decenter
562 650 625 716 dici
646 651 825 726 credentes,
849 647 898 714 vei
921 645 1042 713 nullam
1065 647 1129 713 rim
1149 643 1296 711 dictionis

265 762 338 828 addi
353 785 393 827 ex
408 761 470 827 hoc
481 782 572 849 posse
587 760 813 835 existimantes,
826 758 1012 824 omiserunt.
1031 757 1095 825 Nos
1111 766 1218 823 autem
1234 777 1297 820 ser-

264 895 392 940 monem
408 872 482 939 lieet
494 882 604 938 contra
615 871 880 938 consuetudinem
893 869 1053 959 fingimus,
1066 879 1102 933 ut
1117 889 1247 933 sensum
1258 887 1296 930 ex

264 982 387 1071 integro
403 978 596 1070 colligamus.
613 980 722 1046 Potest
735 1003 812 1070 ergo
827 980 890 1047 diei
907 1001 915 1044 τ
935 979 1048 1054 «Veni,
1065 975 1201 1042 maledic
1217 975 1296 1040 mibi

264 1121 278 1157 a
296 1093 412 1167 Jacob;
428 1102 461 1158 et
474 1091 558 1165 veni,
574 1089 805 1179 supermalcdic
824 1090 902 1156 mihi
918 1086 1026 1156 Israeli.
1043 1114 1056 1149 s
1071 1086 1231 1174 Perquod
1249 1108 1297 1149 os·

264 1201 407 1288 tenditur
421 1200 541 1267 idcirco
557 1220 661 1265 sermo
676 1200 841 1289 repetitus,
859 1210 894 1263 ut
910 1195 1065 1286 ampliore
1076 1197 1106 1261 vi
1123 1209 1156 1262 et
1171 1195 1295 1282 majore

265 1310 439 1376 intentione
455 1306 711 1375 maledictionem
732 1308 765 1374 in
785 1305 882 1374 lsrael
898 1295 994 1395 quam
1009 1307 1042 1372 in
1058 1305 1158 1376 Jacob
1175 1304 1294 1371 Balach

263 1421 425 1487 videretur
444 1441 625 1508 exposcere.
646 1417 754 1484 Donec
775 1417 860 1484 enim
880 1417 950 1504 quis
969 1428 1093 1483 tanturn
1112 1417 1212 1482 Jacob
1234 1426 1293 1490 est,

262 1530 324 1597 hoc
339 1543 387 1598 est
405 1531 437 1596 in
456 1529 581 1596 actibus
595 1526 698 1620 solum
718 1540 751 1594 et
770 1528 920 1618 operibus
936 1527 1070 1616 positus,
1090 1527 1294 1592 inferioribus

261 1638 536 1707 maledictionibus
556 1636 775 1724 impugnatur.
798 1637 858 1703 Ubi
873 1648 980 1704 autom
997 1637 1179 1725 profecerit,
1195 1649 1229 1702 et
1243 1637 1294 1702 iu·

259 1752 409 1817 teriorem
431 1749 595 1815 hominem
620 1749 662 1813 ad
685 1748 859 1815 videndum
883 1749 987 1815 Deum
1014 1748 1152 1816 revelato
1177 1747 1293 1814 mentis

259 1860 354 1928 oculo
365 1879 533 1934 exacuere,
545 1869 579 1924 et
593 1879 766 1947 provocare
782 1859 846 1947 jam
858 1859 1002 1949 emperit,
1016 1870 1094 1926 tunc
1107 1882 1171 1925 non
1185 1856 1294 1924 solum

259 1967 435 2035 maledictis
450 1969 489 2034 ab
505 1967 721 2058 inimico‚.sed
736 1979 769 2033 et
784 1963 1069 2056 supermaledictis,
1086 1967 1149 2034 hoo
1163 1979 1224 2042 ost,
1239 1989 1292 2031 ve·

258 2077 507 2144 bemantioribus
537 2073 778 2142 maledictorum
808 2075 922 2164 jaculis
948 2077 1195 2167 impugnabitur.
1227 2076 1293 2142 Sed

258 2197 336 2252 tunc
350 2185 480 2273 quidem
498 2208 534 2250 os
556 2182 684 2251 Balaam
704 2185 929 2254 maledictione
946 2199 978 2252 et
996 2177 1209 2254 amaritudine
1224 2186 1291 2276 pla-

257 2316 335 2364 num
352 2305 432 2369 erat,
444 2307 477 2359 et
489 2295 551 2377 sub
569 2292 674 2384 lingua
692 2297 762 2384 ejus
781 2295 872 2363 labor
889 2311 921 2362 et
937 2293 1040 2374 doior,
1058 2311 1090 2363 et
1109 2299 1243 2363 sedebat
1260 2299 1292 2363 in

256 2403 376 2471 insidiis
396 2423 470 2471 cum
485 2404 645 2470 divitibus.
664 2405 859 2496 Expectabat
875 2409 961 2473 euim
976 2409 1140 2474 mercedes
1155 2431 1172 2474 a
1190 2408 1293 2474 divite

256 2535 343 2602 rega,
361 2523 396 2577 ut
409 2511 443 2577 in
463 2510 596 2578 occultis
611 2513 806 2581 interficeret
819 2504 1015 2582 innoeentes.
1035 2517 1099 2583 Sed
1114 2517 1214 2592 Deus,
1236 2517 1293 2607 qui

257 2621 330 2688 iacit
345 2643 471 2711 semper
485 2618 639 2686 mirabilia
660 2621 757 2698 solus,
769 2647 808 2689 ex
824 2625 958 2692 inimicis
975 2641 1125 2716 operatur
1138 2625 1290 2694 salutem.

256 2731 370 2820 injecit
385 2731 471 2798 enim
486 2732 619 2800 verbum
636 2732 668 2797 in
683 2755 718 2797 os
733 2735 816 2822 ejus,
829 2735 971 2823 quamvis
986 2729 1130 2801 nondum
1147 2757 1204 2802 cor
1216 2737 1293 2824 ejus

255 2862 370 2930 capere
380 2851 486 2930 posset
501 2841 635 2906 verbum
650 2841 719 2908 Dei.
738 2843 855 2910 Adbuc
870 2844 955 2928 enim
971 2857 1039 2911 erat
1053 2845 1087 2911 in
1104 2845 1205 2936 corde
1217 2847 1294 2934 ejus

154 2956 161 2965 '
253 2951 409 3018 mercedis
424 2951 594 3040 cupiditas,
609 2963 743 3042 propter
758 2954 845 3042 quod
861 2955 956 3020 etiam
976 2965 1047 3043 post
1062 2958 1197 3022 verbum
1213 2955 1292 3033 Dei,

254 3061 341 3150 quod
355 3060 467 3125 habuit
481 3061 513 3126 in
529 3083 583 3126 ore
599 3084 669 3138 suo,
691 3062 817 3128 dicebat
837 3063 878 3130 ad
896 3063 1037 3132 Balach:
1058 3064 1177 3141 «Veni,
1193 3078 1226 3132 et
1249 3069 1292 3134 do

252 3199 268 3232 s
284 3169 341 3236 tibi
352 3167 520 3235 consitium
530 3170 554 3246 ¹,
568 3198 582 3232 ι
595 3181 627 3234 et
638 3169 775 3236 docebat
786 3194 860 3236 eum
873 3174 1033 3260 quomodo
1045 3175 1186 3240 mitteret
1197 3197 1294 3242 scan-
1375 3227 1376 3244 .

255 3279 362 3348 daium
378 3281 409 3345 in
425 3292 598 3369 conspectu
616 3279 755 3348 filiorum
772 3281 880 3360 lsrael,
899 3295 933 3350 ut
949 3285 1179 3351 manducarent
1192 3286 1292 3353 idolis

249 3389 412 3457 immolata
424 3402 457 3455 et
468 3402 503 3454 ut
514 3391 757 3458 fornicarentur.
772 3392 905 3481 Propter
917 3395 1004 3483 quod
1014 3408 1047 3460 et
1058 3398 1173 3463 cecidit
1184 3419 1294 3487 popu·

250 3501 314 3576 lus,
327 3513 359 3565 et
373 3498 464 3589 plaga
481 3521 592 3589 magna
611 3501 691 3568 sacta
702 3514 751 3567 est
765 3501 797 3568 in
809 3525 861 3576 eo,
875 3503 976 3569 donee
989 3503 1102 3571 Finees
1117 3519 1292 3596 perempto

250 3607 405 3684 israelita,
415 3609 469 3696 qui
482 3607 779 3677 fornicabaturcum
787 3609 1003 3688 Madianitide,
1014 3614 1292 3682 sedaritsurorem

250 3718 387 3787 Domini.
407 3719 447 3784 Et
471 3730 542 3816 post
564 3717 644 3794 haec,
670 3721 784 3809 inquit,
801 3717 951 3810 produxit
973 3723 1086 3788 Finees
1105 3723 1290 3790 exercitum

249 3842 359 3898 contra
380 3827 577 3906 Madianitas,
599 3843 632 3896 et
652 3831 878 3898 interfecerunt
898 3833 1068 3901 duodecim
1086 3831 1183 3926 millia
1203 3836 1291 3902 viro·

282 3959 381 4010 ¹Nnm.
396 3973 465 4020 xxiv,
481 3961 520 4019 ¹4·
