2682 4594
428 228 460 270 m
486 226 626 268 nsnunun
647 227 740 272 xxxvi
763 231 836 273 nou.
864 233 897 273 u.
1111 217 1173 278 205

131 353 291 428 medium,
311 364 345 415 et
362 351 516 438 judicium
541 362 685 415 nostrum
708 351 790 417 sicut
813 355 978 420 meridiem
999 355 1120 425 cinnum
1142 373 1174 425 et

130 460 291 535 lucidum,
308 459 430 525 habens
444 456 549 524 lucem
566 480 673 523 veram
690 460 723 523 in
736 481 787 535 se,
806 461 909 548 ipsum
925 463 1097 531 Dominum
1115 489 1174 530 no-

130 581 251 642 strum,
272 567 392 633 cui'est
415 563 513 654 gioria
536 577 568 631 et
588 565 757 652 imperium
780 569 813 632 in
833 569 948 636 saeculn
969 572 1169 640 saecnlorum.

133 675 249 742 Amen.

137 955 1167 998 mmmwwmmwmwwmmmmmmwwmwmwuwmw

416 1194 613 1263 HOMILIA
637 1195 850 1266 SECUNDA
866 1198 891 1262 ¹.

157 1478 199 1532 De
211 1473 318 1532 eodem
332 1473 463 1552 psalmo,
491 1475 526 1532 ab
539 1474 589 1533 illa
605 1484 687 1552 parte
702 1492 709 1530 :
728 1499 742 1526 «ι
756 1472 901 1532 Subditus
917 1485 981 1533 esto
997 1477 1151 1549 Domino,

528 1595 541 1620 u
559 1580 588 1627 et
602 1587 654 1627 ora
677 1588 758 1628 eum.
775 1595 788 1618 u

174 1795 198 1859 1.
218 1795 422 1882 Pnaecipiente
438 1796 607 1869 mandato,
624 1806 656 1859 et
671 1795 796 1861 dioente
815 1819 822 1859 :
836 1822 848 1855 α
861 1795 1013 1860 subditus
1028 1808 1096 1860 esto
1107 1797 1170 1861 Do-

129 1899 270 1978 »minn²‚
287 1901 520 1966 »neeessariam
529 1901 653 1966 videtur
664 1889 853 1990 perscrutari
863 1903 938 1991 quid
951 1903 990 1967 sit
1004 1904 1166 1969 subditum

128 2032 196 2073 osse
206 2008 357 2084 Domino,
370 2022 402 2072 nt
413 2008 489 2096 quid
499 2009 538 2074 sit
548 2031 613 2073 non
625 2032 691 2074 esse
702 2009 873 2074 subditum.
887 1995 1067 2076 Sicutenim
1079 2039 1091 2071 u
1104 2035 1168 2077 non

129 2117 253 2181 »omnis
265 2116 319 2205 qui
335 2117 412 2182 dic-it
423 2116 578 2191 Domine,
592 2116 748 2191 Domine,
765 2117 895 2180 intrabit
906 2117 939 2181 in
955 2140 1088 2206 regnum
1105 2143 1168 2185 coe-

133 2223 279 2300 simum,
296 2222 352 2288 sed
368 2223 421 2310 qui
447 2223 521 2288 facit
537 2219 732 2288 volunlatem
753 2224 849 2310 patris
872 2223 932 2286 mei
957 2225 1057 2310 quiin
1081 2225 1168 2291 coelis

46 2399 51 2408 ‚
131 2331 215 2396 »θεῖ’
230 2355 262 2395 »ε
278 2332 321 2395 itu
333 2355 397 2396 non
409 2333 510 2397 omnis
526 2331 579 2419 qui
593 2331 669 2396 dicit
685 2355 718 2396 se
730 2332 912 2418 subjeetum
928 2355 995 2396 usse
1008 2333 1165 2411 Domino,

128 2439 343 2528 subjectusest
352 2440 379 2502 ei
390 2489 398 2514 ,
408 2439 463 2503 sed
472 2439 525 2527 qui
537 2439 639 2526 reipsa
648 2439 864 2525 subjeclusest
873 2439 902 2502 ei
912 2463 919 2502 :
930 2439 1001 2526 quia
1010 2464 1081 2505 vene
1094 2445 1167 2507 suh-

129 2547 252 2634 jeetum
264 2569 331 2612 esse
344 2547 480 2611 Domino
490 2597 498 2622 ,
509 2571 572 2612 non
588 2570 692 2612 sermo
705 2546 905 2635 professionis
915 2597 924 2621 ‚
934 2547 989 2610 sed
1003 2571 1082 2636 opus
1095 2551 1168 2616 suh-

127 2654 273 2742 jectinnis
288 2655 436 2719 ostendit.
455 2653 582 2720 Plenius
596 2666 703 2719 nutem
727 2652 912 2741 intelligitur
926 2655 1012 2740 quod
1031 2655 1166 2721 dicimus

130 2763 310 2828 hocmodo.
324 2761 477 2828 Dominus
489 2775 596 2828 noster
604 2762 695 2828 Jesus
709 2763 853 2828 Chiistus
865 2762 984 2848 justitia
999 2775 1055 2827 est.
1066 2765 1167 2830 Nemo

130 2872 327 2960 ergoinjuste
337 2895 431 2961 agens
439 2872 602 2960 subjectus
609 2883 656 2936 est
668 2871 806 2946 Christo,
816 2870 1062 2957 quiestjustitia.
1076 2872 1167 2936 Chri-

131 2993 198 3044 stus
209 2981 323 3057 ueritas
338 2992 396 3044 est.
414 2980 513 3046 Nemo
526 2980 662 3044 mendax
677 2978 978 3063 Christosubjeetus
993 2981 1105 3066 estqui
1120 2992 1168 3044 est

127 3089 328 3164 veritas‚sivn
340 3088 453 3163 cumin
466 3090 579 3162 nehus,
593 3089 656 3153 sive
667 3111 739 3153 cum
756 3087 788 3151 in
805 3085 948 3150 doctrina
963 3088 1167 3155 mendacium

126 3194 280 3282 loquitur.
294 3196 448 3262 Dominus
461 3196 553 3260 Jesus
566 3196 711 3261 Christus
723 3192 1109 3260 sanctificatiuest.'Nem0
1120 3209 1168 3260 est

127 3303 290 3391 subjectus
307 3302 565 3379 sanctificationi,
582 3326 657 3370 cum
673 3300 812 3391 pollutus
828 3301 867 3364 sit
881 3311 913 3365 et
929 3302 1081 3389 impurus.
1101 3305 1161 3368 Do-

127 3401 234 3476 minus
250 3412 342 3476 Jesus
360 3411 503 3476 Christus
520 3437 581 3500 pax
595 3423 652 3476 est.
673 3412 773 3477 Nemo
793 3407 946 3497 litigiosus
959 3421 991 3473 et
1007 3410 1169 3476 turbulen-

125 3534 179 3584 tus
196 3520 323 3585 Christo
338 3523 498 3608 subjectus
510 3534 576 3596 est,
589 3522 642 3610 qui
655 3534 702 3585 est
717 3544 795 3608 pax,
813 3519 868 3582 sed
881 3517 932 3583 ille
945 3520 1109 3607 subjectus
1121 3532 1169 3584 est

123 3630 155 3693 ei
178 3629 232 3717 qui
250 3630 351 3694 dicit:
369 3630 482 3694 «Cum
500 3630 548 3695 his
568 3631 621 3717 qui
643 3632 780 3695 oderunt
800 3651 927 3717 pacem,
947 3651 1033 3692 eram
1057 3627 1168 3714 pacifi-

165 3759 174 3790 ¹
187 3759 389 3822 Tom.11,pngg.
406 3753 458 3820 659
468 3786 477 3793 -
486 3755 545 3804 663.

162 3844 271 3892 ²Pssim.
282 3859 375 3903 xxxvi,
393 3859 416 3903 7.
430 3871 462 3879 —
473 3838 581 3892 'Manis
595 3860 646 3902 vu,
665 3858 706 3891 ει.
