2644 4612
179 275 187 285 .
250 225 316 304 bal
692 250 832 296 canonius

244 373 323 437 retia
337 371 556 438 fenestrarum.
572 372 606 438 Si
622 373 745 438 verode
761 373 887 440 Christo
904 373 970 439 bec
982 385 1014 439 et
1025 375 1150 444 Ecclesia
1162 403 1229 469 expo

243 501 376 555 namus,
393 479 508 544 domus
525 478 558 544 in
576 503 638 568 qua
655 479 820 548 habitabat
834 479 993 557 Ecclesia,
1011 481 1164 572 Scriptura
1178 501 1229 553 sunt

243 587 335 676 Legis
346 601 378 653 et
393 587 632 676 prophetarum.
651 588 700 654 lbi
716 589 844 654 enimet
860 587 1042 654 cubiculum
1056 593 1126 680 regis
1136 605 1228 660 eston-

243 695 340 764 nibus
356 695 470 761 divitiis
485 696 624 761 scientiae
639 719 677 762 ac
693 697 852 784 sapientiae
867 694 1032 785 repletum.
1050 699 1094 763 lbi
1109 712 1137 765 et
1149 703 1228 767 donus

245 805 333 880 vini,
349 803 493 870 doctrina
515 801 635 870 sedicet
650 803 700 870 rel
719 806 875 891 mystica,
893 803 942 872 vel
957 805 1094 883 moralis,
1109 831 1166 894 qua
1176 807 1228 876 leti

246 912 323 980 licat
338 931 394 978 cor
408 911 558 978 bominis.
573 911 752 979 Adveniens
767 937 842 1002 ergo
858 913 1005 979 Christus
1018 915 1096 978 stetit
1108 915 1226 1002 paululum
1273 929 1274 940 *

244 1037 315 1114 post
326 1025 479 1112 parietem
490 1025 604 1090 veteris
610 1025 815 1090 Testamenti.
828 1025 924 1091 Stetit
935 1026 1020 1090 enim
1030 1038 1094 1114 post
1102 1027 1223 1114 parietem

243 1155 318 1200 cum
333 1155 399 1199 non
416 1131 671 1200 manifestaretur
686 1133 727 1199 ad
741 1132 897 1222 populum
914 1157 922 1199 :
938 1135 993 1198 nbi
1006 1157 1074 1198 vero
1087 1133 1160 1199 alluit
1173 1147 1223 1201 ten

242 1263 322 1330 pus,
340 1253 372 1307 et
390 1240 488 1331 coepit
504 1263 565 1330 per
583 1241 734 1308 fenestras
753 1242 844 1331 Legis
870 1263 910 1308 nc
929 1243 1138 1331 prophetarum
1152 1267 1221 1331 perra

243 1349 365 1416 scilicet
376 1373 446 1438 quae
461 1350 501 1415 de
513 1373 553 1414 eo
567 1349 736 1438 praedicata
749 1349 897 1426 fuerant,
913 1373 1063 1438 apparere
1072 1363 1100 1414 et
1109 1351 1220 1416 ostendere

243 1481 278 1523 se
299 1455 446 1525 Ecclesiae
460 1458 543 1522 intra
562 1458 716 1533 domum,
732 1458 795 1523 hoc
809 1470 857 1522 est
876 1459 962 1522 intra
978 1457 1104 1522 litteram
1115 1459 1216 1546 Legisse

244 1575 331 1640 denti
344 1624 353 1650 ,
365 1583 517 1661 provocat
533 1594 605 1637 eam
619 1571 694 1637 inde
708 1571 813 1646 exire,
829 1581 862 1635 et
879 1571 991 1636 venire
1006 1569 1212 1636 seruauerat

245 1682 330 1747 enim
344 1691 454 1757 exeat,
470 1681 529 1745 nisi
545 1679 698 1768 procedat
713 1692 745 1744 et
759 1678 987 1768 progrediatur
1002 1677 1209 1764 alitteraalspiri

242 1803 332 1866 tum,
345 1812 409 1854 non
417 1800 522 1879 potest
533 1811 648 1876 sponso
660 1811 717 1852 suo
725 1788 876 1876 conjungi
887 1837 897 1862 ,
911 1783 1198 1874 nequeChristasoaiai

242 1895 343 1963 Vocat
355 1917 429 1982 ergo
442 1915 532 1969 eam,
547 1904 578 1957 et
593 1893 732 1958 invitata
747 1890 932 1958 carnalibus
944 1891 987 1957 ad
1006 1887 1194 1979 spumant

243 2002 359 2067 bilibus
371 2001 412 2066 nd
426 1997 612 2075 invisibilia,
633 2023 651 2065 a
666 1999 749 2088 Lege
767 1999 875 2063 venire
894 1998 937 2064 ad
958 1992 1200 2087 Evangelialtile

243 2109 320 2176 dicit
335 2110 363 2173 ei
382 2133 391 2174 t
408 2109 551 2196 «Surge,
568 2108 659 2184 veni,
682 2107 825 2195 proxima
847 2129 942 2182 mea,
960 2106 1091 2171 formosa
1102 2125 1162 2174 mea,
1175 2119 1208 2162 rt·

244 2217 375 2283 »lumba
396 2239 464 2282 mea
479 2215 501 2280 ¹.
523 2245 537 2278 a
555 2217 595 2280 Et
617 2227 653 2279 ut
678 2212 782 2301 aliqua
804 2213 902 2280 etiam
924 2214 965 2279 de
987 2214 1036 2279 bis
1054 2235 1111 2299 quc
1124 2219 1210 2297 postne·

242 2327 320 2393 dnm
335 2324 470 2391 dicenda
487 2335 560 2389 sunt
576 2323 822 2412 praeveniamus,
837 2322 992 2387 timentes
1010 2343 1120 2386 sensum
1132 2313 1214 2405 perlem

243 2436 298 2524 qui
318 2434 458 2502 occurrit
472 2433 505 2498 in
524 2430 674 2498 hocloco
692 2455 700 2496 :
715 2442 881 2520 propterea
907 2430 1047 2496 fortassis
1060 2441 1088 2492 et
1100 2425 1157 2492 illul
1169 2420 1217 2486 litt

241 2545 282 2614 ad
296 2566 388 2620 eam,
404 2543 477 2630 quia
491 2541 588 2606 etiam
610 2540 722 2629 hyems
736 2539 879 2614 transiit,
902 2538 1011 2628 pluvia
1026 2538 1106 2608 abiit;
1119 2527 1219 2599 anulet

242 2653 396 2744 passionis
420 2673 483 2715 suae
498 2660 624 2738 tempus
638 2648 801 2724 indicans,
817 2647 905 2736 quod
920 2657 1074 2713 transacta
1091 2644 1220 2730 brenac

243 2761 374 2850 dejectis
390 2757 544 2825 imbribus
556 2757 622 2845 ipse
637 2779 747 2844 passus
757 2767 805 2820 est
817 2778 825 2819 :
839 2753 934 2820 simul
946 2767 979 2820 et
993 2752 1067 2819 illud
1079 2767 1176 2840 quoquc
1183 2765 1221 2831 ptr

191 2935 193 2941 ,
243 2866 416 2958 spiritalem
442 2865 608 2953 designans
630 2860 891 2952 intelligentiam,
916 2862 1005 2950 quod
1024 2882 1111 2948 usque
1130 2849 1222 2920 adillul

241 2989 365 3065 tempus
381 2997 445 3062 quo
460 2973 604 3038 Christus
620 2995 729 3061 passus
743 2983 791 3036 est
803 3021 812 3046 ,
824 2971 943 3037 imbres
959 2970 1081 3035 fuerunt
1095 2985 1167 3052 super
1178 2972 1222 3023 ter·

242 3107 321 3151 ram.
345 3082 515 3148 blandabat
536 3081 620 3146 enim
645 3077 751 3145 adbuc
772 3079 928 3144 Dominus
956 3078 1121 3146 imbribus,
1137 3067 1222 3134 scilicet

241 3185 424 3278 prophetis,
448 3199 484 3251 ut
505 3184 755 3276 pluerentverbi
775 3165 914 3272 pluviam
938 3192 1153 3270 superterram.
1174 3167 1220 3236 sad

242 3293 315 3382 quia
331 3291 481 3378 usquead
495 3291 652 3358 loannem
669 3290 843 3377 baptistam
859 3287 1042 3378 prophetica
1058 3282 1184 3348 liniuntsu
1197 3271 1225 3335 of

240 3401 333 3474 ficia,
349 3400 465 3465 merito
479 3400 597 3464 imbres
610 3399 782 3474 abiisse,et
797 3397 974 3464 discessisse
990 3395 1132 3460 dicuntur.
1148 3387 1223 3450 Gessa-

240 3517 316 3571 runt
331 3517 437 3570 autem
445 3504 623 3593 prophetici
635 3504 752 3568 imbres
765 3524 829 3568 non
845 3501 886 3566 ad
896 3501 1044 3566 damnum
1054 3489 1222 3560 credentium·

241 3613 298 3680 sed
319 3613 358 3678 ad
379 3613 498 3701 majora
523 3610 673 3679 Ecclesiae
689 3609 789 3678 lucra.
810 3609 897 3690 Quid
919 3610 1001 3674 enim
1019 3604 1152 3670 imbribus
1167 3613 1222 3682 opus

242 3735 308 3800 cst,
321 3723 375 3787 ubi
391 3721 510 3788 flumen
527 3721 584 3786 Dei
599 3718 738 3786 laetificat
750 3717 932 3786 civitatem?
948 3717 1000 3784 ubi
1015 3716 1043 3780 iu
1055 3710 1136 3779 corde
1146 3703 1220 3770 nnius·

281 3865 370 3918 ¹Cant.
384 3883 419 3930 11,
438 3884 475 3917 10.
