2660 4610
211 259 275 338 450
473 239 485 266 ⁶
654 280 795 322 onrosrus

213 397 416 466 comminatio
432 398 464 462 in
479 421 534 463 eos
549 400 601 485 qui
619 422 750 488 capaces
768 421 835 464 esse
853 411 983 486 possunt
997 400 1038 465 od
1054 403 1241 489 agnitionem

211 521 243 574 et
256 507 417 574 scientiam
430 556 439 582 ,
452 506 504 569 sed
518 529 575 594 per
586 506 737 574 desidiam
749 505 912 594 negligunt
922 529 930 570 τ
941 506 974 571 in
985 530 1068 596 quos
1080 511 1241 597 justissima

212 615 385 706 indignatio
399 613 502 702 sponsi
515 626 580 690 est,
591 615 663 700 quia
680 615 738 681 scit
751 615 843 678 unius
856 611 1082 702 negligentiam
1094 617 1242 682 cederead

211 724 325 790 damna
337 721 521 790 multorum.
534 720 650 788 Similis
662 723 748 788 enim
757 721 915 787 videbitur
927 721 1118 812 hujusmodi
1132 725 1243 798 anima,

210 829 258 898 vel
274 829 318 896 illi
330 830 384 918 qui
400 841 566 918 acceptum
582 830 748 899 denarium
761 829 928 897 abscondit
942 830 975 895 in
991 843 1139 906 terram,
1151 855 1189 898 ne
1202 831 1243 896 lu-

209 941 254 1008 cri
271 939 387 1029 aliquid
402 963 441 1004 ex
452 962 491 1004 eo
503 941 645 1027 pecuniae
657 939 804 1006 dominus
820 939 1020 1026 acquireret:
1034 940 1088 1008 vel
1105 941 1151 1007 illi
1162 965 1242 1030 quem

210 1049 365 1115 occidisse
387 1047 502 1115 dicitur
520 1049 623 1122 Deus,
644 1049 698 1135 qui
715 1045 869 1136 malignus
886 1060 972 1124 erat,
990 1048 1104 1114 Onam
1130 1049 1177 1115 vel
1191 1051 1243 1115 Her

208 1155 349 1232 scilicet,
370 1156 423 1243 qrri
448 1167 575 1243 accepta
597 1155 717 1222 semina
743 1155 882 1220 scientie
899 1155 1057 1223 naturalis
1079 1158 1242 1246 posteritati

211 1265 354 1332 invidens
374 1263 586 1354 profundebat
606 1263 639 1330 in
655 1260 771 1330 terra¹.
788 1263 932 1328 Pastorea
949 1287 1085 1352 quoque
1110 1266 1204 1351 (sicut
1217 1277 1242 1329 et

210 1386 281 1440 ante
303 1374 366 1460 iam
385 1372 533 1461 diximus)
555 1371 580 1436 si
595 1371 724 1458 quidem
743 1371 784 1438 ad
798 1369 974 1438 Ecclesiam
992 1375 1240 1440 comminationis
1310 1454 1311 1464 ἵ

210 1483 263 1550 hic
281 1503 385 1549 sermo
405 1479 460 1556 lit,
477 1479 587 1553 mundi
605 1479 700 1567 hujus
719 1480 876 1568 principes
896 1480 1083 1570 accipiendi
1104 1495 1189 1558 sunt,
1202 1481 1238 1547 rel
1310 1469 1313 1567 l

208 1589 252 1660 illi
268 1587 380 1678 Angeli
396 1590 454 1654 sub
470 1611 608 1676 quorum
626 1611 703 1656 cura
719 1586 846 1676 relique
865 1601 974 1677 gentes
991 1589 1172 1667 habentur,
1185 1592 1235 1656 sire
1306 1569 1313 1675 l

208 1712 291 1792 sorte
306 1699 339 1763 in
356 1697 416 1764 hoc
425 1745 434 1774 ,
448 1697 511 1762 sire
527 1696 748 1762 secretioribus
765 1696 869 1762 causis
884 1697 1089 1783 quibusdam
1101 1700 1228 1764 deducta.
1307 1743 1312 1815 p

209 1809 241 1874 Si
261 1830 335 1875 sero
351 1806 391 1872 ad
407 1827 661 1892 unamquamque
677 1804 814 1870 animam
832 1806 1048 1874 comminatio
1069 1807 1125 1873 ista
1138 1807 1219 1872 msere
1309 1797 1319 1845 ’ἵ

208 1929 272 1992 tur,
289 1939 358 2003 quae
377 1913 578 2000 semetipsam
594 1910 724 2000 negligit
743 1935 931 2000 agnoscere,
952 1916 1110 2003 sapientes
1126 1927 1150 1978 et
1163 1937 1212 1978 mr
1318 1989 1319 1994 γ

209 2023 295 2113 gistri
317 2021 411 2110 hujus
434 2019 540 2086 saeculi
558 2018 753 2108 intelligendi
774 2032 864 2095 sunt,
886 2020 1046 2088 docentes
1071 2021 1216 2111 sapaudum
1318 2005 1319 2058 l

208 2133 304 2220 hrrjus
322 2130 432 2196 mundi
452 2153 459 2194 ε
478 2140 513 2196 ut
530 2129 561 2196 io
577 2151 700 2219 summa
716 2128 779 2194 hoc
797 2128 1011 2218 intelligatur,
1031 2133 1112 2219 quia
1129 2149 1224 2196 uuam
1318 2117 1319 2206 l

136 2263 137 2266 ’
209 2253 256 2305 est
271 2239 408 2305 animam
428 2261 499 2302 eam
520 2237 678 2326 praecipuo
692 2259 762 2323 quae
777 2238 861 2302 hona
878 2248 910 2301 et
929 2236 1070 2325 pulchra
1095 2251 1140 2304 est
1158 2236 1227 2303 sens

212 2350 289 2424 bus,
305 2359 339 2411 ot
358 2345 484 2434 ingenio
505 2343 654 2433 vigilans,
674 2367 866 2432 cognoscere
884 2346 1108 2434 semetipsam,
1124 2358 1155 2410 et
1173 2346 1238 2412 dare

197 2475 199 2480 ·
213 2479 340 2546 operam
353 2454 393 2520 ad
409 2455 599 2540 agnitionem
615 2452 662 2518 sui
679 2476 734 2540 per
750 2452 899 2517 exercitia
914 2453 1090 2530 doctrinm,
1101 2467 1133 2519 et
1146 2454 1242 2518 studia

212 2562 333 2636 divina,
346 2583 383 2626 ac
394 2582 452 2648 per
463 2559 525 2626 hoc
543 2559 591 2646 agi
604 2557 723 2646 Spiritu
734 2557 793 2622 Dei
808 2569 841 2622 et
853 2559 966 2646 spiritu
983 2560 1174 2648 adoptionis.
1188 2560 1244 2626 tut

211 2671 237 2736 si
252 2668 322 2734 talis
336 2667 405 2736 haec
423 2666 525 2735 anima
545 2665 744 2753 semetipsam
760 2663 952 2754 neglexerit,
970 2680 1002 2731 et
1020 2693 1038 2734 a
1056 2669 1175 2734 <lisinis
1188 2681 1246 2734 stu-

213 2779 271 2844 diis
283 2775 502 2849 declinaverit,
515 2796 643 2840 necesse
656 2785 704 2840 est
718 2795 788 2838 cam
801 2796 930 2862 operam
947 2773 1024 2839 dare
1035 2777 1151 2840 studiis
1163 2799 1247 2842 mun

215 2886 344 2962 daniset
359 2881 517 2972 sapientiae
532 2880 655 2956 secordi,
668 2893 699 2946 et
711 2881 759 2968 agi
774 2881 885 2969 spiritu
901 2883 1011 2947 mundi
1025 2883 1121 2971 hujus
1134 2885 1248 2950 iterum

214 2996 247 3060 in
267 2995 390 3063 timore.
410 2991 504 3070 Quod
524 2990 664 3082 designat
683 2988 850 3077 Apostolus
867 3013 942 3056 oum
962 2991 1041 3056 dicit
1057 3015 1094 3056 :s
1110 2993 1177 3058 Nos
1197 3017 1247 3060 aa·
1305 3017 1309 3063 t.

213 3114 301 3168 »tom
317 3125 381 3166 non
397 3099 541 3187 spiritum
566 3097 659 3184 hujus
680 3097 790 3164 mundi
809 3098 1007 3186 accepimus,
1028 3101 1088 3166 sed
1107 3102 1241 3189 spiritum

216 3209 290 3306 »qui
305 3220 352 3272 est
367 3232 405 3273 es
420 3207 487 3272 Deo
498 3203 519 3268 ².
540 3233 552 3266 r
572 3207 612 3276 Et
627 3205 743 3270 iterum
760 3227 768 3270 ε
786 3234 799 3268 r
814 3205 884 3271 Non
904 3206 1070 3293 accepistis
1089 3209 1170 3274 enim
1184 3209 1245 3272 ite-
1318 3273 1319 3312 p

217 3339 309 3380 »rum
324 3316 356 3379 in
372 3315 484 3380 timore
500 3313 643 3401 spiritum
659 3313 834 3389 servitutis,
850 3314 906 3378 sed
922 3314 1066 3402 spiritum
1084 3318 1250 3405 accepistis

214 3421 428 3510 radpptiouis,
450 3423 481 3487 in
503 3444 566 3508 quo
582 3419 753 3498 clamamus
773 3445 781 3485 :
799 3421 891 3487 Abba
905 3422 1026 3509 pater³.
1047 3425 1146 3490 rHaec
1167 3427 1247 3490 inte·
1318 3477 1319 3496 ,

211 3532 272 3606 rim
287 3529 377 3596 nobis
389 3529 428 3594 de
443 3529 587 3617 praesenti
603 3527 675 3594 loco
691 3552 860 3596 occurrere
874 3541 1064 3617 potuerunt,
1082 3554 1174 3598 nunc
1186 3535 1245 3622 jan
1305 3552 1309 3607 ,³

214 3650 436 3714 convertamur
452 3636 741 3726 adeousequentia.
1302 3610 1311 3720 l

265 3777 278 3809 a
295 3745 453 3836 Equitatui
469 3769 541 3822 meo
560 3745 592 3812 in
609 3746 753 3815 curribus
768 3744 941 3814 Pharaonis
958 3745 1092 3814 similem
1113 3762 1147 3814 te
1165 3750 1241 3816 arii·
1304 3730 1308 3819 l

248 3904 258 3938 ¹
271 3905 331 3952 Gcn.
346 3917 496 3950 xxxs111.-
508 3895 519 3929 ²
534 3916 543 3948 1
560 3897 617 3948 Cor.
631 3917 668 3962 rs,
687 3917 725 3948 ra.
739 3929 770 3938 -
781 3896 869 3952 ιΙίοιι.
882 3915 945 3961 vsu,
958 3896 994 3950 15.
