2644 4612
204 278 267 340 550
647 299 788 344 οιιιιιιιιιιι

200 421 279 507 ejus.
298 419 420 508 Tangat
433 441 509 510 ergo
525 417 607 488 lahia
622 420 737 486 mentis
749 433 782 486 et
792 421 903 488 anime
916 435 1020 490 nostro
1032 449 1121 492 sermo
1132 451 1181 496 cor
1265 497 1266 508 ἶ

201 527 338 618 ripiens,
356 539 390 592 ut
400 539 434 592 et
444 551 503 594 nos
514 528 655 597 dicamus
671 541 701 594 et
717 529 819 618 tetigit
829 554 862 596 os
871 552 972 596 memo.
983 533 1015 598 Si
1026 537 1182 602 mundavero

202 659 238 710 os
250 659 377 712 meum,
392 648 427 702 nt
438 635 517 703 nihil
528 637 683 713 otiocmn,
696 636 775 703 nihil
787 637 927 714 ictuum,
938 637 1009 705 nihil
1019 651 1114 730 turpe,
1128 643 1183 710 nihl

202 743 335 818 scurrile
350 743 400 830 (ut
410 745 515 816 omnia
526 743 832 834 semelnominem),
843 745 921 814 nihil
934 769 1039 813 eorum
1050 751 1185 835 maium

148 857 156 868 '
202 851 287 916 dicta
302 848 517 936 sunt-loquar,
537 860 616 920 tunc
635 872 804 939 possumus
824 849 946 925 dicere,
963 850 1053 940 tetigit
1066 877 1183 918 οιιιιιιιιι.

200 957 300 1025 Porro
321 956 471 1045 quamdin
492 956 658 1030 immunde
680 955 763 1026 labia
784 957 908 1033 habeo,
932 969 964 1024 et
985 959 1138 1026 mmnndar
1153 983 1186 1026 re

202 1087 297 1154 gero,
316 1075 446 1154 propter
467 1064 563 1140 verbe
579 1064 703 1156 peccati
721 1087 787 1131 non
805 1066 906 1154 tangit
924 1089 958 1132 os
975 1089 1073 1133 meum
1087 1069 1187 1157 ignisls

203 1171 313 1247 altari,
332 1195 436 1259 neque
448 1172 586 1242 mittitur
600 1172 641 1238 ad
653 1195 706 1240 me
717 1197 799 1238 unus
814 1173 856 1238 de
870 1172 1040 1262 seraphin

254 1277 323 1345 «Et
342 1277 420 1342 dixit
439 1300 447 1342 ε
465 1277 549 1344 Ecce
572 1277 658 1366 tetigi
682 1275 764 1345 labia
784 1289 856 1354 tua,
873 1289 908 1343 et
926 1277 1035 1344 abstuli
1055 1280 1185 1368 iniquitate

202 1399 311 1464 stunc,
328 1397 361 1452 et
372 1397 504 1476 peccata
517 1397 569 1452 tus
583 1386 835 1477 circumpurgavi
847 1385 870 1451 ¹.
887 1415 900 1448 ι
916 1386 1053 1458 Mordeat
1061 1411 1183 1454 nocsunc

203 1496 347 1574 divinus,
360 1507 470 1562 exurat
480 1496 599 1562 animas
608 1507 731 1566 nostras
743 1521 751 1562 ι
761 1497 906 1564 dicemus
914 1497 1085 1564 audientes:
1095 1499 1182 1564 «lone

204 1625 281 1668 scor
297 1612 440 1669 nostrum
457 1600 570 1666 ardens
584 1612 653 1669 erut
665 1600 700 1672 iu
710 1601 802 1671 nohis
813 1600 869 1668 ²9»
888 1613 946 1668 uta
959 1603 1105 1670 cierentur
1112 1603 1182 1689 iniqu

204 1723 285 1777 tetes
302 1721 435 1786 nostrae,
452 1719 546 1796 utque
563 1720 714 1796 peccata,
729 1719 762 1774 et
779 1710 890 1775 mundi
909 1709 1017 1776 effecti
1032 1711 1178 1784 mundone,

205 1818 390 1907 mundoque
401 1815 517 1891 corde,
531 1813 563 1880 'et
573 1817 693 1882 munda
705 1827 770 1882 tota
782 1816 979 1883 conscientia
990 1818 1093 1907 gratias
1100 1841 1177 1906 pann

206 1925 415 2016 omnipotenti
429 1926 516 2014 Deo,
533 1924 566 1989 in
583 1923 709 1990 Christo
727 1923 823 1999 lesu,
846 1925 900 1991 eui
917 1936 968 1990 est
984 1923 1171 2013 gloricctinpr

207 2036 289 2116 rium
306 2035 339 2112 in
354 2031 466 2106 secula
484 2030 683 2112 cuculorum.
704 2033 817 2108 Amen.

661 2253 778 2276 τ--ἵ

253 2389 386 2458 Videns⁸
403 2389 497 2455 lsaics
514 2388 686 2456 Dominum
703 2385 844 2453 Sabaoth
864 2386 1032 2452 sedentem
1047 2408 1124 2474 super
1134 2381 1189 2446 thc-

209 2523 288 2568 num
304 2495 463 2564 excelsum
477 2509 510 2561 et
521 2492 677 2561 elevatum
688 2544 697 2570 ,
709 2493 818 2560 videns
834 2505 946 2559 antem
962 2505 996 2559 et
1007 2492 1146 2581 Seraphin
1156 2487 1192 2553 cir

211 2605 400 2675 cumstrntia
425 2627 515 2681 eum,
535 2615 569 2670 et
599 2602 764 2668 remissam
783 2613 992 2690 peccatorum
1015 2601 1145 2689 accipiens
1158 2617 1195 2684 per

212 2739 285 2782 eum
301 2715 428 2804 ignem,
446 2714 499 2801 qni
517 2709 628 2778 allatus
642 2710 682 2776 dc
700 2708 808 2786 altari,
827 2708 911 2776 labie
927 2712 997 2798 ejus
1013 2719 1140 2776 contactu
1151 2725 1200 2792 pur-

212 2824 316 2914 gavit,
329 2823 373 2889 eit
387 2846 421 2888 se
435 2820 557 2887 audisse
571 2841 683 2884 vocem
695 2817 821 2884 Domini
836 2841 902 2884 non
918 2817 1109 2910 imperantis,
1120 2813 1201 2879 seder·

213 2932 338 3001 citantis
368 2944 459 3018 atque
486 2927 640 2996 dicentis:
659 2928 791 3008 «Quem
810 2926 959 3002 mittam,
982 2939 1013 2991 et
1035 2925 1096 3014 quis
1119 2921 1164 2986 ibit
1177 2915 1205 2983 sd

213 3038 388 3131 »populum
405 3035 544 3104 istum⁴i²
560 3034 710 3102 »Deinde
727 3033 804 3100 dicit
821 3055 854 3100 se
871 3034 1067 3124 respondisse
1082 3028 1205 3098 Domino:

222 3158 326 3222 «Ecce
341 3142 409 3228 sum
425 3173 502 3240 ego,
517 3150 609 3214 mitte
623 3171 684 3214 me.
697 3177 710 3210 ι
725 3148 841 3214 Factus
860 3159 968 3214 cutem
981 3149 1013 3213 in
1024 3147 1082 3213 hoc
1098 3142 1170 3215 loco,
1186 3149 1209 3203 ct

215 3276 357 3330 scrutans
371 3285 408 3326 ea
422 3281 492 3348 quae
507 3258 622 3347 scriptu
634 3268 725 3331 sunt,
738 3255 866 3321 invenio
878 3253 965 3321 aliud
982 3255 1084 3322 secisse
1093 3251 1209 3337 Moysen,

216 3371 301 3440 alind
311 3368 432 3436 Italam.
448 3367 571 3455 Moyses
581 3365 666 3430 enim
681 3361 799 3430 electus
812 3363 851 3426 cd
865 3363 1066 3429 eductionem
1079 3355 1170 3450 populi
1183 3353 1210 3418 dc

214 3495 296 3547 terra
311 3477 458 3566 AEgypti,
476 3477 519 3542 ait
537 3498 545 3541 :
564 3473 723 3540 «Provide
739 3471 835 3538 alium
850 3495 946 3559 quem
962 3469 1100 3545 mittos⁵,
1114 3497 1125 3528 ι
1138 3465 1208 3530 etirn

213 3585 338 3653 videtur
352 3581 567 3648 contradicere
582 3580 657 3645 Deo.
677 3578 770 3644 lsaias
787 3599 941 3644 veronen
957 3575 1090 3650 electus,
1106 3571 1153 3638 sed
1165 3589 1208 3633 ιιι-

250 3747 260 3779 ¹
275 3735 332 3793 lsai:
344 3761 382 3804 ιι,
396 3759 420 3810 7.
432 3770 464 3778 -—
474 3745 485 3778 ²
495 3743 554 3788 Luc.
566 3756 639 3798 xxiv,
650 3736 692 3787 32.

249 3830 431 3888 ³Hom.v1,n.
447 3843 466 3876 ι.
483 3825 556 3876 Τοιιι.
568 3841 613 3879 ιιι,
624 3839 696 3894 pagg.
712 3822 833 3875 sih-uti,

250 3915 327 3970 όΙιιιὶ.
339 3936 374 3977 ιι,
396 3921 420 3994 tl,
433 3933 457 3982 9.
468 3911 609 3964 -tltxod
625 3928 661 3972 ιν,
681 3909 721 3960 ι3.
