2748 4596
397 263 428 304 ru
452 263 566 304 trouuu
587 263 657 305 snsu
683 265 765 308 usvu
789 267 863 310 nou.
888 266 917 308 v.
1135 245 1192 329 95Ι

136 385 211 454 dum
227 400 294 463 est,
311 409 415 474 nsque
431 387 636 463 cessandum,
652 389 709 455 sed
722 391 913 456 transeunda
929 401 1048 454 suntet
1060 400 1175 456 cetera

25 538 28 546 ,
136 521 205 587 quae
220 508 411 584 sequuntur,
431 508 466 562 ut
481 496 656 562 esuriamus
670 509 704 562 et
718 497 860 564 sitiamus
875 497 1039 584 justitiam.
1058 499 1176 564 Trans·
1233 534 1238 545 =

136 607 275 672 eundum
296 604 389 672 nobis
409 616 456 670 est
477 605 562 693 quod
578 607 732 692 sequitur,
750 617 784 672 ut
802 606 835 670 in
851 605 914 672 hoc
929 605 1051 670 mundo
1067 605 1177 695 lugeo-

138 739 217 781 mus.
238 714 309 778 Cito
324 714 420 779 etiam
432 711 554 802 reliqua
568 715 759 781 transeunda
775 727 866 790 sunt,
885 725 919 779 ut
935 716 1090 780 mansueti
1106 715 1176 780 elli-

139 824 271 898 ciamur,
283 834 315 887 et
328 835 363 887 ut
373 821 498 910 pacifici
510 845 715 900 maneamus,
733 837 769 888 ut
784 846 842 913 per
858 825 919 889 hoe
932 821 986 890 lilii
998 824 1056 888 Dei
1071 825 1174 889 vocari

139 931 303 1020 possimus.
315 930 543 995 Festinandum
554 953 682 1019 quoque
693 932 857 1008 nobisest,
872 942 907 996 ut
918 933 1176 1020 persecutionum

136 1050 259 1126 tempus
274 1038 392 1103 virtute
410 1038 570 1126 patientias
585 1049 792 1105 transeamus.
812 1041 958 1126 Cumque
974 1039 1043 1106 haee
1055 1039 1175 1128 singula

135 1171 205 1234 quae
217 1146 256 1210 ad
271 1145 395 1211 virtutis
406 1144 538 1234 gloriam
551 1159 714 1235 spectant,
726 1170 791 1213 non
804 1148 953 1236 segniter,
963 1171 1023 1213 nec
1033 1148 1176 1221 remisse,

136 1255 190 1320 sod
210 1277 285 1320 cum
307 1254 395 1320 omni
417 1253 566 1320 instantia
582 1267 613 1320 et
629 1254 790 1322 celeritate
810 1256 1092 1342 conquisierimus,
1115 1255 1178 1321 hoo

139 1362 215 1428 milri
227 1363 352 1428 videtur
365 1385 434 1430 csse
450 1386 524 1428 cum
540 1363 739 1429 festinatione
751 1365 883 1429 transire
894 1365 1078 1430 Jordunem.
1092 1364 1172 1429 Cum

139 1493 213 1536 vcro
225 1471 457 1546 transierimus,
473 1484 507 1536 et
521 1473 665 1537 obtinere
677 1474 875 1560 potuerimus
887 1495 957 1561 quae
969 1473 1113 1538 obtinere
1124 1474 1176 1537 dc-

139 1579 270 1653 hemus,
290 1601 415 1643 rursum
430 1580 522 1644 nohis
541 1578 709 1668 diligentius
724 1592 758 1646 et
774 1578 905 1646 cautelae
922 1604 998 1646 cura
1015 1581 1176 1655 succedit,

139 1709 179 1750 ne
203 1686 281 1750 sorte
305 1685 512 1775 negligentius
536 1688 740 1763 insedentes,
765 1689 935 1777 improviso
960 1687 1064 1776 uliquo
1087 1687 1176 1776 lapsu

135 1795 342 1860 effundantur
352 1819 476 1884 gressus
488 1798 606 1888 nostri,
619 1798 700 1862 sicut
714 1809 747 1861 ot
762 1797 919 1885 Propheta
931 1797 1009 1863 dicit
1023 1821 1031 1861 :
1051 1823 1063 1856 ι
1079 1796 1176 1862 Paulo

69 1953 75 1964 .
135 1904 263 1969 »minus
275 1903 366 1970 effusi
379 1918 453 1970 sunt
463 1927 586 1993 gressus
598 1905 660 1970 mci
674 1904 696 1969 ¹.
710 1934 723 1967 ι
739 1906 805 1971 Nec
816 1906 976 1971 remissior
989 1904 1079 1970 nohis
1088 1903 1175 1969 solli-

135 2012 245 2078 citudo
267 2013 299 2077 in
320 2013 561 2088 conservandis,
581 2035 677 2101 quam
700 2014 732 2078 in
757 2013 980 2101 conquirendis
999 2015 1094 2078 debet
1109 2035 1177 2078 esse
1235 2055 1240 2064 ·

136 2121 315 2185 virtutihus.

80 2273 87 2284 ·
183 2229 223 2292 ll.
238 2229 286 2294 An
297 2252 362 2296 non
375 2229 444 2295 haec
454 2230 512 2294 tihi
524 2229 679 2318 designari
698 2229 842 2294 videntur
853 2230 886 2294 in
897 2253 935 2294 eo
949 2229 1034 2315 quod
1046 2229 1175 2303 dicitur,

138 2336 212 2422 quia
236 2337 468 2426 «quadraginta
493 2336 590 2403 millia
619 2339 758 2403 virorum
779 2336 949 2412 accincti²,
973 2339 1018 2399 uel
1040 2335 1176 2424 expediti

136 2442 352 2507 »transierunt
368 2443 408 2507 ed
422 2465 561 2530 pugnam
574 2443 607 2507 in
620 2453 794 2530 conspectu
806 2442 934 2508 Domini
947 2441 987 2505 orl
998 2463 1178 2528 expugnan-

134 2547 232 2612 »dam
247 2545 378 2612 lericho
394 2546 600 2613 civitateml»
619 2547 828 2634 Requiramus
847 2545 900 2632 qui
920 2545 970 2609 isti
987 2557 1080 2619 sunt,
1098 2569 1176 2632 quos

132 2654 300 2742 Scriptura
313 2655 391 2720 dicit
402 2656 563 2721 accinctos
581 2654 628 2720 vel
643 2655 817 2742 expeditos.
831 2656 897 2741 Ego
912 2677 952 2718 ex
964 2653 1084 2739 meipso
1096 2677 1177 2742 prte-

133 2746 262 2828 sumere
282 2762 420 2850 aliquid,
437 2776 470 2828 et
486 2764 692 2851 pronuntiare
706 2785 771 2828 non
787 2762 898 2826 audeo.
919 2759 1060 2848 Apostoli
1077 2762 1174 2850 inagis

132 2869 248 2938 litteris
271 2872 445 2938 doceamur
465 2872 497 2936 iu
518 2870 644 2936 talibus.
668 2871 731 2950 Qui
751 2882 825 2935 suut
840 2871 890 2934 isti
906 2867 1063 2944 accincti,
1081 2867 1178 2934 Puulo

132 2991 335 3066 exponente,
356 2980 524 3046 diseamus.
550 2979 632 3044 Audi
652 2979 718 3069 ipse
733 2979 810 3067 quid
826 2977 903 3044 dicit
923 3000 930 3042 :
954 2977 1086 3042 «Estote
1102 2999 1178 3066 ergo

136 3087 296 3153 succincti
322 3086 448 3154 lumbos
470 3100 589 3152 vestros
612 3088 643 3153 in
667 3088 798 3152 veritate
811 3086 834 3150 ³.
857 3115 868 3145 a
891 3084 987 3151 Vides
1006 3109 1082 3173 erge
1105 3085 1179 3173 quia

134 3195 253 3262 Paulus
269 3197 431 3262 accinctos
446 3197 533 3263 novit
548 3219 620 3271 eos,
643 3195 877 3284 quippraecincti
892 3205 966 3258 sunt
980 3192 1108 3282 cingulo
1124 3217 1177 3259 ve-

137 3304 249 3370 ritatis.
269 3305 369 3394 lgitur
386 3305 482 3370 etiam
501 3317 645 3380 nostrum
667 3327 735 3369 esse
755 3302 917 3392 cingulum
936 3303 1047 3368 veritas
1063 3303 1177 3376 debet,
1242 3386 1246 3394 Ι

136 3411 164 3475 si
184 3423 286 3480 tamen
307 3413 534 3480 servaverimus
555 3411 674 3478 militiae
696 3411 792 3500 hujus
810 3423 842 3475 et
862 3409 978 3498 cinguli
998 3431 1179 3476 sucrumen-

136 3532 219 3584 tum.
239 3521 273 3586 Si
287 3522 373 3587 enim
392 3522 504 3587 veritas
521 3534 568 3586 est
586 3518 748 3609 cingulum
766 3531 910 3584 nostrum
926 3542 990 3607 quo
1006 3519 1045 3582 ad
1062 3517 1180 3582 Christi

134 3626 284 3694 militiam
298 3631 469 3718 cingimur,
490 3630 657 3717 siquando
681 3627 793 3694 salsum
813 3627 985 3716 loquimur,
1002 3639 1034 3690 et
1048 3625 1181 3689 menda-

133 3737 225 3802 cium
242 3738 281 3801 do
297 3761 352 3802 ore
365 3750 473 3804 nostro
485 3738 648 3826 procedit,
666 3736 873 3824 discingimur
884 3761 901 3802 a
914 3735 1024 3801 militia
1041 3731 1157 3798 Christi
1170 3781 1179 3803 ,

175 3876 183 3908 ¹
197 3883 283 3932 l‘salvn.
298 3899 392 3942 intur,
407 3901 429 3932 a.
484 3883 555 3932 ²Jus.
569 3899 609 3943 ιι,
628 3886 665 3930 vt.
684 3909 704 3916 -
716 3879 725 3912 ⁸
737 3883 824 3946 Ephes.
838 3899 876 3942 vr,
892 3885 930 3941 14.
