2748 4596
322 258 354 300 tx
379 257 493 300 uranuu
515 257 585 300 assu
612 259 694 300 aava
719 259 793 302 nou.
820 262 880 302 xxx.
1074 265 1113 328 77

91 397 204 465 semper
225 371 364 449 mobile,
382 396 489 440 semen
512 374 681 440 incertum.
700 375 768 441 lloc
788 378 874 443 euim
891 378 1118 468 interpretatur

91 485 287 550 Chananaeus.
302 482 342 546 Et
360 492 482 547 certum
502 493 549 546 est
564 531 573 558 ,
590 483 663 570 quia
679 504 752 548 cum
774 497 812 547 e'o
829 485 882 571 qui
899 484 1072 552 fructificat
1085 499 1118 552 et

90 591 213 667 crescit,
234 611 361 678 semper
376 588 497 655 habitat
517 588 727 656 Chananaeus.
754 590 923 678 Nunquam
943 593 1029 659 euim
1046 607 1129 678 tens

91 698 238 763 tatiouum
249 708 354 762 motus
369 707 494 762 cessant
508 698 548 761 ab
565 719 615 761 eo.
635 697 700 762 Sed
716 708 750 761 tu
773 697 798 762 si
815 720 887 764 vere
901 698 1073 780 fructificas
1084 687 1133 765 in>¹

94 805 172 881 Deo,
184 816 214 870 et
236 805 319 870 vides
335 802 431 870 talem
446 803 582 892 aliquem
597 803 773 891 inquietum
790 854 799 881 ,
815 807 996 883 turbidum,
1012 809 1118 873 mobi-

91 914 167 988 lem,
183 915 260 978 scito
275 913 348 1000 quia
368 911 563 986 Chouanaeus
580 924 638 976 est.
663 912 695 976 Si
718 937 781 978 non
798 926 887 1001 potes
904 938 978 981 eum
998 916 1116 1003 ejicere

92 1023 130 1088 de
148 1019 309 1096 Ecclesia,
331 1019 404 1107 quia
430 1042 493 1085 nou
522 1030 695 1108 potuerunt
720 1019 775 1086 lilii
792 1021 912 1086 Effrem
936 1023 1117 1111 disperdere

90 1129 298 1206 Chananaeos,
314 1126 391 1192 illud
409 1129 538 1193 observa
551 1127 639 1216 quod
655 1126 823 1215 Apostolus
842 1132 1045 1201 commendat
1069 1133 1119 1198 di-

89 1259 160 1304 ccus
174 1234 396 1302 :asubtrahite
405 1257 459 1300 vos
475 1235 514 1300 ab
528 1234 865 1325 omuilratreinquiete
878 1237 1111 1304 ambulante¹.»

90 1343 152 1410 Sed
166 1343 313 1430 quoniam
332 1339 483 1407 Salomon
498 1342 609 1408 suadet
624 1341 693 1408 haec
708 1325 778 1431 ‹puae
789 1341 923 1431 legimus
939 1346 1075 1412 describi
1087 1349 1118 1412 in

92 1450 185 1516 corde
196 1447 387 1537 tripliciter²,
404 1449 501 1515 etiam
516 1447 593 1513 illud
605 1461 719 1537 praeter
727 1448 778 1516 illa
789 1473 859 1538 quae
868 1451 1015 1531 diximus,
1028 1456 1118 1543 quod

90 1557 178 1622 cordi
192 1579 264 1622 meo
280 1556 438 1633 occurrit,
455 1555 495 1622 ad
515 1579 606 1621 aures
620 1569 738 1622 vestras
756 1559 933 1646 proferam:
948 1573 980 1624 et
996 1585 1049 1626 vos
1064 1562 1113 1627 fa-

91 1663 152 1730 cite
164 1665 247 1752 quod
261 1665 413 1753 scriptum
429 1676 496 1739 est,
513 1675 548 1727 ut
562 1687 626 1728 uno
634 1664 759 1730 dicente
775 1688 885 1731 omues
901 1669 1114 1734 examinent³.

86 1767 221 1856 Meergo
237 1767 360 1834 dicente
382 1769 468 1856 quod
485 1767 587 1832 sentio
603 1816 612 1842 ,
632 1791 686 1832 vos
708 1768 875 1834 discernite
890 1782 922 1834 et
942 1771 1120 1838 examinate

85 1876 113 1941 si
135 1875 208 1962 quid
226 1886 351 1940 rectum
373 1885 420 1939 εει
437 1887 491 1939 out
513 1875 617 1940 minus
639 1886 773 1940 rectum.
799 1875 846 1940 De
861 1876 1038 1942 Jerusalem
1055 1879 1120 1943 fre-

86 1995 218 2072 quenter
238 1982 375 2048 diximus
389 1982 473 2069 quod
489 1981 565 2046 visio
583 1983 672 2070 pacis
693 1983 926 2070 interpretatur.
947 1986 979 2050 Si
994 2009 1071 2074 ergo
1087 1987 1119 2051 in

87 2090 182 2156 corde
197 2101 305 2154 nostro
320 2087 495 2155 Jerusalem
511 2087 684 2165 aedificata,
701 2089 763 2155 hoc
778 2101 841 2165 est,
859 2091 884 2155 si
902 2091 978 2156 risio
988 2093 1074 2181 pacis
1086 2093 1118 2159 in

88 2200 185 2266 corde
203 2213 311 2265 nostro
333 2199 463 2264 fundata
484 2210 552 2274 εει,
565 2210 598 2262 ει
610 2198 773 2264 Christum
790 2221 914 2287 semper
927 2200 981 2288 qui
998 2214 1045 2266 est
1059 2225 1119 2289 pax

95 2319 222 2381 nostra,
239 2307 399 2372 intuemur
415 2319 447 2370 et
463 2328 623 2371 servamus
640 2306 671 2370 in
689 2306 807 2371 corde:
833 2306 986 2393 siquidem
1001 2308 1043 2372 ita
1067 2307 1119 2372 fixi

87 2427 121 2482 et
133 2413 257 2480 stabiles
271 2437 379 2480 sumus
389 2415 423 2480 in
438 2414 500 2479 hac
516 2413 633 2477 visione
645 2413 751 2501 pacis,
769 2425 804 2477 ut
816 2436 979 2502 nunquam
992 2437 1121 2502 prorsus

84 2523 151 2589 ulla
166 2523 313 2612 cogitatio
324 2521 425 2598 mala,
438 2519 487 2587 vel
504 2518 636 2609 alicujus
652 2521 774 2609 peccati
791 2521 958 2587 consilium
974 2521 1123 2590 ascendat

82 2631 118 2696 in
141 2653 195 2696 cor
215 2642 359 2696 nostrum
375 2653 383 2695 τ
402 2629 426 2694 si
440 2628 503 2695 hoc
519 2629 561 2694 ita
582 2628 649 2693 lieri
669 2628 786 2717 possit,
806 2631 978 2718 poterimus
996 2631 1121 2706 dicere,

82 2737 161 2828 quia
175 2738 207 2802 in
221 2737 397 2804 Jerusalem
406 2761 528 2812 sumus,
543 2748 575 2801 ct
590 2733 695 2801 nullus
707 2734 785 2801 alius
801 2737 922 2802 habitat
933 2739 1120 2816 nobiscum,

82 2845 150 2912 nisi
161 2844 216 2910 soli
229 2844 273 2911 illi
289 2846 343 2934 qui
359 2846 459 2911 sancti
478 2857 561 2910 sunt.
577 2833 670 2911 Nunc
686 2867 760 2910 vero
777 2867 850 2910 oum
861 2846 957 2912 etiam
973 2848 1012 2912 ad
1025 2870 1121 2936 gran-

85 2953 164 3018 dem
181 2953 360 3040 proiectum
377 2952 539 3018 veniamus
555 3001 564 3028 ,
581 2963 613 3018 et
635 2951 767 3017 summis
790 2954 996 3042 nosmetipsos
1013 2955 1124 3020 studiis

84 3059 291 3137 excolamus,
307 3072 415 3127 tamen
430 3083 493 3126 non
509 3071 586 3148 puto
602 3059 751 3147 cuiquam
768 3071 893 3126 tantum
908 3063 940 3127 iu
956 3063 1052 3128 corde
1069 3087 1126 3151 pu·

80 3171 191 3235 ritatis
207 3169 349 3245 evenire,
359 3181 395 3233 ut
406 3190 569 3257 nunquam
579 3167 716 3234 adversae
728 3169 924 3256 cogitationis
936 3169 1125 3259 contagione

81 3275 269 3342 maculetur
283 3301 291 3342 :
305 3287 427 3344 certum
447 3288 493 3340 est
513 3276 606 3341 etiam
629 3275 790 3340 debusaeos
805 3274 948 3341 habitare
963 3301 1039 3344 cum
1054 3277 1125 3345 filiis

82 3382 178 3449 duda
189 3384 221 3448 in
235 3384 420 3452 Jerusalem.
439 3369 629 3450 Non'tameu
640 3383 711 3448 ideo
726 3381 795 3448 hacc
807 3383 940 3449 diximus
952 3435 961 3461 ,
975 3387 1058 3473 quod
1073 3411 1126 3452 no-

75 3489 245 3582 gligamus
259 3505 415 3582 quantum
438 3490 507 3556 lieri
523 3502 626 3580 potest
648 3490 764 3579 ejicere
782 3513 857 3565 cos,
874 3492 928 3556 sed
945 3494 1017 3558 satis
1037 3517 1127 3582 agen-

74 3601 167 3668 dum
185 3603 278 3667 nohis
289 3612 355 3677 est,
373 3613 405 3666 et
423 3599 612 3665 tentandum
628 3598 768 3686 quotidie
783 3621 837 3662 eos
853 3599 967 3685 ejicere
983 3601 1023 3664 de
1038 3601 1129 3666 Jeru-

67 3703 187 3772 salem
205 3729 212 3770 :
231 3706 283 3771 sed
297 3756 305 3782 ,
319 3707 400 3772 sicut
411 3705 638 3793 scriptumest,
652 3725 716 3768 noa
731 3725 897 3792 possumus
913 3703 1005 3770 simul
1018 3727 1128 3769 omnes

115 3851 126 3886 ¹
142 3870 160 3902 2
175 3851 260 3904 Thera
274 3870 319 3916 ιιι,
329 3853 355 3902 6,
368 3883 391 3891 -
410 3853 504 3900 ²Prov.
515 3868 578 3899 xxu.
596 3847 647 3887 —⁸
663 3849 742 3900 tCor.
754 3866 807 3897 xxv.
