<?xml version="1.0" encoding="UTF-8"?>
<!DOCTYPE html PUBLIC "-//W3C//DTD XHTML 1.0 Transitional//EN"
    "http://www.w3.org/TR/xhtml1/DTD/xhtml1-transitional.dtd">
<html xmlns="http://www.w3.org/1999/xhtml" xml:lang="en" lang="en">
 <head>
  <title>
</title>
<meta http-equiv="Content-Type" content="text/html;charset=utf-8" />
  <meta name='ocr-system' content='tesseract 3.04.00' />
  <meta name='ocr-capabilities' content='ocr_page ocr_carea ocr_par ocr_line ocrx_word'/>
</head>
<body>
  <div class='ocr_page' id='page_1' title='image "./collectioselect01guilgoog_0459.png"; bbox 0 0 2776 4616; ppageno 0'>
   <div class='ocr_carea' id='block_1_1' title="bbox 389 269 1130 346">
    <p class='ocr_par' dir='ltr' id='par_1_1' title="bbox 389 269 1130 346">
     <span class='ocr_line' id='line_1_1' title="bbox 389 269 1130 346; baseline 0.004 -17"><span class='ocrx_word' id='word_1_1' title='bbox 389 287 421 330; x_wconf 85' lang='grc' dir='ltr'><strong>ιιι</strong></span> <span class='ocrx_word' id='word_1_2' title='bbox 446 288 583 330; x_wconf 77' lang='lat' dir='ltr'><strong>uuunnos</strong></span> <span class='ocrx_word' id='word_1_3' title='bbox 605 271 733 330; x_wconf 75' lang='lat' dir='ltr'><strong>namara</strong></span> <span class='ocrx_word' id='word_1_4' title='bbox 756 290 843 332; x_wconf 85' lang='lat' dir='ltr'><strong>xvrrr.</strong></span> <span class='ocrx_word' id='word_1_5' title='bbox 1067 269 1130 346; x_wconf 75' lang='grc'><strong>455</strong></span> 
     </span>
    </p>
   </div>
   <div class='ocr_carea' id='block_1_2' title="bbox 4 403 1192 3889">
    <p class='ocr_par' dir='ltr' id='par_1_2' title="bbox 4 403 1192 3889">
     <span class='ocr_line' id='line_1_2' title="bbox 119 403 1133 496; baseline 0 -24"><span class='ocrx_word' id='word_1_6' title='bbox 119 419 183 472; x_wconf 88' lang='lat' dir='ltr'><strong>tum</strong></span> <span class='ocrx_word' id='word_1_7' title='bbox 202 406 242 472; x_wconf 93' lang='lat' dir='ltr'><strong>de</strong></span> <span class='ocrx_word' id='word_1_8' title='bbox 255 403 383 471; x_wconf 89' lang='lat' dir='ltr'><strong>Balaam</strong></span> <span class='ocrx_word' id='word_1_9' title='bbox 396 407 499 494; x_wconf 88' lang='lat' dir='ltr'><strong>:quod</strong></span> <span class='ocrx_word' id='word_1_10' title='bbox 514 406 642 495; x_wconf 88' lang='lat' dir='ltr'><strong>quidem</strong></span> <span class='ocrx_word' id='word_1_11' title='bbox 659 429 718 473; x_wconf 88' lang='lat' dir='ltr'><strong>nae</strong></span> <span class='ocrx_word' id='word_1_12' title='bbox 732 406 822 480; x_wconf 85' lang='lat' dir='ltr'><strong>laeile</strong></span> <span class='ocrx_word' id='word_1_13' title='bbox 839 409 879 473; x_wconf 92' lang='lat' dir='ltr'><strong>de</strong></span> <span class='ocrx_word' id='word_1_14' title='bbox 892 429 1051 496; x_wconf 88' lang='lat' dir='ltr'><strong>quoquam</strong></span> <span class='ocrx_word' id='word_1_15' title='bbox 1067 430 1133 472; x_wconf 93' lang='lat' dir='ltr'><strong>om·</strong></span> 
     </span>
     <span class='ocr_line' id='line_1_3' title="bbox 117 514 1110 606; baseline -0.002 -25"><span class='ocrx_word' id='word_1_16' title='bbox 117 515 202 581; x_wconf 90' lang='lat' dir='ltr'><strong>nium</strong></span> <span class='ocrx_word' id='word_1_17' title='bbox 217 524 400 581; x_wconf 82' lang='lat' dir='ltr'><strong>sanctorum</strong></span> <span class='ocrx_word' id='word_1_18' title='bbox 416 514 643 603; x_wconf 77' lang='lat' dir='ltr'><strong>Prophetarum</strong></span> <span class='ocrx_word' id='word_1_19' title='bbox 657 515 810 604; x_wconf 86' lang='lat' dir='ltr'><strong>seriptum</strong></span> <span class='ocrx_word' id='word_1_20' title='bbox 825 535 893 581; x_wconf 88' lang='lat' dir='ltr'><strong>esse</strong></span> <span class='ocrx_word' id='word_1_21' title='bbox 907 515 1110 606; x_wconf 74' lang='lat' dir='ltr'><strong>deprehendi.</strong></span> 
     </span>
     <span class='ocr_line' id='line_1_4' title="bbox 158 621 1133 714; baseline 0 -25"><span class='ocrx_word' id='word_1_22' title='bbox 158 624 213 690; x_wconf 90' lang='grc'>111.</span> <span class='ocrx_word' id='word_1_23' title='bbox 228 623 320 688; x_wconf 86' lang='lat' dir='ltr'><strong>Unde</strong></span> <span class='ocrx_word' id='word_1_24' title='bbox 335 636 367 691; x_wconf 91' lang='lat' dir='ltr'><strong>et</strong></span> <span class='ocrx_word' id='word_1_25' title='bbox 383 621 471 691; x_wconf 83' lang='lat' dir='ltr'><strong>valde</strong></span> <span class='ocrx_word' id='word_1_26' title='bbox 486 623 584 692; x_wconf 91' lang='lat' dir='ltr'><strong>miror</strong></span> <span class='ocrx_word' id='word_1_27' title='bbox 597 625 757 714; x_wconf 88' lang='lat' dir='ltr'><strong>quomodo</strong></span> <span class='ocrx_word' id='word_1_28' title='bbox 767 624 830 691; x_wconf 85' lang='lat' dir='ltr'><strong>hoe</strong></span> <span class='ocrx_word' id='word_1_29' title='bbox 846 624 885 691; x_wconf 91' lang='lat' dir='ltr'><strong>de</strong></span> <span class='ocrx_word' id='word_1_30' title='bbox 898 623 1026 691; x_wconf 81' lang='lat' dir='ltr'>Balaam</span> <span class='ocrx_word' id='word_1_31' title='bbox 1038 625 1133 712; x_wconf 87' lang='lat' dir='ltr'><strong>serip-</strong></span> 
     </span>
     <span class='ocr_line' id='line_1_5' title="bbox 118 731 1187 822; baseline -0.001 -24"><span class='ocrx_word' id='word_1_32' title='bbox 118 746 184 798; x_wconf 90' lang='lat' dir='ltr'><strong>tum</strong></span> <span class='ocrx_word' id='word_1_33' title='bbox 197 745 256 809; x_wconf 82' lang='lat' dir='ltr'><strong>est,</strong></span> <span class='ocrx_word' id='word_1_34' title='bbox 269 732 321 799; x_wconf 87' lang='lat' dir='ltr'><strong>eui</strong></span> <span class='ocrx_word' id='word_1_35' title='bbox 336 756 396 799; x_wconf 88' lang='lat' dir='ltr'><strong>neo</strong></span> <span class='ocrx_word' id='word_1_36' title='bbox 411 732 473 800; x_wconf 89' lang='lat' dir='ltr'><strong>hoe</strong></span> <span class='ocrx_word' id='word_1_37' title='bbox 484 756 668 801; x_wconf 85' lang='lat' dir='ltr'><strong>conoessum</strong></span> <span class='ocrx_word' id='word_1_38' title='bbox 679 747 727 800; x_wconf 90' lang='lat' dir='ltr'><strong>est</strong></span> <span class='ocrx_word' id='word_1_39' title='bbox 741 734 858 810; x_wconf 87' lang='lat' dir='ltr'><strong>dicere,</strong></span> <span class='ocrx_word' id='word_1_40' title='bbox 870 733 955 822; x_wconf 86' lang='lat' dir='ltr'><strong>qu&#39;od</strong></span> <span class='ocrx_word' id='word_1_41' title='bbox 968 731 1132 822; x_wconf 83' lang='lat' dir='ltr'><strong>Prophetis</strong></span> <span class='ocrx_word' id='word_1_42' title='bbox 1181 808 1187 817; x_wconf 33' lang='grc' dir='ltr'>Ι</span> 
     </span>
     <span class='ocr_line' id='line_1_6' title="bbox 118 841 1132 919; baseline -0.001 -11"><span class='ocrx_word' id='word_1_43' title='bbox 118 865 183 908; x_wconf 85' lang='lat' dir='ltr'><strong>esse</strong></span> <span class='ocrx_word' id='word_1_44' title='bbox 204 843 236 907; x_wconf 89' lang='lat' dir='ltr'><strong>in</strong></span> <span class='ocrx_word' id='word_1_45' title='bbox 252 866 307 908; x_wconf 89' lang='lat' dir='ltr'><strong>usu</strong></span> <span class='ocrx_word' id='word_1_46' title='bbox 323 841 425 908; x_wconf 87' lang='lat' dir='ltr'><strong>solet:</strong></span> <span class='ocrx_word' id='word_1_47' title='bbox 446 845 544 910; x_wconf 78' lang='lat' dir='ltr'><strong>«llaec</strong></span> <span class='ocrx_word' id='word_1_48' title='bbox 559 843 635 910; x_wconf 85' lang='lat' dir='ltr'><strong>dicit</strong></span> <span class='ocrx_word' id='word_1_49' title='bbox 645 845 819 919; x_wconf 37' lang='lat' dir='ltr'><strong>*Dominus3</strong></span> <span class='ocrx_word' id='word_1_50' title='bbox 838 873 851 907; x_wconf 78' lang='grc' dir='ltr'>ι</span> <span class='ocrx_word' id='word_1_51' title='bbox 867 845 922 910; x_wconf 86' lang='lat' dir='ltr'><strong>sed</strong></span> <span class='ocrx_word' id='word_1_52' title='bbox 937 844 980 909; x_wconf 90' lang='lat' dir='ltr'><strong>ait</strong></span> <span class='ocrx_word' id='word_1_53' title='bbox 997 868 1004 909; x_wconf 90' lang='lat'>:</span> <span class='ocrx_word' id='word_1_54' title='bbox 1024 841 1132 908; x_wconf 81' lang='lat' dir='ltr'><strong>«Dixit</strong></span> 
     </span>
     <span class='ocr_line' id='line_1_7' title="bbox 121 950 1132 1038; baseline 0.001 -24"><span class='ocrx_word' id='word_1_55' title='bbox 121 950 284 1027; x_wconf 71' lang='lat' dir='ltr'><strong>»Balaam</strong></span> <span class='ocrx_word' id='word_1_56' title='bbox 305 952 382 1018; x_wconf 80' lang='lat' dir='ltr'><strong>dixit</strong></span> <span class='ocrx_word' id='word_1_57' title='bbox 403 953 498 1018; x_wconf 90' lang='lat' dir='ltr'><strong>homo</strong></span> <span class='ocrx_word' id='word_1_58' title='bbox 520 975 592 1019; x_wconf 90' lang='lat' dir='ltr'><strong>vere</strong></span> <span class='ocrx_word' id='word_1_59' title='bbox 613 953 731 1019; x_wconf 77' lang='lat' dir='ltr'><strong>videns.</strong></span> <span class='ocrx_word' id='word_1_60' title='bbox 746 982 759 1015; x_wconf 78' lang='lat' dir='ltr'><strong>r</strong></span> <span class='ocrx_word' id='word_1_61' title='bbox 772 953 855 1018; x_wconf 87' lang='lat' dir='ltr'><strong>Tum</strong></span> <span class='ocrx_word' id='word_1_62' title='bbox 871 951 984 1018; x_wconf 89' lang='lat' dir='ltr'><strong>deinde</strong></span> <span class='ocrx_word' id='word_1_63' title='bbox 999 964 1031 1017; x_wconf 88' lang='lat' dir='ltr'><strong>et</strong></span> <span class='ocrx_word' id='word_1_64' title='bbox 1051 974 1132 1038; x_wconf 90' lang='lat' dir='ltr'><strong>qno-</strong></span> 
     </span>
     <span class='ocr_line' id='line_1_8' title="bbox 4 1053 1133 1151; baseline 0 -25"><span class='ocrx_word' id='word_1_65' title='bbox 4 1053 5 1058; x_wconf 30' lang='lat'><em>*</em></span> <span class='ocrx_word' id='word_1_66' title='bbox 119 1060 211 1126; x_wconf 91' lang='lat' dir='ltr'><strong>modo</strong></span> <span class='ocrx_word' id='word_1_67' title='bbox 222 1061 353 1150; x_wconf 82' lang='lat' dir='ltr'><strong>dignum</strong></span> <span class='ocrx_word' id='word_1_68' title='bbox 363 1061 423 1126; x_wconf 91' lang='lat' dir='ltr'><strong>erit</strong></span> <span class='ocrx_word' id='word_1_69' title='bbox 434 1073 557 1128; x_wconf 88' lang='lat' dir='ltr'><strong>tantum</strong></span> <span class='ocrx_word' id='word_1_70' title='bbox 568 1061 652 1128; x_wconf 89' lang='lat' dir='ltr'><strong>istud</strong></span> <span class='ocrx_word' id='word_1_71' title='bbox 664 1059 793 1151; x_wconf 76' lang='lat' dir='ltr'><strong>intelligi</strong></span> <span class='ocrx_word' id='word_1_72' title='bbox 804 1062 846 1127; x_wconf 91' lang='lat' dir='ltr'><strong>de</strong></span> <span class='ocrx_word' id='word_1_73' title='bbox 856 1060 996 1137; x_wconf 84' lang='lat' dir='ltr'>Balaam,</span> <span class='ocrx_word' id='word_1_74' title='bbox 1010 1072 1044 1125; x_wconf 92' lang='lat' dir='ltr'><strong>ut</strong></span> <span class='ocrx_word' id='word_1_75' title='bbox 1056 1059 1133 1126; x_wconf 86' lang='lat' dir='ltr'><strong>sciat</strong></span> 
     </span>
     <span class='ocr_line' id='line_1_9' title="bbox 4 1167 1133 1260; baseline -0.002 -22"><span class='ocrx_word' id='word_1_76' title='bbox 4 1191 5 1200; x_wconf 58' lang='lat'>¹</span> <span class='ocrx_word' id='word_1_77' title='bbox 116 1171 276 1240; x_wconf 83' lang='lat' dir='ltr'><strong>seientiam</strong></span> <span class='ocrx_word' id='word_1_78' title='bbox 298 1167 432 1246; x_wconf 72' lang='lat' dir='ltr'><strong>Excelsi</strong></span> <span class='ocrx_word' id='word_1_79' title='bbox 448 1172 502 1258; x_wconf 89' lang='lat' dir='ltr'><strong>qui</strong></span> <span class='ocrx_word' id='word_1_80' title='bbox 517 1172 612 1238; x_wconf 89' lang='lat' dir='ltr'><strong>etiam</strong></span> <span class='ocrx_word' id='word_1_81' title='bbox 631 1170 751 1238; x_wconf 85' lang='lat' dir='ltr'>Balach</span> <span class='ocrx_word' id='word_1_82' title='bbox 766 1195 872 1260; x_wconf 84' lang='lat' dir='ltr'><strong>regem</strong></span> <span class='ocrx_word' id='word_1_83' title='bbox 893 1169 1035 1238; x_wconf 81' lang='lat' dir='ltr'><strong>docuerit</strong></span> <span class='ocrx_word' id='word_1_84' title='bbox 1052 1193 1133 1258; x_wconf 89' lang='lat' dir='ltr'><strong>qno-</strong></span> 
     </span>
     <span class='ocr_line' id='line_1_10' title="bbox 114 1278 1134 1357; baseline -0.004 -9"><span class='ocrx_word' id='word_1_85' title='bbox 114 1281 207 1348; x_wconf 91' lang='lat' dir='ltr'><strong>modo</strong></span> <span class='ocrx_word' id='word_1_86' title='bbox 223 1278 407 1346; x_wconf 79' lang='lat' dir='ltr'><strong>scandalum</strong></span> <span class='ocrx_word' id='word_1_87' title='bbox 423 1282 562 1346; x_wconf 86' lang='lat' dir='ltr'><strong>mitteret</strong></span> <span class='ocrx_word' id='word_1_88' title='bbox 576 1303 683 1347; x_wconf 88' lang='lat' dir='ltr'><strong>eoram</strong></span> <span class='ocrx_word' id='word_1_89' title='bbox 698 1279 770 1347; x_wconf 85' lang='lat' dir='ltr'><strong>filiis</strong></span> <span class='ocrx_word' id='word_1_90' title='bbox 784 1280 892 1357; x_wconf 68' lang='lat' dir='ltr'><strong>lsrael,</strong></span> <span class='ocrx_word' id='word_1_91' title='bbox 910 1293 944 1347; x_wconf 87' lang='lat' dir='ltr'><strong>nt</strong></span> <span class='ocrx_word' id='word_1_92' title='bbox 965 1280 1134 1345; x_wconf 85' lang='lat' dir='ltr'><strong>manduea-</strong></span> 
     </span>
     <span class='ocr_line' id='line_1_11' title="bbox 117 1375 1131 1460; baseline 0.002 -6"><span class='ocrx_word' id='word_1_93' title='bbox 117 1401 187 1454; x_wconf 80' lang='lat' dir='ltr'><strong>reut</strong></span> <span class='ocrx_word' id='word_1_94' title='bbox 200 1388 360 1455; x_wconf 87' lang='lat' dir='ltr'><strong>immolata</strong></span> <span class='ocrx_word' id='word_1_95' title='bbox 374 1375 406 1454; x_wconf 89' lang='lat' dir='ltr'><strong>et</strong></span> <span class='ocrx_word' id='word_1_96' title='bbox 421 1390 745 1460; x_wconf 76' lang='lat' dir='ltr'><strong>fornicarenturillix</strong></span> <span class='ocrx_word' id='word_1_97' title='bbox 760 1394 845 1460; x_wconf 92' lang='lat' dir='ltr'><strong>enim</strong></span> <span class='ocrx_word' id='word_1_98' title='bbox 866 1393 905 1459; x_wconf 90' lang='lat' dir='ltr'><strong>de</strong></span> <span class='ocrx_word' id='word_1_99' title='bbox 920 1391 1034 1458; x_wconf 88' lang='lat' dir='ltr'><strong>sanctis</strong></span> <span class='ocrx_word' id='word_1_100' title='bbox 1052 1391 1131 1456; x_wconf 88' lang='lat' dir='ltr'><strong>Pro·</strong></span> 
     </span>
     <span class='ocr_line' id='line_1_12' title="bbox 119 1499 1133 1591; baseline 0.002 -27"><span class='ocrx_word' id='word_1_101' title='bbox 119 1499 219 1588; x_wconf 85' lang='lat' dir='ltr'><strong>phetis</strong></span> <span class='ocrx_word' id='word_1_102' title='bbox 242 1512 296 1564; x_wconf 89' lang='lat' dir='ltr'><strong>aut</strong></span> <span class='ocrx_word' id='word_1_103' title='bbox 313 1499 469 1589; x_wconf 83' lang='lat' dir='ltr'><strong>Apostolis</strong></span> <span class='ocrx_word' id='word_1_104' title='bbox 490 1502 627 1569; x_wconf 82' lang='lat' dir='ltr'><strong>inveniet</strong></span> <span class='ocrx_word' id='word_1_105' title='bbox 646 1501 756 1591; x_wconf 90' lang='lat' dir='ltr'><strong>aliquis</strong></span> <span class='ocrx_word' id='word_1_106' title='bbox 781 1503 913 1579; x_wconf 88' lang='lat' dir='ltr'><strong>dictum,</strong></span> <span class='ocrx_word' id='word_1_107' title='bbox 936 1503 1010 1591; x_wconf 90' lang='lat' dir='ltr'><strong>quia</strong></span> <span class='ocrx_word' id='word_1_108' title='bbox 1032 1503 1133 1569; x_wconf 87' lang='lat' dir='ltr'><strong>sciant</strong></span> 
     </span>
     <span class='ocr_line' id='line_1_13' title="bbox 120 1607 1132 1692; baseline 0.002 -18"><span class='ocrx_word' id='word_1_109' title='bbox 120 1608 279 1676; x_wconf 88' lang='lat' dir='ltr'><strong>seientiam</strong></span> <span class='ocrx_word' id='word_1_110' title='bbox 290 1607 420 1676; x_wconf 81' lang='lat' dir='ltr'><strong>Excelsi.</strong></span> <span class='ocrx_word' id='word_1_111' title='bbox 435 1610 586 1692; x_wconf 81' lang='lat' dir='ltr'><strong>Quamvis</strong></span> <span class='ocrx_word' id='word_1_112' title='bbox 601 1610 715 1678; x_wconf 88' lang='lat' dir='ltr'><strong>Paulus</strong></span> <span class='ocrx_word' id='word_1_113' title='bbox 730 1612 842 1679; x_wconf 83' lang='lat' dir='ltr'><strong>dixerit</strong></span> <span class='ocrx_word' id='word_1_114' title='bbox 856 1612 979 1678; x_wconf 85' lang='lat' dir='ltr'><strong>audisse</strong></span> <span class='ocrx_word' id='word_1_115' title='bbox 994 1633 1027 1676; x_wconf 92' lang='lat' dir='ltr'><strong>se</strong></span> <span class='ocrx_word' id='word_1_116' title='bbox 1038 1613 1132 1676; x_wconf 85' lang='lat' dir='ltr'><strong>rerba</strong></span> 
     </span>
     <span class='ocr_line' id='line_1_14' title="bbox 118 1715 1133 1812; baseline 0.004 -30"><span class='ocrx_word' id='word_1_117' title='bbox 118 1717 333 1785; x_wconf 85' lang='lat' dir='ltr'><strong>inenarrabilia</strong></span> <span class='ocrx_word' id='word_1_118' title='bbox 348 1742 418 1808; x_wconf 80' lang='lat' dir='ltr'><strong>quae</strong></span> <span class='ocrx_word' id='word_1_119' title='bbox 432 1743 497 1786; x_wconf 91' lang='lat' dir='ltr'><strong>non</strong></span> <span class='ocrx_word' id='word_1_120' title='bbox 513 1720 586 1788; x_wconf 86' lang='lat' dir='ltr'><strong>lieet</strong></span> <span class='ocrx_word' id='word_1_121' title='bbox 602 1722 722 1788; x_wconf 90' lang='lat' dir='ltr'><strong>homini</strong></span> <span class='ocrx_word' id='word_1_122' title='bbox 739 1722 823 1812; x_wconf 83' lang='lat' dir='ltr'><strong>loqui</strong></span> <span class='ocrx_word' id='word_1_123' title='bbox 836 1723 861 1798; x_wconf 84' lang='lat'><strong>¹,</strong></span> <span class='ocrx_word' id='word_1_124' title='bbox 881 1715 986 1787; x_wconf 89' lang='lat' dir='ltr'><strong>tamen</strong></span> <span class='ocrx_word' id='word_1_125' title='bbox 1006 1733 1133 1787; x_wconf 88' lang='lat' dir='ltr'><strong>nonest</strong></span> 
     </span>
     <span class='ocr_line' id='line_1_15' title="bbox 113 1828 1132 1922; baseline 0.003 -29"><span class='ocrx_word' id='word_1_126' title='bbox 113 1828 269 1918; x_wconf 82' lang='lat' dir='ltr'><strong>professus</strong></span> <span class='ocrx_word' id='word_1_127' title='bbox 285 1830 402 1897; x_wconf 84' lang='lat' dir='ltr'><strong>habere</strong></span> <span class='ocrx_word' id='word_1_128' title='bbox 423 1854 457 1896; x_wconf 88' lang='lat' dir='ltr'><strong>se</strong></span> <span class='ocrx_word' id='word_1_129' title='bbox 474 1832 637 1898; x_wconf 87' lang='lat' dir='ltr'><strong>scientiam</strong></span> <span class='ocrx_word' id='word_1_130' title='bbox 651 1830 783 1899; x_wconf 82' lang='lat' dir='ltr'><strong>Excelsi.</strong></span> <span class='ocrx_word' id='word_1_131' title='bbox 809 1832 940 1922; x_wconf 86' lang='lat' dir='ltr'><strong>Propter</strong></span> <span class='ocrx_word' id='word_1_132' title='bbox 958 1831 1045 1920; x_wconf 89' lang='lat' dir='ltr'><strong>quod</strong></span> <span class='ocrx_word' id='word_1_133' title='bbox 1060 1830 1132 1898; x_wconf 90' lang='lat' dir='ltr'><strong>dili-</strong></span> 
     </span>
     <span class='ocr_line' id='line_1_16' title="bbox 111 1933 1133 2033; baseline 0 -27"><span class='ocrx_word' id='word_1_134' title='bbox 111 1940 234 2030; x_wconf 78' lang='lat' dir='ltr'><strong>gentius</strong></span> <span class='ocrx_word' id='word_1_135' title='bbox 249 1940 448 2009; x_wconf 79' lang='lat' dir='ltr'><strong>intendamus</strong></span> <span class='ocrx_word' id='word_1_136' title='bbox 463 1941 488 2007; x_wconf 91' lang='lat' dir='ltr'><strong>si</strong></span> <span class='ocrx_word' id='word_1_137' title='bbox 504 1941 584 2008; x_wconf 84' lang='lat' dir='ltr'><strong>forte</strong></span> <span class='ocrx_word' id='word_1_138' title='bbox 600 1944 730 2033; x_wconf 80' lang='lat' dir='ltr'><strong>dignum</strong></span> <span class='ocrx_word' id='word_1_139' title='bbox 745 1933 862 2033; x_wconf 89' lang='lat' dir='ltr'><strong>aliquid</strong></span> <span class='ocrx_word' id='word_1_140' title='bbox 878 1942 968 2009; x_wconf 90' lang='lat' dir='ltr'><strong>nobis</strong></span> <span class='ocrx_word' id='word_1_141' title='bbox 984 1943 1068 2008; x_wconf 90' lang='lat' dir='ltr'><strong>Deus</strong></span> <span class='ocrx_word' id='word_1_142' title='bbox 1083 1965 1133 2008; x_wconf 93' lang='lat' dir='ltr'><strong>sn-</strong></span> 
     </span>
     <span class='ocr_line' id='line_1_17' title="bbox 111 2048 1132 2142; baseline 0 -26"><span class='ocrx_word' id='word_1_143' title='bbox 111 2072 169 2139; x_wconf 90' lang='lat' dir='ltr'><strong>per</strong></span> <span class='ocrx_word' id='word_1_144' title='bbox 182 2049 245 2116; x_wconf 90' lang='lat' dir='ltr'><strong>hoc</strong></span> <span class='ocrx_word' id='word_1_145' title='bbox 258 2074 404 2117; x_wconf 87' lang='lat' dir='ltr'><strong>sermone</strong></span> <span class='ocrx_word' id='word_1_146' title='bbox 419 2048 556 2117; x_wconf 82' lang='lat' dir='ltr'><strong>revelare</strong></span> <span class='ocrx_word' id='word_1_147' title='bbox 568 2051 756 2140; x_wconf 80' lang='lat' dir='ltr'><strong>dignabitur.</strong></span> <span class='ocrx_word' id='word_1_148' title='bbox 774 2051 809 2117; x_wconf 94' lang='lat' dir='ltr'><strong>ln</strong></span> <span class='ocrx_word' id='word_1_149' title='bbox 820 2051 902 2118; x_wconf 79' lang='lat' dir='ltr'><strong>liltro</strong></span> <span class='ocrx_word' id='word_1_150' title='bbox 912 2052 966 2142; x_wconf 90' lang='lat' dir='ltr'><strong>qui</strong></span> <span class='ocrx_word' id='word_1_151' title='bbox 978 2051 1062 2140; x_wconf 91' lang='lat' dir='ltr'><strong>apud</strong></span> <span class='ocrx_word' id='word_1_152' title='bbox 1076 2075 1132 2118; x_wconf 89' lang='lat' dir='ltr'><strong>nos</strong></span> 
     </span>
     <span class='ocr_line' id='line_1_18' title="bbox 114 2155 1133 2242; baseline 0.008 -23"><span class='ocrx_word' id='word_1_153' title='bbox 114 2155 244 2242; x_wconf 88' lang='lat' dir='ltr'><strong>quidem</strong></span> <span class='ocrx_word' id='word_1_154' title='bbox 258 2157 339 2222; x_wconf 88' lang='lat' dir='ltr'><strong>inter</strong></span> <span class='ocrx_word' id='word_1_155' title='bbox 362 2156 537 2226; x_wconf 88' lang='lat' dir='ltr'><strong>Salomonis</strong></span> <span class='ocrx_word' id='word_1_156' title='bbox 558 2157 716 2225; x_wconf 80' lang='lat' dir='ltr'><strong>volumina</strong></span> <span class='ocrx_word' id='word_1_157' title='bbox 737 2158 845 2225; x_wconf 88' lang='lat' dir='ltr'><strong>haberi</strong></span> <span class='ocrx_word' id='word_1_158' title='bbox 866 2159 958 2236; x_wconf 89' lang='lat' dir='ltr'><strong>solet,</strong></span> <span class='ocrx_word' id='word_1_159' title='bbox 975 2173 1006 2226; x_wconf 89' lang='lat' dir='ltr'><strong>et</strong></span> <span class='ocrx_word' id='word_1_160' title='bbox 1021 2159 1133 2227; x_wconf 81' lang='lat' dir='ltr'><strong>Eccle-</strong></span> 
     </span>
     <span class='ocr_line' id='line_1_19' title="bbox 115 2265 1134 2356; baseline 0.005 -26"><span class='ocrx_word' id='word_1_161' title='bbox 115 2265 259 2330; x_wconf 75' lang='lat' dir='ltr'><strong>siasticus</strong></span> <span class='ocrx_word' id='word_1_162' title='bbox 273 2266 346 2341; x_wconf 89' lang='lat' dir='ltr'><strong>diei,</strong></span> <span class='ocrx_word' id='word_1_163' title='bbox 361 2267 445 2356; x_wconf 90' lang='lat' dir='ltr'><strong>apud</strong></span> <span class='ocrx_word' id='word_1_164' title='bbox 461 2267 589 2333; x_wconf 86' lang='lat' dir='ltr'><strong>Graeeos</strong></span> <span class='ocrx_word' id='word_1_165' title='bbox 605 2291 679 2334; x_wconf 80' lang='lat' dir='ltr'><strong>vero</strong></span> <span class='ocrx_word' id='word_1_166' title='bbox 695 2268 844 2356; x_wconf 87' lang='lat' dir='ltr'><strong>sapientia</strong></span> <span class='ocrx_word' id='word_1_167' title='bbox 859 2268 935 2334; x_wconf 85' lang='lat' dir='ltr'><strong>Jesu</strong></span> <span class='ocrx_word' id='word_1_168' title='bbox 950 2266 1006 2333; x_wconf 87' lang='lat' dir='ltr'><strong>lilii</strong></span> <span class='ocrx_word' id='word_1_169' title='bbox 1022 2268 1134 2335; x_wconf 89' lang='lat' dir='ltr'><strong>Siraeh</strong></span> 
     </span>
     <span class='ocr_line' id='line_1_20' title="bbox 116 2371 1124 2466; baseline 0.001 -28"><span class='ocrx_word' id='word_1_170' title='bbox 116 2371 303 2462; x_wconf 85' lang='lat' dir='ltr'><strong>appellatur,</strong></span> <span class='ocrx_word' id='word_1_171' title='bbox 319 2378 533 2466; x_wconf 83' lang='lat' dir='ltr'><strong>scriptumest</strong></span> <span class='ocrx_word' id='word_1_172' title='bbox 550 2401 558 2442; x_wconf 89' lang='lat'>:</span> <span class='ocrx_word' id='word_1_173' title='bbox 580 2375 716 2442; x_wconf 80' lang='lat' dir='ltr'><strong>«Omnis</strong></span> <span class='ocrx_word' id='word_1_174' title='bbox 731 2374 881 2465; x_wconf 88' lang='lat' dir='ltr'><strong>sapientia</strong></span> <span class='ocrx_word' id='word_1_175' title='bbox 897 2400 915 2441; x_wconf 88' lang='lat' dir='ltr'><strong>a</strong></span> <span class='ocrx_word' id='word_1_176' title='bbox 930 2377 997 2442; x_wconf 91' lang='lat' dir='ltr'><strong>Deo</strong></span> <span class='ocrx_word' id='word_1_177' title='bbox 1017 2378 1096 2442; x_wconf 81' lang='lat' dir='ltr'><strong>est².</strong></span> <span class='ocrx_word' id='word_1_178' title='bbox 1112 2406 1124 2439; x_wconf 75' lang='grc' dir='ltr'>ι</span> 
     </span>
     <span class='ocr_line' id='line_1_21' title="bbox 113 2485 1133 2576; baseline 0 -26"><span class='ocrx_word' id='word_1_179' title='bbox 113 2485 212 2566; x_wconf 85' lang='lat' dir='ltr'><strong>Quod</strong></span> <span class='ocrx_word' id='word_1_180' title='bbox 226 2485 353 2552; x_wconf 83' lang='lat' dir='ltr'><strong>sortasse</strong></span> <span class='ocrx_word' id='word_1_181' title='bbox 368 2510 535 2576; x_wconf 84' lang='lat' dir='ltr'><strong>possumus</strong></span> <span class='ocrx_word' id='word_1_182' title='bbox 557 2487 599 2553; x_wconf 90' lang='lat' dir='ltr'><strong>itu</strong></span> <span class='ocrx_word' id='word_1_183' title='bbox 615 2485 799 2576; x_wconf 75' lang='lat' dir='ltr'><strong>intelligere,</strong></span> <span class='ocrx_word' id='word_1_184' title='bbox 816 2488 904 2573; x_wconf 89' lang='lat' dir='ltr'><strong>quasi</strong></span> <span class='ocrx_word' id='word_1_185' title='bbox 920 2510 937 2550; x_wconf 88' lang='lat' dir='ltr'><strong>a</strong></span> <span class='ocrx_word' id='word_1_186' title='bbox 960 2487 1026 2552; x_wconf 90' lang='lat' dir='ltr'><strong>Deo</strong></span> <span class='ocrx_word' id='word_1_187' title='bbox 1042 2487 1082 2552; x_wconf 89' lang='lat' dir='ltr'><strong>sit</strong></span> <span class='ocrx_word' id='word_1_188' title='bbox 1101 2499 1133 2550; x_wconf 87' lang='lat' dir='ltr'><strong>et</strong></span> 
     </span>
     <span class='ocr_line' id='line_1_22' title="bbox 4 2582 1134 2686; baseline -0.002 -24"><span class='ocrx_word' id='word_1_189' title='bbox 4 2631 7 2642; x_wconf 45' lang='grc' dir='ltr'><strong>ν</strong></span> <span class='ocrx_word' id='word_1_190' title='bbox 101 2595 162 2662; x_wconf 86' lang='lat' dir='ltr'><strong>illa</strong></span> <span class='ocrx_word' id='word_1_191' title='bbox 178 2597 326 2685; x_wconf 86' lang='lat' dir='ltr'><strong>sapientia</strong></span> <span class='ocrx_word' id='word_1_192' title='bbox 338 2597 449 2663; x_wconf 92' lang='lat' dir='ltr'><strong>mundi</strong></span> <span class='ocrx_word' id='word_1_193' title='bbox 466 2597 573 2686; x_wconf 88' lang='lat' dir='ltr'><strong>hujus,</strong></span> <span class='ocrx_word' id='word_1_194' title='bbox 587 2622 655 2686; x_wconf 77' lang='lat' dir='ltr'><strong>quae</strong></span> <span class='ocrx_word' id='word_1_195' title='bbox 667 2582 856 2664; x_wconf 78' lang='lat' dir='ltr'><strong>destruenda</strong></span> <span class='ocrx_word' id='word_1_196' title='bbox 869 2592 995 2673; x_wconf 87' lang='lat' dir='ltr'><strong>dicitur,</strong></span> <span class='ocrx_word' id='word_1_197' title='bbox 1008 2610 1040 2662; x_wconf 88' lang='lat' dir='ltr'><strong>et</strong></span> <span class='ocrx_word' id='word_1_198' title='bbox 1049 2597 1134 2686; x_wconf 88' lang='lat' dir='ltr'><strong>prin-</strong></span> 
     </span>
     <span class='ocr_line' id='line_1_23' title="bbox 98 2704 1131 2797; baseline -0.003 -23"><span class='ocrx_word' id='word_1_199' title='bbox 98 2707 218 2797; x_wconf 79' lang='lat' dir='ltr'><strong>cipum</strong></span> <span class='ocrx_word' id='word_1_200' title='bbox 243 2706 353 2772; x_wconf 90' lang='lat' dir='ltr'><strong>mnndi</strong></span> <span class='ocrx_word' id='word_1_201' title='bbox 377 2706 486 2795; x_wconf 89' lang='lat' dir='ltr'><strong>hujus,</strong></span> <span class='ocrx_word' id='word_1_202' title='bbox 513 2717 545 2772; x_wconf 90' lang='lat' dir='ltr'><strong>et</strong></span> <span class='ocrx_word' id='word_1_203' title='bbox 570 2707 595 2772; x_wconf 89' lang='lat' dir='ltr'><strong>si</strong></span> <span class='ocrx_word' id='word_1_204' title='bbox 621 2730 680 2794; x_wconf 87' lang='lat' dir='ltr'><strong>qna</strong></span> <span class='ocrx_word' id='word_1_205' title='bbox 705 2705 835 2772; x_wconf 89' lang='lat' dir='ltr'><strong>aliaest</strong></span> <span class='ocrx_word' id='word_1_206' title='bbox 859 2730 916 2796; x_wconf 89' lang='lat' dir='ltr'><strong>per</strong></span> <span class='ocrx_word' id='word_1_207' title='bbox 939 2729 1035 2794; x_wconf 89' lang='lat' dir='ltr'><strong>quam</strong></span> <span class='ocrx_word' id='word_1_208' title='bbox 1058 2704 1131 2771; x_wconf 82' lang='lat' dir='ltr'><strong>salsa</strong></span> 
     </span>
     <span class='ocr_line' id='line_1_24' title="bbox 4 2810 1132 2904; baseline -0.002 -22"><span class='ocrx_word' id='word_1_209' title='bbox 4 2829 10 2868; x_wconf 70' lang='lat' dir='ltr'><strong>t</strong></span> <span class='ocrx_word' id='word_1_210' title='bbox 97 2814 239 2882; x_wconf 82' lang='lat' dir='ltr'><strong>seientia</strong></span> <span class='ocrx_word' id='word_1_211' title='bbox 261 2814 501 2881; x_wconf 86' lang='lat' dir='ltr'><strong>commendatur</strong></span> <span class='ocrx_word' id='word_1_212' title='bbox 520 2839 528 2879; x_wconf 75' lang='grc' dir='ltr'>ι</span> <span class='ocrx_word' id='word_1_213' title='bbox 546 2810 604 2880; x_wconf 87' lang='lat' dir='ltr'><strong>nisi</strong></span> <span class='ocrx_word' id='word_1_214' title='bbox 627 2815 742 2904; x_wconf 89' lang='lat' dir='ltr'><strong>inipso</strong></span> <span class='ocrx_word' id='word_1_215' title='bbox 764 2813 870 2882; x_wconf 87' lang='lat' dir='ltr'><strong>libello</strong></span> <span class='ocrx_word' id='word_1_216' title='bbox 892 2817 924 2881; x_wconf 94' lang='lat' dir='ltr'><strong>in</strong></span> <span class='ocrx_word' id='word_1_217' title='bbox 939 2839 1132 2903; x_wconf 83' lang='lat' dir='ltr'><strong>consequen·</strong></span> 
     </span>
     <span class='ocr_line' id='line_1_25' title="bbox 4 2923 1133 3014; baseline -0.003 -22"><span class='ocrx_word' id='word_1_218' title='bbox 4 2942 8 2982; x_wconf 76' lang='lat' dir='ltr'><strong>t</strong></span> <span class='ocrx_word' id='word_1_219' title='bbox 96 2925 195 2992; x_wconf 87' lang='lat' dir='ltr'><strong>tibus</strong></span> <span class='ocrx_word' id='word_1_220' title='bbox 211 2923 393 2990; x_wconf 87' lang='lat' dir='ltr'><strong>diceretur:</strong></span> <span class='ocrx_word' id='word_1_221' title='bbox 420 2950 433 2984; x_wconf 84' lang='grc' dir='ltr'>ι</span> <span class='ocrx_word' id='word_1_222' title='bbox 451 2923 521 2990; x_wconf 89' lang='lat' dir='ltr'><strong>Nou</strong></span> <span class='ocrx_word' id='word_1_223' title='bbox 543 2937 591 2989; x_wconf 88' lang='lat' dir='ltr'><strong>est</strong></span> <span class='ocrx_word' id='word_1_224' title='bbox 611 2927 702 2990; x_wconf 80' lang='lat' dir='ltr'><strong>enim</strong></span> <span class='ocrx_word' id='word_1_225' title='bbox 722 2925 884 3014; x_wconf 87' lang='lat' dir='ltr'><strong>sapientia,</strong></span> <span class='ocrx_word' id='word_1_226' title='bbox 902 2924 1027 2992; x_wconf 86' lang='lat' dir='ltr'><strong>malitiae</strong></span> <span class='ocrx_word' id='word_1_227' title='bbox 1042 2925 1133 2991; x_wconf 85' lang='lat' dir='ltr'><strong>disci·</strong></span> 
     </span>
     <span class='ocr_line' id='line_1_26' title="bbox 4 3030 1128 3122; baseline 0.002 -28"><span class='ocrx_word' id='word_1_228' title='bbox 4 3055 7 3094; x_wconf 78' lang='grc' dir='ltr'>ι</span> <span class='ocrx_word' id='word_1_229' title='bbox 95 3063 114 3096; x_wconf 77' lang='grc' dir='ltr'>ι</span> <span class='ocrx_word' id='word_1_230' title='bbox 137 3030 285 3120; x_wconf 78' lang='lat' dir='ltr'><strong>plina⁸.»</strong></span> <span class='ocrx_word' id='word_1_231' title='bbox 306 3030 366 3096; x_wconf 90' lang='lat' dir='ltr'><strong>Per</strong></span> <span class='ocrx_word' id='word_1_232' title='bbox 386 3031 471 3118; x_wconf 90' lang='lat' dir='ltr'><strong>quod</strong></span> <span class='ocrx_word' id='word_1_233' title='bbox 494 3030 603 3118; x_wconf 88' lang='lat' dir='ltr'><strong>utique</strong></span> <span class='ocrx_word' id='word_1_234' title='bbox 625 3030 730 3107; x_wconf 83' lang='lat' dir='ltr'><strong>docet,</strong></span> <span class='ocrx_word' id='word_1_235' title='bbox 752 3033 824 3120; x_wconf 88' lang='lat' dir='ltr'><strong>quia</strong></span> <span class='ocrx_word' id='word_1_236' title='bbox 845 3033 946 3098; x_wconf 88' lang='lat' dir='ltr'><strong>omnis</strong></span> <span class='ocrx_word' id='word_1_237' title='bbox 968 3032 1128 3122; x_wconf 84' lang='lat' dir='ltr'><strong>disciplina</strong></span> 
     </span>
     <span class='ocr_line' id='line_1_27' title="bbox 95 3139 1133 3233; baseline -0.001 -26"><span class='ocrx_word' id='word_1_238' title='bbox 95 3165 179 3233; x_wconf 83' lang='lat' dir='ltr'><strong>quae</strong></span> <span class='ocrx_word' id='word_1_239' title='bbox 195 3139 262 3207; x_wconf 81' lang='lat' dir='ltr'><strong>salsi</strong></span> <span class='ocrx_word' id='word_1_240' title='bbox 276 3139 394 3228; x_wconf 89' lang='lat' dir='ltr'><strong>aliquid</strong></span> <span class='ocrx_word' id='word_1_241' title='bbox 408 3140 531 3215; x_wconf 85' lang='lat' dir='ltr'><strong>asserit,</strong></span> <span class='ocrx_word' id='word_1_242' title='bbox 553 3140 674 3206; x_wconf 85' lang='lat' dir='ltr'><strong>etiamsi</strong></span> <span class='ocrx_word' id='word_1_243' title='bbox 696 3142 865 3207; x_wconf 80' lang='lat' dir='ltr'><strong>vehemens</strong></span> <span class='ocrx_word' id='word_1_244' title='bbox 879 3141 1021 3206; x_wconf 86' lang='lat' dir='ltr'><strong>rideatur</strong></span> <span class='ocrx_word' id='word_1_245' title='bbox 1036 3151 1068 3207; x_wconf 85' lang='lat' dir='ltr'><strong>et</strong></span> <span class='ocrx_word' id='word_1_246' title='bbox 1084 3165 1133 3209; x_wconf 85' lang='lat' dir='ltr'><strong>va·</strong></span> 
     </span>
     <span class='ocr_line' id='line_1_28' title="bbox 96 3248 1131 3340; baseline -0.003 -23"><span class='ocrx_word' id='word_1_247' title='bbox 96 3248 259 3326; x_wconf 81' lang='lat' dir='ltr'><strong>risimilis,</strong></span> <span class='ocrx_word' id='word_1_248' title='bbox 272 3263 305 3316; x_wconf 84' lang='lat' dir='ltr'><strong>et</strong></span> <span class='ocrx_word' id='word_1_249' title='bbox 319 3273 388 3338; x_wconf 79' lang='lat' dir='ltr'><strong>quae</strong></span> <span class='ocrx_word' id='word_1_250' title='bbox 403 3250 542 3317; x_wconf 83' lang='lat' dir='ltr'><strong>subverti</strong></span> <span class='ocrx_word' id='word_1_251' title='bbox 555 3250 682 3317; x_wconf 84' lang='lat' dir='ltr'><strong>difficile</strong></span> <span class='ocrx_word' id='word_1_252' title='bbox 696 3251 804 3340; x_wconf 84' lang='lat' dir='ltr'><strong>possit,</strong></span> <span class='ocrx_word' id='word_1_253' title='bbox 818 3264 923 3317; x_wconf 84' lang='lat' dir='ltr'><strong>tamen</strong></span> <span class='ocrx_word' id='word_1_254' title='bbox 935 3273 1131 3339; x_wconf 86' lang='lat' dir='ltr'><strong>nequaquam</strong></span> 
     </span>
     <span class='ocr_line' id='line_1_29' title="bbox 6 3358 1129 3450; baseline -0.002 -24"><span class='ocrx_word' id='word_1_255' title='bbox 6 3389 10 3412; x_wconf 61' lang='grc' dir='ltr'><em>ε</em></span> <span class='ocrx_word' id='word_1_256' title='bbox 96 3359 292 3444; x_wconf 83' lang='lat' dir='ltr'><strong>hujusmodi</strong></span> <span class='ocrx_word' id='word_1_257' title='bbox 308 3360 437 3427; x_wconf 85' lang='lat' dir='ltr'><strong>scientia</strong></span> <span class='ocrx_word' id='word_1_258' title='bbox 451 3360 492 3426; x_wconf 88' lang='lat' dir='ltr'><strong>ad</strong></span> <span class='ocrx_word' id='word_1_259' title='bbox 507 3361 666 3449; x_wconf 76' lang='lat' dir='ltr'><strong>sapientiae</strong></span> <span class='ocrx_word' id='word_1_260' title='bbox 686 3358 813 3426; x_wconf 89' lang='lat' dir='ltr'><strong>titulum</strong></span> <span class='ocrx_word' id='word_1_261' title='bbox 834 3362 948 3427; x_wconf 85' lang='lat' dir='ltr'><strong>dehent</strong></span> <span class='ocrx_word' id='word_1_262' title='bbox 970 3360 1129 3450; x_wconf 84' lang='lat' dir='ltr'><strong>applicari.</strong></span> 
     </span>
     <span class='ocr_line' id='line_1_30' title="bbox 100 3467 1123 3560; baseline 0.003 -29"><span class='ocrx_word' id='word_1_263' title='bbox 100 3467 203 3548; x_wconf 91' lang='lat' dir='ltr'><strong>Quid</strong></span> <span class='ocrx_word' id='word_1_264' title='bbox 217 3492 288 3558; x_wconf 77' lang='lat' dir='ltr'><strong>ergo</strong></span> <span class='ocrx_word' id='word_1_265' title='bbox 302 3482 350 3536; x_wconf 89' lang='lat' dir='ltr'><strong>est</strong></span> <span class='ocrx_word' id='word_1_266' title='bbox 364 3470 450 3559; x_wconf 91' lang='lat' dir='ltr'><strong>quod</strong></span> <span class='ocrx_word' id='word_1_267' title='bbox 465 3472 510 3536; x_wconf 90' lang='lat' dir='ltr'><strong>nit</strong></span> <span class='ocrx_word' id='word_1_268' title='bbox 527 3495 535 3536; x_wconf 91' lang='lat'><strong>:</strong></span> <span class='ocrx_word' id='word_1_269' title='bbox 555 3471 691 3537; x_wconf 79' lang='lat' dir='ltr'><strong>«Omnis</strong></span> <span class='ocrx_word' id='word_1_270' title='bbox 713 3471 863 3560; x_wconf 91' lang='lat' dir='ltr'><strong>sapientia</strong></span> <span class='ocrx_word' id='word_1_271' title='bbox 886 3494 903 3535; x_wconf 92' lang='lat' dir='ltr'><strong>a</strong></span> <span class='ocrx_word' id='word_1_272' title='bbox 927 3469 993 3538; x_wconf 88' lang='lat' dir='ltr'><strong>Deo</strong></span> <span class='ocrx_word' id='word_1_273' title='bbox 1007 3469 1123 3537; x_wconf 72' lang='lat' dir='ltr'><strong>est⁴is</strong></span> 
     </span>
     <span class='ocr_line' id='line_1_31' title="bbox 90 3575 1192 3669; baseline -0.003 -22"><span class='ocrx_word' id='word_1_274' title='bbox 90 3575 196 3647; x_wconf 88' lang='lat' dir='ltr'><strong>lllud</strong></span> <span class='ocrx_word' id='word_1_275' title='bbox 216 3577 291 3644; x_wconf 92' lang='lat' dir='ltr'><strong>mihi</strong></span> <span class='ocrx_word' id='word_1_276' title='bbox 309 3579 440 3646; x_wconf 84' lang='lat' dir='ltr'><strong>sensisse</strong></span> <span class='ocrx_word' id='word_1_277' title='bbox 452 3579 588 3655; x_wconf 87' lang='lat' dir='ltr'><strong>videtur,</strong></span> <span class='ocrx_word' id='word_1_278' title='bbox 601 3580 672 3667; x_wconf 88' lang='lat' dir='ltr'><strong>quia</strong></span> <span class='ocrx_word' id='word_1_279' title='bbox 684 3581 786 3646; x_wconf 89' lang='lat' dir='ltr'><strong>omnis</strong></span> <span class='ocrx_word' id='word_1_280' title='bbox 797 3578 907 3669; x_wconf 85' lang='lat' dir='ltr'><strong>peritia</strong></span> <span class='ocrx_word' id='word_1_281' title='bbox 919 3602 988 3666; x_wconf 82' lang='lat' dir='ltr'><strong>quae</strong></span> <span class='ocrx_word' id='word_1_282' title='bbox 999 3578 1047 3645; x_wconf 85' lang='lat' dir='ltr'><strong>rel</strong></span> <span class='ocrx_word' id='word_1_283' title='bbox 1058 3603 1131 3668; x_wconf 82' lang='lat' dir='ltr'><strong>erga</strong></span> <span class='ocrx_word' id='word_1_284' title='bbox 1187 3629 1192 3656; x_wconf 70' lang='grc'>,</span> 
     </span>
     <span class='ocr_line' id='line_1_32' title="bbox 4 3684 1133 3777; baseline -0.003 -23"><span class='ocrx_word' id='word_1_285' title='bbox 4 3739 6 3762; x_wconf 48' lang='lat'><em>2</em></span> <span class='ocrx_word' id='word_1_286' title='bbox 85 3699 211 3754; x_wconf 78' lang='lat' dir='ltr'><strong>artem</strong></span> <span class='ocrx_word' id='word_1_287' title='bbox 226 3684 364 3776; x_wconf 87' lang='lat' dir='ltr'><strong>aliquam</strong></span> <span class='ocrx_word' id='word_1_288' title='bbox 376 3689 445 3754; x_wconf 84' lang='lat' dir='ltr'><strong>usui</strong></span> <span class='ocrx_word' id='word_1_289' title='bbox 461 3689 601 3755; x_wconf 89' lang='lat' dir='ltr'><strong>humano</strong></span> <span class='ocrx_word' id='word_1_290' title='bbox 615 3689 788 3755; x_wconf 86' lang='lat' dir='ltr'><strong>necessaria</strong></span> <span class='ocrx_word' id='word_1_291' title='bbox 803 3689 951 3765; x_wconf 84' lang='lat' dir='ltr'><strong>habetur.</strong></span> <span class='ocrx_word' id='word_1_292' title='bbox 966 3687 1012 3754; x_wconf 90' lang='lat' dir='ltr'><strong>vel</strong></span> <span class='ocrx_word' id='word_1_293' title='bbox 1030 3691 1133 3777; x_wconf 85' lang='lat' dir='ltr'><strong>eujus-</strong></span> 
     </span>
     <span class='ocr_line' id='line_1_33' title="bbox 81 3797 1132 3889; baseline -0.006 -20"><span class='ocrx_word' id='word_1_294' title='bbox 81 3801 184 3869; x_wconf 85' lang='lat' dir='ltr'><strong>libet</strong></span> <span class='ocrx_word' id='word_1_295' title='bbox 201 3797 247 3865; x_wconf 92' lang='lat' dir='ltr'><strong>rei</strong></span> <span class='ocrx_word' id='word_1_296' title='bbox 263 3799 406 3876; x_wconf 82' lang='lat' dir='ltr'><strong>seientia,</strong></span> <span class='ocrx_word' id='word_1_297' title='bbox 419 3798 569 3889; x_wconf 82' lang='lat' dir='ltr'><strong>sapientia</strong></span> <span class='ocrx_word' id='word_1_298' title='bbox 583 3800 733 3869; x_wconf 83' lang='lat' dir='ltr'><strong>dicatura</strong></span> <span class='ocrx_word' id='word_1_299' title='bbox 747 3801 882 3867; x_wconf 90' lang='lat' dir='ltr'><strong>Domino</strong></span> <span class='ocrx_word' id='word_1_300' title='bbox 893 3799 976 3867; x_wconf 87' lang='lat' dir='ltr'><strong>data.</strong></span> <span class='ocrx_word' id='word_1_301' title='bbox 990 3799 1132 3887; x_wconf 83' lang='lat' dir='ltr'><strong>Denique</strong></span> 
     </span>
    </p>
   </div>
   <div class='ocr_carea' id='block_1_3' title="bbox 133 3929 956 3996">
    <p class='ocr_par' dir='ltr' id='par_1_3' title="bbox 133 3929 956 3996">
     <span class='ocr_line' id='line_1_34' title="bbox 133 3929 956 3996; baseline -0.002 -18"><span class='ocrx_word' id='word_1_302' title='bbox 133 3929 956 3996; x_wconf 67' lang='grc' dir='ltr'><strong>ιπ(1ι)τ.ιιι,4.--111εο11.ι,,ι.--11ι1.ιιιιι,ις).-·11ι1.ι,ι.</strong></span> 
     </span>
    </p>
   </div>
   <div class='ocr_carea' id='block_1_4' title="bbox 0 0 1392 4616">
    <p class='ocr_par' dir='ltr' id='par_1_4' title="bbox 0 0 1392 4616">
     <span class='ocr_line' id='line_1_35' title="bbox 0 0 1392 4616; baseline 0 0"><span class='ocrx_word' id='word_1_303' title='bbox 0 0 1392 4616; x_wconf 95' lang='lat' dir='ltr'><strong> </strong></span> 
     </span>
    </p>
   </div>
  </div>
 </body>
</html>
