2734 4594
220 229 279 304 idn
635 265 638 268 -
658 245 801 288 onronnrs

216 366 330 432 mentis
345 388 353 429 τ
366 365 421 428 sed
433 363 573 430 candidis
586 363 723 427 vestibus
734 412 743 437 ‚
756 361 827 427 iotis
840 361 993 450 pedihus,
1006 359 1119 425 mundi
1130 359 1234 431 eorde,

217 472 440 538 recumbamus
459 471 492 534 in
514 470 658 535 convivio
674 471 780 559 sponsi
799 469 896 557 ipsius
912 467 1040 534 Domini
1059 465 1157 530 nostri
1171 465 1238 530 dem

219 578 355 652 Christi,
373 577 423 643 oui
441 588 489 641 est
505 574 604 665 glorio
624 588 657 641 ot
677 576 846 664 imperium
864 576 897 640 in
912 572 1026 640 saeculn
1049 569 1236 638 saeoulorum.

219 687 331 751 Amen.

217 915 1238 948 WWWWWWWWMWWMWUW

534 1091 734 1160 HOMILIA
764 1091 895 1160 NONA
908 1084 934 1155 ¹.

246 1331 290 1386 Do
303 1327 406 1408 proelio
421 1325 501 1404 quod
516 1324 640 1385 Geduon
656 1343 726 1384 eum
740 1327 881 1384 trecentis
895 1325 966 1384 viris
981 1324 1084 1384 electis
1100 1323 1221 1402 gessit&

260 1553 285 1618 Ι.
310 1552 423 1640 Ingens
444 1563 511 1616 erat
530 1547 702 1616 multitudo
724 1573 794 1638 quae
816 1550 983 1632 adversum
1001 1546 1098 1614 Israel
1116 1571 1247 1637 congre·

217 1671 290 1748 gnta
304 1671 367 1734 est,
384 1659 429 1722 ita
443 1669 480 1722 ut
494 1654 623 1722 locustis
639 1681 704 1746 prae
721 1655 925 1723 multitudino
941 1656 1172 1721 conferrentur.
1192 1655 1249 1720 «Et

222 1764 378 1840 ronmeli,
395 1765 509 1851 inquit,
526 1786 640 1860 eorum·
653 1766 734 1831 siout
751 1788 845 1830 arenn
860 1785 930 1850 qum
941 1775 989 1827 est
1005 1763 1045 1828 ad
1058 1786 1149 1828 oram
1163 1763 1249 1827 naris

221 1873 510 1939 »innumerabilist
533 1902 546 1935 r
564 1874 734 1954 Quomodo
751 1898 827 1962 ergo
843 1873 913 1939 haec
930 1873 1071 1962 potuerit
1089 1884 1155 1939 tem
1169 1875 1250 1937 innu-

220 2003 307 2045 mera
329 1978 500 2044 multitudo
523 1980 661 2046 hostium
688 1981 848 2069 superari,
873 1980 1035 2046 videamus
1056 2004 1064 2045 ε
1087 1981 1248 2048 Exierunt.

221 2087 324 2174 inquit
335 2136 344 2162 ,
357 2086 421 2152 duo
437 2098 469 2151 et
482 2087 609 2174 triginta
624 2087 721 2153 millia
735 2099 929 2152 armatorum
940 2109 980 2151 ex
992 2085 1065 2151 filiis
1078 2083 1165 2151 Israel
1174 2107 1245 2149 cum

222 2194 372 2259 Gedeone
387 2193 535 2258 adversus
549 2216 677 2258 omnem
695 2194 787 2260 istum
803 2191 1040 2283 multitudinem
1052 2215 1198 2281 pugnare.
1210 2192 1253 2256 Et

221 2303 306 2368 Deus
326 2323 476 2391 responsa
494 2301 582 2366 dedit
604 2299 644 2368 ad
660 2303 790 2369 Gedeon
811 2302 919 2369 dicens
937 2313 977 2367 τ’(
993 2303 1131 2368 Grandis
1148 2300 1256 2366 multi·
1283 2357 1288 2368 .

223 2410 324 2476 »tudo
339 2420 387 2473 est
402 2407 539 2473 teoum⁴.
559 2435 572 2468 ν
588 2408 628 2472 Et
643 2408 719 2495 quid
733 2409 758 2473 si
772 2409 898 2497 grandis
912 2420 960 2472 est
971 2407 1167 2473 multitudo?
1178 2409 1259 2474 Non·
1359 2475 1360 2498 1

221 2541 260 2582 ne
275 2519 307 2581 in
324 2514 414 2580 hellis
431 2515 631 2580 numerosior
649 2516 806 2580 exercitus
821 2515 937 2580 tutiorn
954 2527 1082 2604 praestat
1097 2515 1261 2580 subsidia?

196 2653 199 2660 ·
223 2624 448 2711 Nequaquam,
467 2621 589 2708 inquit,
612 2623 685 2708 quin
708 2645 772 2687 non
794 2633 867 2686 sunt
887 2621 1026 2688 humana
1042 2619 1148 2709 praelin
1171 2647 1263 2688 :non
1359 2707 1360 2710 Ἴ

224 2729 309 2794 enim
341 2727 422 2792 sicut
449 2724 614 2800 humana,
647 2725 690 2789 ita
717 2736 749 2791 et
780 2725 883 2791 divina
914 2725 1020 2814 puelia
1051 2738 1260 2814 peraguntur.
1358 2735 1360 2774 t

225 2836 295 2902 Non
312 2833 448 2899 efficitur
470 2830 592 2898 uiarum
610 2832 723 2898 divinae
740 2833 863 2899 virtutis
882 2855 979 2921 opus,
999 2835 1024 2898 si
1040 2834 1191 2899 humanis
1209 2835 1280 2900 nd-'
1359 2855 1360 2884 ¹

225 2939 383 3006 miniculis
399 2937 567 3015 fulcietur,
584 2940 655 3027 quin
674 2961 763 3005 «non
778 2940 815 3005 fit
827 2939 928 3007 salvus
942 2963 998 3005 rex
1010 2942 1043 3005 in
1059 2940 1270 3006 multitudine

224 3037 370 3113 »virtutis
386 3046 480 3112 καθ’.
501 3047 571 3112 »Ne
584 3047 666 3111 forte
683 3070 759 3135 ergo
774 3045 961 3135 gloriaretur
975 3046 1076 3114 lornei
1087 3059 1119 3114 et
1136 3050 1270 3136 jactan-

226 3139 269 3221 tia
288 3154 426 3220 rictoriae
446 3165 569 3242 partem
589 3165 810 3242 praesumeret,
827 3167 995 3243 propterea
1016 3153 1092 3220 dicit
1107 3154 1274 3219 Domina·

227 3259 267 3324 ed
283 3258 435 3325 Gedeon:
455 3256 596 3322 «Multus
608 3269 655 3323 est
670 3256 805 3347 populus
819 3270 926 3323 tenum
945 3283 953 3324 ε
972 3258 1043 3326 Non
1059 3258 1185 3323 tradam
1202 3257 1275 3323 nta-

226 3365 321 3430 »dian
344 3365 377 3430 in
393 3387 507 3430 manus
525 3387 654 3440 eorum,
675 3389 715 3430 ne
733 3365 814 3431 forte
829 3364 948 3430 exultet
964 3368 1130 3432 adversum
1149 3389 1205 3430 me
1223 3367 1278 3430 ls-

228 3470 314 3538 »rael
331 3472 455 3547 dicens,
476 3472 548 3559 quin
563 3495 676 3538 manus
691 3496 762 3538 men
779 3471 899 3538 salvum
918 3496 969 3537 me
988 3473 1073 3538 feeit.
1092 3473 1279 3562 Propterea

229 3578 379 3667 »loquere
394 3579 426 3643 in
445 3579 572 3644 auribus
587 3578 695 3668 populi
714 3581 821 3648 dicens
841 3580 927 3659 :Qui
945 3580 1073 3645 timidus
1090 3591 1138 3644 est
1158 3591 1191 3643 et
1209 3579 1282 3644 sor

263 3724 353 3776 ¹Torn.
367 3743 402 3788 ιι,
417 3742 471 3789 pag.
485 3727 615 3795 476-478.

263 3814 466 3866 'Judirmn-
479 3817 672 3878 ⁸Jnd.v1‚5.··
696 3816 757 3869 ⁴1d.
770 3837 816 3882 vu,
831 3837 854 3869 a.
869 3847 901 3857 --
912 3826 921 3857 ⁵
934 3819 1021 3869 thn.
1037 3837 1123 3880 mu,
1145 3821 1187 3868 16.
