2706 4624
399 303 430 348 ru
456 302 597 348 seueros
621 305 751 351 neurus
777 263 830 350 vri.
1068 289 1130 380 5¹7

93 427 261 515 aenigmate
275 447 283 490 t
299 423 355 490 sed
377 424 431 488 uti
455 426 577 514 eeoepit
599 424 838 514 AEthiopissam,
853 437 930 492 tuno
945 427 1022 494 dicit
1036 428 1077 495 de
1091 453 1130 496 eo

93 540 192 612 Deus,
208 537 305 626 quiae
322 559 357 601 os
372 537 412 602 ad
430 561 466 602 os
480 535 594 624 loquar
613 536 755 613 adeum,
772 537 809 601 in
827 537 945 626 speeie,
964 550 996 602 et
1017 562 1082 604 non
1097 540 1130 604 in
1244 585 1248 594 »

94 679 106 709 ι
119 648 321 736 enigmate.»
337 645 432 711 Modo
443 645 531 712 enim
542 669 617 712 eum
627 644 752 732 Moyses
768 645 853 710 venit
867 645 909 710 ad
924 669 995 720 nos,
1009 657 1041 711 et
1056 669 1130 713 eon-

94 763 224 846 junetus
247 769 296 823 est
313 757 390 822 huic
412 767 528 822 nostra
543 755 754 845 AEthiopissae‚
778 754 829 822 lex
846 757 904 822 Dei
927 759 991 844 jam
1013 781 1078 824 non
1097 759 1130 824 in

95 869 203 957 figuris
217 882 251 933 et
265 869 298 934 in
313 867 503 956 imaginibus
517 867 599 933 sieut
614 867 714 954 prius,
731 866 834 934 sedin
850 868 916 956 ipsa
927 866 1037 956 'speeie
1053 869 1131 933 reri·

95 978 164 1044 tatis
180 979 365 1068 agnoscitur
382 988 437 1043 :et
448 999 518 1064 quse
529 977 616 1067 prius
636 978 668 1042 in
687 978 854 1066 aenigmate
871 978 1130 1068 designabantur.

95 1112 178 1156 nune
202 1088 235 1154 in
262 1088 368 1176 speeie
389 1099 423 1153 et
443 1085 810 1177 veritateeomplentur.
836 1090 878 1154 Et
904 1089 975 1154 ideo
999 1088 1051 1155 iiie
1075 1091 1130 1178 qui

98 1199 218 1287 speeies
235 1197 414 1288 figurarum
428 1209 462 1263 et
480 1199 684 1288 aenigmatnm
707 1197 894 1274 disserebat,
910 1198 985 1264 dicit
1005 1221 1013 1263 ε
1034 1199 1131 1265 «Soi—

97 1332 192 1376 rmus
209 1319 317 1372 autem
333 1307 484 1393 quoniam
507 1319 610 1394 patres
631 1308 730 1372 nostri
751 1329 862 1372 omnes
882 1308 940 1372 sub
957 1308 1043 1372 nube
1059 1306 1130 1372 iue-

99 1448 111 1482 ι
125 1436 210 1492 runt.
222 1430 257 1483 et
267 1438 379 1482 omnes
391 1416 424 1481 in
433 1415 542 1503 Moyse
554 1417 703 1504 baptisati
716 1416 834 1482 suntin
846 1418 932 1481 nube
943 1429 975 1482 et
990 1417 1022 1482 in
1035 1417 1128 1490 mari,

101 1556 112 1588 ε
126 1540 156 1593 et
169 1550 284 1594 omnes
298 1525 446 1592 eamdem
459 1549 566 1595 eseam
586 1524 782 1615 spiritualem
797 1525 1082 1602 manducaverunt,
1098 1538 1131 1592 ot

106 1661 234 1706 »omnes
256 1635 407 1702 eumdem
430 1647 541 1724 potum
564 1634 761 1725 spiritualem
775 1636 948 1702 biberunt.
973 1635 1132 1702 Bibehant

111 1761 232 1814 nautam
247 1748 289 1813 de
303 1745 457 1835 spirituali
479 1759 694 1836 consequente
714 1769 771 1812 eos
791 1758 891 1835 petra.
915 1745 1007 1812 Petra
1022 1757 1130 1812 autern

110 1871 194 1924 »erat
218 1855 394 1924 Christus¹.
408 1885 422 1918 s
438 1855 533 1924 Vides
557 1857 719 1947 quomodo
734 1857 900 1946 aenigmata
921 1855 998 1947 legis
1016 1854 1132 1922 Paulus

113 1966 244 2044 absolvit,
255 1980 289 2033 et
304 1967 424 2056 speeies
436 1968 640 2057 aenigmatum
650 1969 758 2044 docet,
772 1980 805 2033 et
820 1967 896 2033 dieit
907 1967 979 2056 quin
995 1979 1084 2056 petra
1097 1966 1130 2032 iu

115 2078 263 2166 enigmate
281 2090 350 2144 erut
369 2080 456 2167 apud
477 2078 632 2167 Moysem,
653 2091 824 2167 antequam
846 2080 1033 2167 jungeretur
1054 2077 1133 2142 huie
1219 2077 1224 2084 '

123 2198 225 2251 nostre
233 2186 432 2277 AEthiopissae.
449 2187 542 2254 Nune
553 2188 586 2253 in
597 2188 702 2275 specie
712 2199 802 2277 petra
814 2187 957 2253 Christus
967 2197 1025 2252 est.
1037 2185 1132 2252 Nunc

128 2293 204 2359 eninr
222 2319 254 2360 os
273 2298 309 2362 ad
323 2323 356 2364 os
380 2297 523 2386 loquitur
542 2321 600 2386 per
615 2297 733 2387 Legem
754 2300 848 2364 Deus.
868 2295 969 2364 Antea
985 2297 1018 2362 in
1032 2296 1131 2385 ranig-

124 2416 200 2470 mate
212 2405 267 2472 suit
275 2408 445 2495 baptismus
458 2407 490 2474 in
502 2409 588 2474 nube
604 2418 637 2473 et
650 2408 683 2474 iu
695 2407 786 2484 meri,
799 2429 885 2473 nuno
897 2418 1006 2471 autem
1020 2406 1053 2470 in
1064 2427 1136 2492 spe-

115 2514 159 2578 cie
177 2519 364 2604 regeneratio
384 2531 433 2584 est
455 2519 487 2584 in
511 2541 592 2607 aque
607 2531 640 2584 et
662 2519 694 2583 iu
715 2517 834 2606 Spiritu
850 2527 970 2583 sancto.
991 2513 1084 2580 Tune
1100 2515 1132 2579 in

108 2623 265 2714 enigmate
287 2639 357 2693 erat
377 2650 493 2694 manna
516 2628 619 2703 cibus,
643 2651 730 2694 nune
752 2639 859 2692 eutem
880 2625 914 2691 in
934 2625 1039 2713 speeie
1054 2647 1133 2690 caro

109 2733 194 2802 Verbi
213 2737 276 2803 Dei
289 2749 339 2803 est
362 2761 454 2802 verus
471 2739 574 2814 cibus,
592 2739 674 2806 sieut
695 2751 729 2804 et
750 2738 815 2826 ipse
831 2737 922 2810 dieit,
943 2736 1016 2824 quia
1035 2757 1133 2800 rouro

103 2869 194 2913 »mea
206 2871 283 2914 rere
299 2861 348 2914 est
362 2849 465 2924 eibos,
477 2862 510 2913 et
524 2848 650 2937 sanguis
662 2871 750 2914 meus
762 2870 836 2913 vere
846 2856 894 2913 est
908 2841 1033 2934 potus².
1049 2870 1063 2905 s
1078 2841 1133 2908 Sio

97 2978 168 3045 ergo
182 2959 254 3046 jam
271 2980 359 3023 nune
379 2955 503 3045 Moyses
523 2957 610 3047 apud
632 2981 689 3022 noa
711 2957 845 3047 positus,
862 2967 894 3020 et
913 2954 990 3020 huie
1005 2951 1133 3020 AEthio-

93 3069 182 3156 pisso
204 3069 415 3155 conjunctus,
432 3067 480 3134 rel
496 3069 563 3157 ipse
578 3068 619 3134 ad
635 3091 707 3140 nos.
721 3066 770 3132 vel
792 3068 878 3132 Deus
892 3065 1052 3154 adipsum
1068 3086 1133 3133 nou

91 3173 235 3265 loquitur
254 3177 289 3242 in
311 3177 490 3266 {enigmate
507 3178 563 3242 sed
582 3178 614 3244 in
637 3177 753 3265 speeie.
773 3177 827 3241 Mis
847 3187 955 3240 autem
977 3174 1129 3240 additur:

97 3289 162 3354 «Et
173 3285 329 3376 gloriam,
344 3286 465 3370 inquit,
480 3286 608 3351 Domini
624 3285 730 3351 view.
743 3313 756 3346 ι
771 3285 910 3364 Quando
920 3283 1133 3372 riditMoyses

87 3394 227 3486 gloriam
246 3394 478 3484 Domiuii’Ego
492 3407 571 3460 tuno
586 3394 671 3470 diuo,
689 3393 816 3483 quando
832 3393 1073 3462 transformatus
1085 3405 1133 3458 est

88 3509 254 3576 Dominus
271 3508 305 3572 in
319 3519 441 3582 monta,
458 3521 490 3572 et
505 3508 615 3573 aderat
635 3508 664 3574 ei
685 3507 809 3596 Moyses
825 3529 898 3572 eum
915 3505 995 3581 Biia,
1011 3519 1044 3570 et
1065 3502 1134 3570 ool-

87 3617 315 3708 ioquebantur
330 3617 370 3682 ei.
388 3599 429 3685 Et
446 3618 518 3684 ideo
532 3629 619 3684 reete
633 3619 665 3684 in
680 3620 948 3707 consequentibus
963 3617 1107 3705 adjungit
1123 3640 1133 3679 t

94 3731 163 3795 «Et
179 3751 287 3817 quare
304 3750 369 3794 non
385 3729 533 3794 timuistis
548 3729 715 3796 detrahere
734 3729 852 3796 famulo
867 3752 939 3796 meo
959 3724 1127 3815 Moysi‘i»

85 3839 189 3920 Quod
205 3837 376 3904 evidenter
392 3838 500 3927 utique
520 3838 560 3903 ad
582 3861 636 3904 eos
654 3839 775 3906 dietum
795 3839 941 3928 dirigitur
959 3836 1013 3923 qui
1034 3836 1139 3902 Evan-

120 3971 130 4004 ¹
146 3989 155 4019 ι
171 3969 240 4018 Cor.
254 3985 279 4030 x,
295 3987 304 4018 ι
319 3980 345 4019 et
355 3987 428 4035 seqq.
439 3997 469 4010 —
480 3970 491 4003 ²
502 3941 576 4020 Joan.
588 3987 622 4032 vr,
635 3971 674 4020 56.
686 3971 736 4010 -2
747 3970 824 4021 Mum.
835 3989 879 4030 εει,
891 3970 914 4018 8.
927 3995 957 4006 -
967 3965 977 3999 ⁴
988 3965 1058 4016 ibid.
