2682 4594
255 294 317 388 ⁹²,ss
705 308 847 350 onraarus

252 437 531 506 immaculatorum
544 436 619 500 dics.
640 436 703 501 Sed
718 447 752 499 et
765 435 827 499 hoc
844 435 1022 500 secundam
1035 429 1174 499 litteram
1188 436 1289 501 nescio

254 550 278 616 si
294 548 393 637 possit
412 555 643 634 consequenter
664 545 789 632 exponi.
809 544 873 623 Qui
889 544 975 608 enim
997 555 1128 631 possunt
1144 567 1213 607 csse
1229 544 1291 610 dies

254 653 550 728 immaculatorum,
569 651 621 738 qui
633 675 697 716 non
711 652 773 716 sint
789 651 883 716 etiam
900 651 1130 738 peccatorum?
1146 673 1221 716 cum
1232 651 1290 716 hu-

253 767 304 852 jus
321 760 425 828 saeculi
442 762 507 827 dies
521 784 581 824 una
594 760 768 846 eademque
785 759 824 822 sit
838 760 1008 834 omnibus,
1025 771 1119 847 atquc
1136 759 1170 823 in
1185 759 1289 824 cadem

254 874 319 938 sive
337 870 430 958 justi,
455 870 518 934 sive
540 880 723 956 peccatores
751 865 844 931 simul
864 865 937 932 luce
957 879 1145 932 versentur:
1165 864 1246 931 sicut
1264 880 1290 932 et

250 981 322 1067 'ipse
333 977 487 1043 Dominus
499 976 538 1041 de
550 987 639 1064 patre
656 975 754 1050 dicit,
772 975 843 1063 quia
869 973 991 1039 «solem
1007 997 1101 1038 suum
1118 976 1210 1061 jubet
1223 975 1288 1039 oriri

256 1109 373 1174 »super
386 1087 488 1151 bonos
501 1094 533 1148 et
544 1081 675 1147 malos¹.
692 1111 704 1143 a
725 1080 896 1162 Quomodo
915 1104 990 1169 ergo
1005 1081 1058 1147 hic
1079 1079 1168 1147 velut
1183 1105 1289 1171 excep

257 1207 326 1260 tum
338 1193 455 1282 aliquid
470 1205 503 1257 et
515 1202 712 1279 segregatum
729 1187 1007 1254 immaculatorum
1024 1189 1090 1254 dies
1104 1213 1289 1278 cognoscem

257 1303 373 1368 dicitur
384 1299 564 1367 Dominus?
579 1297 637 1365 Vel
659 1299 818 1364 videamus
836 1321 876 1362 ne
892 1297 974 1361 sorte
991 1299 1210 1385 unusquisque
1223 1322 1289 1387 pro-

255 1412 357 1500 priam
373 1411 432 1475 sibi
441 1411 508 1500 ipse
524 1408 617 1472 iaciat
629 1406 724 1471 diem.
735 1407 775 1470 Et
788 1407 813 1470 si
828 1405 954 1492 quando
967 1405 1158 1493 abjicientes
1171 1407 1287 1471 menda-

258 1521 343 1586 cium
361 1517 522 1608 loquimur
533 1517 697 1580 veritatem
714 1537 789 1579 cum
806 1515 950 1602 proximo
967 1525 1093 1588 nostro,
1114 1514 1148 1578 iu
1161 1515 1286 1579 veritatis

257 1628 308 1694 die
320 1640 353 1692 et
368 1627 506 1693 veritatis
518 1624 589 1690 luce
603 1644 776 1690 versamur.
796 1621 949 1686 Similiter
963 1633 995 1685 et
1010 1644 1085 1687 cum
1106 1622 1284 1688 retrahimus

258 1759 315 1802 nos
331 1736 369 1800 ab
385 1735 422 1799 iis
438 1734 493 1822 qui
508 1733 644 1797 oderunt
660 1731 791 1805 fratres,
813 1740 845 1794 et
860 1729 893 1794 iu
909 1729 1048 1793 tenebris
1066 1728 1248 1804 ambulant,
1262 1741 1286 1793 ct

259 1845 290 1907 in
305 1841 474 1906 dilectione
489 1839 622 1904 fratrum
635 1861 875 1926 permanemus,
893 1838 959 1902 dies
975 1837 1067 1901 nobis
1079 1837 1214 1902 facimus
1225 1837 1285 1903 cha·
1335 1909 1336 1917 χ

260 1949 370 2013 ritatis.
391 1947 454 2011 Sed
469 1957 500 2010 et
518 1969 591 2010 cum
606 1945 759 2031 justitiam
775 1945 987 2020 custodimus,
1001 1956 1034 2009 et
1049 1968 1125 2010 cum
1136 1946 1287 2011 visitantes

260 2055 369 2121 viduas
396 2066 490 2141 atque
512 2051 670 2140 orphanos
692 2052 725 2116 in
753 2037 954 2117 tribulatione
978 2075 1052 2128 sua,
1077 2051 1287 2118 immaculatos
1334 2065 1336 2116 l

260 2187 317 2228 uos
329 2163 524 2227 custodimus
539 2163 579 2226 ab
594 2159 656 2224 hoc
670 2157 805 2250 saeculo,
822 2159 1099 2225 immaculatorum
1111 2160 1197 2224 nobis
1213 2159 1287 2247 ipsis

260 2270 391 2336 iacimus
407 2270 483 2334 dies.
503 2270 542 2334 Et
563 2268 613 2332 isti
629 2279 702 2334 sunt
721 2267 786 2332 dies
807 2291 885 2355 quos
901 2292 997 2333 nosce
1014 2269 1148 2344 dicitur,
1167 2268 1288 2357 quando
1334 2257 1336 2306 ³

261 2378 423 2466 cognoscit
432 2375 498 2441 dics
511 2375 797 2440 immaculatorum.
809 2375 930 2442 Verum
942 2377 966 2441 si
975 2379 1182 2444 sacratiorem
1195 2377 1288 2443 adhuc

261 2509 387 2550 sensum
403 2485 434 2548 in
450 2483 512 2548 hoc
528 2481 599 2548 loco
620 2481 765 2549 volumus
780 2484 989 2571 perscrutari,
1009 2509 1181 2573 possumus
1198 2487 1289 2550 dicere

261 2594 335 2680 quia
348 2593 414 2658 dies
426 2591 500 2656 mali
514 2603 586 2654 sant
607 2592 700 2678 hujus
718 2588 824 2655 saeculi
845 2591 1020 2657 secundum
1040 2593 1129 2681 quod
1146 2595 1287 2683 scriptun
1331 2625 1334 2716 p

261 2714 329 2766 est:
351 2700 530 2780 «Quoniam
546 2697 695 2764 diesmali
711 2697 812 2764 sunt².
827 2725 839 2758 a
855 2697 928 2764 Dies
941 2703 1133 2766 autemboui
1148 2702 1201 2767 alii
1212 2715 1289 2771 sunt,
1333 2725 1334 2732 ¹

263 2810 364 2898 quiet
381 2809 437 2896 ipsi
454 2806 728 2872 immaculatorum
744 2819 835 2883 sunt,
852 2831 930 2895 quos
946 2809 1102 2874 Do.1inus
1119 2809 1288 2900 cognoscit,

264 2919 296 2982 in
313 2917 428 3003 quihus
439 2927 470 2979 et
482 2915 646 2980 hareditas
663 2938 774 2980 eorum
790 2915 822 2979 in
838 2928 992 2980 aeternum
1003 2930 1136 2982 manat:
1153 2931 1226 2984 tunc
1237 2918 1291 2981 sinc

264 3025 361 3089 dubio
378 3047 451 3088 cum
470 3023 546 3109 justi
563 3023 778 3087 haereditatem
794 3024 919 3111 capient
935 3024 1005 3088 ritae
1019 3038 1170 3104 aeternae,
1192 3049 1289 3093 coma-

262 3144 472 3220 qucntesquae
482 3155 494 3188 a
506 3128 617 3195 oculus
626 3152 690 3194 non
706 3130 783 3194 vidit
794 3181 802 3206 ,
812 3153 871 3196 nec
881 3132 963 3196 auris
980 3131 1117 3210 audivit,
1130 3159 1191 3201 nec
1204 3137 1235 3200 in
1249 3156 1294 3198 cor

264 3238 421 3304 »hominis
438 3237 598 3312 ascendit,
615 3261 684 3325 quaa
694 3240 880 3326 praeparavit
892 3239 976 3304 Deus
990 3239 1198 3330 diligentibus
1210 3267 1242 3308 se
1252 3244 1289 3304 ³.·

265 3345 313 3412 llli
330 3354 403 3410 sunt
417 3343 695 3411 immaculatorum
709 3347 792 3422 dies,
809 3347 842 3410 in
858 3348 973 3436 quibus
988 3373 1053 3413 non
1069 3351 1130 3414 iste
1148 3351 1192 3416 sol
1209 3373 1295 3438 quem

266 3478 396 3520 occasus
411 3454 554 3540 excepit,
570 3465 602 3517 et
619 3454 711 3541 cujus
727 3479 788 3518 nox
808 3456 980 3520 succedens
1003 3455 1115 3524 lumen
1133 3461 1300 3524 interimit.

266 3563 322 3628 sed
348 3558 393 3626 sol
420 3563 546 3649 justitiae
574 3559 713 3637 lacebit,
730 3563 783 3650 qui
806 3575 933 3628 noctem
959 3565 1098 3641 nesciat,
1117 3570 1171 3654 qui
1197 3567 1301 3632 lumea

264 3682 418 3733 aeternum.
435 3669 493 3745 sit,
518 3669 599 3733 sicut
620 3669 773 3756 scriptum
790 3681 856 3745 est,
874 3671 946 3758 quia
964 3672 1056 3760 «ipse
1071 3675 1237 3741 Dominus
1253 3675 1308 3742 erit

264 3778 329 3843 reis
346 3775 400 3842 lux
416 3777 666 3864 sempiterna⁸.»

302 3919 411 3968 ¹tttauh.
422 3936 448 3980 v,
462 3915 503 3980 45.
515 3920 665 3982 —2Ephcs.
678 3936 708 3982 v,
726 3920 827 3969 πᾶα-ὓ
842 3937 850 3967 ι
867 3919 925 3971 Cor.
939 3939 974 3982 11,
990 3939 1014 3987 9.
1026 3951 1060 3962 -
1072 3925 1082 3958 l
1094 3927 1147 3974 lsai.
1158 3941 1212 3984 tx,
1234 3943 1277 3988 to
