2702 4610
381 363 414 407 in
438 361 564 406 sxouuu
586 362 717 405 nouuua
740 363 783 406 vr.
978 391 980 400 .
1040 349 1093 411 ιόι

64 499 129 554 tare
158 508 242 574 quos
267 482 395 572 plantat.
421 479 505 546 Tum
525 492 677 569 praeterea
701 479 787 567 quod
801 481 898 587 addit
912 506 920 548 ε
936 481 1102 550 Induoens

58 597 259 684 plaustrem,
274 613 350 658 num
361 591 419 656 tibi
432 591 558 658 aidatur
569 601 720 678 tanquam
737 591 777 655 de
790 594 897 680 pueris
913 595 1033 672 dicere,
1046 599 1099 686 qui

62 702 265 766 inducuntur
279 699 316 762 ad
330 695 468 772 scholas,
484 696 682 762 inducuntur
696 695 738 761 ad
755 692 887 775 litteras,
905 701 1101 771 inducuntur

67 811 110 876 ad
125 831 255 875 omnem
269 805 506 872 eruditionem?
524 803 668 894 Intellige
687 829 763 895 argo
783 830 841 895 per
856 808 937 884 hoee,
953 811 978 876 si
994 825 1099 878 tamen

69 918 170 984 habos
182 942 269 986 aures
280 915 444 991 audiendi,
458 915 619 1002 quomoda
632 915 716 980 Deus
728 914 866 1004 plantat:
878 941 919 982 ae
933 917 1014 984 forte
1026 944 1100 988 cam

70 1028 161 1092 audis
174 1051 247 1093 eum
269 1026 424 1092 inducere
440 1035 473 1088 et
489 1021 645 1112 plantare,
659 1035 751 1111 putes
766 1047 841 1089 eum
856 1025 936 1092 fieus
951 1029 984 1093 in
1003 1042 1100 1104 terra,
1121 1053 1128 1116 '.

66 1147 121 1200 aut
135 1134 196 1200 alia
209 1132 435 1222 hujuscemodi
452 1128 586 1220 virgulta
602 1129 750 1218 deligere.
771 1132 852 1197 Audi
869 1144 902 1198 et
922 1132 995 1201 alibi
1021 1161 1103 1226 quo-

62 1246 159 1310 modo
182 1244 307 1333 plantat
322 1244 420 1308 Deus.
439 1240 597 1331 Propheta
615 1240 692 1306 dicit
711 1263 748 1306 :s
766 1240 898 1309 Vineam
913 1268 952 1310 ex
967 1243 1103 1336 AEgypto
1178 1295 1182 1304 .

60 1386 72 1416 ι
89 1354 299 1429 transtulisti,
313 1365 345 1418 et
359 1351 506 1442 expulisti
518 1363 640 1441 gentes,
655 1363 686 1415 et
696 1347 843 1440 plantasti
857 1375 938 1418 eam.
957 1354 1103 1420 Persium
1193 1407 1199 1416 .

61 1499 77 1527 ι
90 1467 158 1530 iter
175 1463 281 1529 iecisti
295 1476 459 1538 antaeum,
471 1459 619 1550 plantasti
633 1461 755 1525 radices
767 1461 849 1549 ejus,
862 1474 895 1526 et
907 1461 1032 1550 replesti
1045 1477 1105 1530 ter-

68 1605 83 1634 ι
101 1597 185 1638 ram.
205 1571 340 1660 Operuit
353 1583 473 1635 montes
491 1571 604 1635 umbra
619 1569 702 1657 ojus,
718 1579 751 1633 et
766 1571 893 1635 arbusta
909 1573 978 1660 ejus
994 1574 1106 1640 cedros
1150 1605 1153 1611 ·

71 1714 85 1742 ι
99 1683 162 1749 Dei
173 1683 194 1744 ².
210 1681 402 1748 »advertisti
418 1681 481 1767 jam
497 1679 659 1768 quomodo
670 1677 792 1768 plantat
803 1679 901 1756 Deus,
914 1693 946 1747 ot
956 1683 1009 1748 ubi
1021 1684 1108 1772 plan·

70 1794 139 1860 tati
157 1793 229 1859 Nou
250 1791 372 1880 plantat
392 1791 424 1855 in
447 1788 593 1864 vallibus,
614 1789 717 1854 sedin
742 1791 903 1856 montibus
924 1792 1054 1858 excelsis
1075 1809 1107 1860 et

64 1901 262 1969 sublimibus
277 1900 366 1965 loeis.
386 1899 475 1978 Quos
489 1900 576 1964 euim
598 1899 706 1964 odueit
728 1899 768 1964 de
790 1897 940 1989 AEgypto,
964 1925 1042 1989 quos
1065 1905 1105 1969 de

65 2011 187 2079 saeculo
203 2010 336 2076 adducit
351 2008 393 2073 ad
407 2008 518 2084 fidem,
536 2031 600 2074 nou
614 2007 679 2073 vult
694 2031 748 2073 eos
763 2009 878 2073 iterum
890 2011 923 2074 in
936 2010 1107 2078 humilibus

66 2121 246 2196 collocare,
267 2118 323 2185 sed
339 2120 612 2185 conversationem
628 2141 739 2182 eorum
758 2116 825 2182 vult
839 2143 907 2185 esse
923 2121 1104 2188 sublimem.

70 2231 155 2297 Vult
167 2253 229 2294 nos
250 2231 282 2294 iu
300 2229 462 2293 montibus
487 2227 643 2302 babitare,
669 2226 725 2292 sed
749 2227 783 2291 in
803 2227 879 2316 ipsis
904 2229 1108 2297 nibilominus

75 2340 246 2420 montibus
259 2361 320 2402 uon
333 2336 399 2402 vult
416 2360 474 2402 nos
489 2345 716 2424 superterram
732 2358 860 2424 repore;
876 2361 935 2402 nec
950 2337 1030 2405 ultra
1043 2339 1110 2406 vult

73 2450 205 2515 vineam
220 2471 307 2512 suam
322 2447 409 2512 humi
430 2447 571 2534 dejectos
588 2446 706 2512 habere
726 2446 862 2521 fruetus,
887 2448 942 2512 sed
957 2447 1030 2513 vult'
1040 2450 1110 2537 pal-

63 2560 168 2625 mites
184 2559 255 2645 ejus
270 2580 395 2622 sursum
411 2557 498 2632 duci,
515 2557 546 2622 in
563 2555 628 2621 alto
644 2555 806 2632 collocari,
824 2556 971 2623 traduces
983 2559 1064 2634 lieri,
1079 2576 1111 2627 et

62 2669 227 2736 traducas
250 2689 315 2731 noa
336 2667 369 2731 in
392 2666 648 2754 quibuscumque
664 2663 838 2732 humilibus
856 2668 1036 2745 arboribus,
1056 2673 1112 2737 sed

63 2781 102 2845 in
119 2775 261 2844 excelsis
275 2787 310 2840 et
323 2775 355 2840 in
371 2773 527 2840 altissimis
543 2774 645 2840 cedris
661 2774 729 2839 Dei.
750 2774 869 2839 Cedros
884 2776 942 2840 Ilei
958 2800 1017 2865 ego
1033 2778 1111 2844 Pro-

63 2887 186 2976 phetas
206 2896 243 2951 et
265 2881 432 2973 Apostolos
447 2894 539 2972 puto,
563 2883 679 2971 quibus
694 2905 752 2947 uos
768 2883 792 2946 si
808 2883 1022 2972 adjungamur
1043 2889 1113 2954 vitis

61 3021 169 3086 quam
186 2997 230 3062 de
246 2993 386 3084 AEgypto
401 2991 561 3059 transtulit
573 2993 671 3067 Deus,
689 3003 720 3056 ot
736 3015 794 3080 per
805 3015 909 3058 ramos
920 3017 1031 3061 eorum
1043 3021 1115 3062 nos-

62 3108 112 3172 tri
128 3104 284 3196 palmites
300 3102 532 3179 diffundantur,
548 3112 644 3191 atque
665 3101 739 3189 ipsis
755 3102 852 3166 innixi
870 3106 1016 3171 traduces
1032 3132 1116 3197 quae-

65 3217 148 3282 dam
156 3216 342 3282 afficiamur
354 3213 515 3279 charitatis
526 3213 567 3278 ad
579 3212 715 3278 invicem
729 3210 861 3278 vinculis
872 3217 1020 3293 connexi,
1033 3217 1115 3286 fruc-

68 3339 149 3388 tum
169 3324 238 3389 sina
253 3322 354 3387 dubio
377 3318 549 3409 plurimum
571 3319 751 3384 afferemus.
772 3317 882 3384 Nam«
899 3323 1000 3388 omnis
1021 3329 1117 3392 arbor

76 3462 93 3494 ι
109 3456 180 3518 qun
193 3457 255 3498 uon
271 3432 351 3498 lacit
364 3431 506 3497 fructum
517 3431 639 3496 bouum
652 3428 829 3505 excidetur,
842 3441 874 3494 et
886 3430 918 3494 in
930 3431 1036 3520 ignem
1047 3437 1119 3502 mit-

78 3571 97 3602 ι
119 3544 254 3606 leima.»

130 3650 186 3722 XI.
198 3680 212 3713 ι
222 3653 258 3718 ln
270 3663 447 3742 praeparata
464 3648 658 3716 habitatione
674 3660 727 3712 tua
743 3672 840 3736 quam
852 3645 1045 3740 praeparasti,
1059 3655 1120 3721 Do·

67 3795 83 3824 s
106 3762 228 3828 mina¹.
252 3791 265 3824 s
280 3761 362 3826 Vide
384 3759 551 3826 elementis
565 3757 693 3822 Domini
708 3758 884 3824 bonitatem
902 3783 910 3824 z
928 3761 1073 3828 nouauit
1090 3777 1121 3828 te

66 3873 239 3940 inducere
256 3872 297 3938 ad
312 3870 469 3948 laborem,
486 3891 551 3934 non
568 3864 633 3931 vult
646 3877 679 3929 ut
692 3866 757 3954 ipse
774 3867 829 3932 tibi
845 3867 940 3934 socias
955 3869 1122 3942 habitacu-

111 4003 123 4036 ¹
143 4001 236 4050 Parim.
252 4017 336 4060 lxxix,
350 4017 375 4065 9.
386 3997 438 4038 --2
451 3998 542 4047 blattb.
558 4013 602 4057 vra,
621 3995 864 4060 19.-⁸E10d.1v‚
880 4015 917 4063 ¹7·

954 4111 983 4169 9·
