2776 4616
267 296 329 362 382
708 323 851 366 ensurius

265 435 334 502 baee
355 436 490 502 Domino
509 438 612 503 cordis
631 439 731 503 nostri
748 461 881 504 manera
902 452 1109 530 posteaquam
1127 442 1279 531 agnoveris

264 569 335 610 naus
349 569 437 622 eum,
453 560 485 612 et
499 549 657 636 agnitione
672 548 821 615 bonitatis
839 549 908 636 ejus
930 550 970 616 de
990 551 1077 638 putei
1097 551 1166 638 ejus
1185 550 1281 618 altitu-

265 655 337 720 dine
348 655 531 720 biberimus.
545 656 684 721 Observa
699 669 806 722 tamen
818 659 979 744 quomodo
991 660 1104 726 dixerit
1115 660 1278 749 Propheta:

273 786 285 819 r
299 761 337 824 Et
348 783 447 836 nunc,
459 760 566 833 lsrael,
581 762 658 850 quid
671 762 823 829 Dominus
836 764 921 829 Deus
933 776 1005 829 tuus
1021 764 1123 852 poscit
1138 767 1193 831 abs
1204 767 1273 831 tel»

263 869 459 962 Erubesoant
475 868 519 934 illi
534 869 602 936 haeo
617 872 726 946 verba,
750 871 803 958 qui
826 883 943 960 negant
963 873 995 936 in
1010 872 1147 940 bominis
1163 875 1280 939 arbitrio

262 1001 330 1044 esse
347 989 382 1043 ut
397 978 543 1044 salvetur.
565 980 735 1060 Quomodo
753 995 899 1069 posceret
914 983 955 1047 ab
970 981 1099 1047 bomine
1114 983 1210 1058 Deus,
1228 984 1280 1050 nisi

261 1087 402 1154 haberet*
414 1089 511 1154 homo
528 1090 560 1155 in
575 1114 631 1155 sua
646 1101 801 1178 potestate
817 1090 903 1178 quod
920 1090 1063 1178 poscenti
1076 1090 1142 1156 Deo
1159 1090 1279 1158 deberet

262 1198 396 1264 ollerrei¹
413 1198 495 1265 Sunt
506 1223 583 1289 ergo
594 1223 664 1286 quae
675 1200 793 1266 dantur
808 1224 825 1265 a
842 1200 921 1275 Deo,
936 1211 969 1264 et
985 1209 1058 1266 sunt
1070 1223 1139 1288 quae
1149 1201 1282 1288 praeben·

261 1320 315 1373 tur
336 1309 375 1374 ab
399 1309 538 1375 bomine.
556 1309 652 1376 Verbi
668 1311 780 1398 gratia,
797 1310 829 1375 in
845 1309 973 1376 bomine
992 1308 1052 1373 fuit
1075 1319 1110 1374 ut
1133 1333 1278 1376 unumne
1324 1389 1328 1398 η

261 1419 380 1486 luceret
394 1418 505 1485 decem
522 1443 625 1496 mnas,
637 1431 692 1484 aut
708 1443 768 1486 una
785 1443 858 1485 mna
874 1419 992 1486 faceret
1005 1417 1146 1508 quinque
1162 1442 1247 1485 mnas
1255 1419 1276 1485 ¹.

260 1529 308 1592 Ex
322 1527 390 1592 Deo
404 1542 510 1592 nutem
526 1527 585 1592 luit
604 1542 638 1592 ut
654 1529 784 1594 baberet
800 1529 897 1594 bomo
911 1550 1034 1602 mnam,
1047 1550 1087 1592 ex
1101 1550 1163 1614 qua
1185 1528 1281 1596 faeere

260 1648 365 1724 posset
381 1637 491 1702 decem
506 1661 607 1702 mnus.
623 1637 704 1703 Cum
721 1650 827 1704 autem
842 1636 957 1703 obtulit
968 1660 1006 1702 ex
1018 1660 1051 1702 se
1063 1637 1175 1703 decem
1187 1661 1280 1716 mnas,

261 1746 383 1834 aceepit
406 1769 514 1811 rursus
541 1771 559 1811 a
580 1747 648 1812 Deo
664 1770 730 1812 uon
748 1749 813 1835 jam
831 1747 1014 1834 pecuniam,
1030 1745 1085 1811 sed
1100 1757 1282 1834 potestatem

260 1866 293 1918 et
314 1877 447 1942 regnum
468 1855 579 1934 decem
602 1856 777 1922 civitatum,
796 1856 878 1921 Petit
892 1855 1113 1936 iterumlleus
1128 1857 1166 1921 ab
1182 1855 1279 1921 Abra·

259 1964 333 2029 bam
355 1974 390 2028 ut
412 1963 541 2030 offerret
560 1966 588 2030 ei
607 1966 694 2031 lsaae
718 1963 818 2030 lilium
840 1965 986 2030 suumin
1008 1976 1148 2030 montem
1169 1987 1279 2051 quem-

259 2097 396 2161 cumque
412 2076 600 2142 ostendisset
615 2076 656 2141 ei.
677 2075 802 2141 Obtulit
816 2074 976 2142 Abrabam
989 2075 1281 2164 intrepidusunige·

258 2183 373 2258 nitunt,
390 2184 540 2274 imposuit
558 2209 653 2274 super
669 2207 768 2260 aram,
788 2183 927 2250 cultrum
943 2186 1050 2251 eduxit
1067 2199 1102 2251 ut
1115 2185 1282 2276 jugularet,

257 2294 418 2360 inhibetur
432 2298 599 2373 continuo,
611 2308 643 2361 et
655 2297 735 2362 aries
751 2296 779 2361 ei
791 2319 849 2384 pro
861 2295 927 2361 lilio
939 2296 1033 2361 datur
1043 2297 1084 2363 ad
1096 2297 1280 2364 victimam².

255 2404 350 2471 Vides
376 2429 450 2494 ergo
474 2407 546 2494 quia
568 2431 639 2495 quse
660 2407 728 2472 Deo
750 2405 924 2482 offerimus,
946 2407 1037 2472 nobis
1056 2423 1187 2474 manent
1202 2429 1210 2472 t
1228 2408 1287 2474 sed

255 2517 296 2580 ad
314 2516 377 2583 boe
396 2516 586 2603 expetimur,
602 2531 636 2581 ut
653 2517 685 2581 in
702 2517 738 2580 iis
750 2514 883 2582 allectus
895 2527 1003 2581 noster
1012 2539 1085 2605 erga
1098 2516 1202 2582 Deum
1212 2539 1287 2605 pro·

255 2626 349 2691 betur
368 2639 400 2690 et
422 2625 510 2692 fides.
535 2628 609 2692 Haeo
633 2649 691 2715 pro
714 2649 752 2691 eo
774 2627 860 2715 quod
882 2625 1017 2692 diximus
1031 2626 1189 2715 proiectos
1216 2650 1288 2694 esse

255 2732 335 2799 filios
350 2733 445 2800 lsrael
462 2760 479 2800 a
495 2749 603 2823 puteo,
620 2746 653 2800 et
669 2735 789 2800 venisse
808 2735 840 2799 in
859 2733 1065 2809 lllatbanaim,
1082 2736 1167 2823 quod
1184 2736 1286 2800 inter·

254 2856 419 2932 pretuntur
439 2869 569 2911 munera
597 2869 717 2911 eorum.
743 2845 770 2911 Α
794 2843 987 2910 llatbanaim
1007 2857 1114 2910 autam
1142 2847 1288 2912 venimus

254 2954 285 3019 in
311 2952 463 3031 Nabaliel,
493 2955 577 3043 quod
600 2956 824 3043 interpretatur
847 2978 886 3020 ex
909 2955 985 3018 Deo.
1019 2951 1105 3033 Quid
1131 2977 1171 3020 es
1194 2955 1290 3021 Deo?

252 3064 458 3152 Posteaquam
478 3064 685 3132 obtulerimus
709 3090 765 3148 nos
780 3089 850 3154 quae
865 3087 904 3129 ex
919 3064 1010 3130 nobis
1033 3078 1119 3141 sunt,
1138 3067 1289 3132 venimus

254 3174 293 3238 ad
308 3175 369 3240 hoc
388 3187 422 3238 ut
438 3197 670 3263 consequamur
684 3200 721 3241 en
743 3197 814 3264 quae
836 3198 874 3239 ex
893 3175 960 3240 Deo
982 3186 1065 3240 sunt.
1090 3175 1172 3239 Cum
1195 3175 1290 3240 enim

252 3283 347 3350 sidem
374 3297 514 3352 nostram
534 3302 567 3352 et
589 3286 738 3353 allectum
759 3283 967 3351 obtulerimus
988 3287 1035 3359 ei,
1060 3297 1138 3351 tunc
1160 3287 1290 3374 etipse

251 3389 381 3482 largitur
398 3397 489 3461 nubis
505 3397 625 3463 diversa
641 3398 723 3463 dona
742 3391 878 3486 Spiritus
896 3398 1008 3472 sancti,
1030 3395 1069 3464 de
1091 3397 1209 3486 quibus
1232 3397 1292 3464 di-

251 3504 295 3570 nit
312 3504 478 3592 Apostolus
493 3530 500 3572 :
513 3535 526 3568 ι
539 3507 655 3573 Omnia
672 3519 779 3572 autem
793 3530 832 3572 ex
847 3507 915 3571 Deo
930 3506 1033 3572 sunt⁸.
1053 3505 1153 3572 »Eta
1173 3507 1294 3574 Nebn-

250 3610 302 3678 liel
318 3615 459 3681 venimus
473 3617 505 3682 in
521 3615 669 3692 Bamoth,
685 3616 773 3704 quod
787 3616 1013 3706 interpretatur
1024 3615 1179 3682 adventus
1193 3640 1295 3683 mor·

250 3722 299 3790 tis.
316 3723 415 3813 Cujus
429 3725 540 3791 mortis
554 3724 608 3791 bio
622 3724 825 3816 intelligimus
839 3725 1024 3806 adrentum,
1041 3724 1101 3794 nisi
1117 3723 1200 3792 illius
1219 3749 1293 3815 qun

282 3853 397 3905 *Matttn
410 3854 617 3905 unu—'Gen
632 3873 690 3906 xxia.
708 3855 756 3894 -⁸
772 3857 854 3908 tCor.
872 3872 926 3916 vin,
937 3856 962 3906 6.
