2776 4616
267 253 331 334 [μθ
710 271 854 316 ostensu
896 291 898 296 ,

266 409 336 460 tam
347 391 494 480 intelligi3
505 389 613 456 lauet
624 405 735 455 ouum
747 391 947 482 intelligam,
958 391 1104 480 spiritum
1116 404 1148 457 et
1160 393 1304 461 animam

264 503 441 595 significare
457 497 700 590 resurgentium.
718 501 841 577 «Ecce,
855 502 977 588 inquit,
993 499 1128 591 po'pulus
1139 501 1226 570 solus
1240 503 1303 569 ha-

264 614 416 689 sbitabit,
433 625 465 677 et
480 612 513 676 in
529 611 709 678 nationibus
727 634 792 677 non
807 612 1009 700 reputabitur
1022 610 1044 676 ¹.
1065 640 1078 674 s
1101 611 1210 678 Potest
1225 614 1302 700 qui-

263 725 337 790 dem
348 735 381 790 et
391 721 570 787 secundum
581 718 719 786 litteram
730 733 823 786 stare.
839 719 932 786 Solus
944 721 1030 787 enim
1043 719 1179 810 populus
1194 721 1299 788 Jacob

263 843 397 900 nonest
419 829 593 919 permixtus
616 829 737 894 caeteris
758 828 956 904 homiuibus,
981 852 1041 895 nec
1062 829 1145 894 iuter
1167 841 1300 896 creans

262 954 371 1032 gentes
387 950 549 1028 reputatus
564 950 623 1004 est.
643 938 762 1004 Habuit
778 937 864 1003 enim
879 951 965 1003 certa
981 961 1114 1026 quaeque
1136 937 1299 1028 privilegia

183 1105 184 1110 η
262 1055 294 1120 in
309 1050 597 1124 observationibus,
608 1061 641 1114 et
658 1049 691 1113 in
707 1048 854 1137 legitimis
874 1049 951 1123 suis,
968 1071 1008 1114 ex
1028 1049 1144 1137 quibus
1166 1072 1299 1136 seques-

262 1173 362 1228 tratus
375 1184 391 1225 a
404 1161 525 1228 caeteris
537 1159 685 1248 gentibus
702 1158 884 1224 haberetur.
901 1158 991 1224 Sicut
1007 1158 1092 1224 enim
1107 1158 1211 1223 tribus
1222 1158 1297 1224 Lari

262 1296 327 1340 non
338 1285 386 1337 est
397 1271 552 1360 permixta
564 1270 648 1335 inter
659 1281 788 1334 ceteras
804 1269 918 1344 tribus,
931 1291 991 1334 aec
1006 1281 1237 1335 annumeratur
1253 1271 1298 1338 ia-

261 1396 311 1449 ter
326 1403 406 1448 eas:
430 1381 494 1446 boc
513 1392 608 1468 pacto
624 1390 656 1443 et
678 1378 781 1444 omnis
799 1376 892 1444 lsrael
917 1401 978 1444 nec
998 1378 1151 1443 miscetur
1174 1381 1296 1446 caeteris

260 1493 422 1583 gentibus,
438 1511 500 1556 nec
516 1498 681 1577 reputatur
700 1487 783 1551 inter
797 1509 860 1551 eas.
880 1487 955 1552 Haec
973 1485 1103 1574 quidem
1118 1486 1151 1551 in
1167 1484 1221 1554 illo
1236 1511 1295 1577 po-

260 1600 336 1694 pulo
359 1599 476 1666 suerint
499 1596 678 1662 secundum
698 1594 832 1662 sormam
856 1595 1035 1663 futurorum
1053 1596 1226 1673 bonorum,
1246 1621 1296 1664 ve-

260 1735 313 1778 rus
329 1723 437 1777 autem
458 1706 574 1780 Jacob,
595 1716 627 1771 et
648 1703 817 1794 spiritualis
834 1703 929 1770 lsrais'l
946 1727 1019 1772 vere
1038 1703 1123 1772 solus
1137 1703 1295 1773 habitabit

259 1823 292 1886 in
307 1820 462 1910 gentibus.
483 1816 517 1882 Si
536 1816 624 1880 enim
639 1814 829 1904 accessimus
847 1815 888 1880 ad
906 1813 984 1881 Sion
998 1827 1156 1891 montem,
1171 1827 1202 1880 et
1217 1816 1294 1882 cisi·

259 1942 356 1996 tatem
368 1927 426 1993 Dei
442 1925 574 1990 viventis
585 1922 761 1990 Jerusalem
774 1919 936 1991 calestem
945 1925 969 2002 ²,
980 1938 1013 1991 et
1025 1927 1168 1992 venimus
1179 1927 1218 1992 ad
1229 1927 1294 2014 spi-

259 2036 406 2104 ritualem
420 2027 579 2110 iudaeam,
592 2058 663 2123 quse
677 2047 725 2100 est
739 2036 842 2123 portio
857 2036 929 2112 Dei,
940 2049 974 2100 et
989 2036 1022 2101 in
1033 2037 1126 2102 terris
1140 2037 1233 2126 positi
1249 2037 1294 2104 ibi

257 2146 413 2212 babemus
428 2143 715 2219 conversationem,
729 2166 802 2208 vere
818 2167 882 2209 nou
898 2156 1084 2233 reputamur
1096 2145 1182 2212 inter
1196 2159 1294 2212 cate-

257 2277 307 2320 ras
322 2265 444 2344 gentes,
457 2275 518 2319 nec
531 2250 725 2340 reliquarum
739 2253 905 2318 nationum
917 2252 997 2320 fiaes
1008 2277 1084 2322 aum
1096 2254 1212 2321 nostris
1223 2255 1294 2322 fini-

255 2369 315 2433 bus
332 2365 560 2438 admiscentur,
572 2362 695 2428 etiamsi
710 2364 896 2428 restituatur
908 2363 1046 2431 Sodoma
1062 2366 1095 2430 in
1109 2367 1291 2455 antiquum,

254 2486 288 2540 et
302 2471 457 2562 AEgyptus
469 2471 502 2537 in
518 2481 636 2536 statum
651 2493 745 2536 saum
758 2470 879 2547 redeat,
896 2483 928 2536 et
944 2473 970 2538 si
985 2473 1063 2561 quid
1077 2471 1166 2539 aliud
1180 2473 1242 2541 tale
1259 2475 1293 2541 in

255 2583 420 2672 Prophetis
432 2580 585 2669 scriptum
598 2591 656 2645 est.
672 2579 900 2646 Verumtamen
912 2580 956 2646 illi
968 2583 1069 2664 Jacob
1086 2595 1119 2648 et
1134 2585 1291 2674 spirituali

255 2689 363 2767 lsrael,
385 2713 458 2757 cum
483 2689 524 2753 ad
540 2686 716 2754 Ecclesiam
735 2689 969 2778 primitivorum
987 2691 1202 2772 ascenderint,
1221 2695 1292 2762 nul-

255 2801 303 2866 lus
318 2799 546 2888 exaequabitur,
564 2795 669 2862 nullus
691 2797 931 2874 admiscebitur,
950 2801 1072 2867 etiamsi
1093 2803 1161 2868 istas
1179 2817 1290 2893 gentes

254 2908 432 2974 secundu'm
444 2905 729 2995 dictaprophetica
746 2905 864 2973 luerint
878 2909 1043 2976 restitutae.
1061 2911 1126 2977 Nisi
1140 2912 1227 2978 enim
1243 2913 1290 2980 in-

146 3051 152 3061 ·
253 3031 355 3084 sertus
376 3017 472 3081 suerit
487 3038 597 3108 ramas
618 3015 758 3092 oleastri,
775 3028 809 3083 et
823 3018 926 3084 socius
948 3019 1050 3085 sactus
1071 3021 1166 3086 fuerit
1188 3022 1290 3092 radici
1371 3061 1373 3086 t

253 3127 452 3218 pinguedinis
468 3125 556 3192 olivae
567 3126 593 3202 ⁸,
607 3126 768 3213 quomodo
784 3139 888 3216 potest
903 3129 1016 3195 sociari
1031 3141 1063 3194 et
1080 3131 1231 3221 conjungi
1246 3134 1290 3199 ad

252 3237 367 3311 Jacob,
382 3233 429 3301 rel
444 3233 554 3310 lsraiil,
567 3257 642 3301 cum
654 3234 721 3300 sine
735 3236 792 3302 ista
809 3239 915 3304 radice
931 3263 991 3306 uec
1002 3241 1103 3309 Jacob
1119 3242 1289 3331 quisquam

252 3346 350 3436 possit
362 3343 526 3434 appellari,
539 3367 600 3410 nec
611 3343 731 3410 Israeli
743 3345 852 3433 Neque
868 3370 943 3437 ergo
958 3371 997 3414 ex
1011 3349 1112 3416 Jacob
1124 3350 1173 3416 vel
1188 3351 1288 3420 lsrael

252 3455 363 3542 siquis
382 3466 507 3542 peccat,
522 3453 624 3520 Jacob
640 3454 703 3520 dici
722 3453 771 3521 vel
788 3455 882 3522 lsrae'l
896 3471 1002 3546 potest
1008 3483 1018 3535 ;
1039 3483 1143 3549 neque
1158 3485 1198 3527 ex
1212 3486 1288 3553 gen-
1370 3467 1371 3472 ’

252 3567 336 3631 tibus
348 3564 373 3630 si
389 3563 459 3651 quis
475 3563 632 3651 ingressus
649 3563 743 3630 suerit
757 3564 935 3633 Ecclesiam
949 3568 1090 3644 Domini,
1108 3571 1191 3636 inter
1206 3595 1288 3662 gen-

250 3689 298 3742 tes
315 3672 395 3740 ultra
408 3672 626 3761 reputabitur:
648 3699 661 3734 a
678 3675 757 3754 Quis
773 3675 974 3766 investigabit
989 3701 1097 3746 semea
1114 3677 1287 3750 Jacobi’et

250 3782 350 3869 »quis
370 3778 583 3844 dinumerabit
604 3778 731 3867 plebem
754 3781 920 3848 lsrael‘is
943 3783 1053 3851 Simile
1077 3795 1125 3850 est
1153 3785 1217 3853 hoc
1240 3786 1287 3854 illi

288 3909 384 3962 *llum
395 3924 469 3968 utri,
479 3905 567 3973 9.-²
583 3907 662 3959 llebr.
673 3925 719 3971 nn,
736 3910 811 3959 ra.-
825 3912 834 3944 ⁸
849 3914 1008 3962 Rom.1r.·-
1022 3915 1031 3947 ι
1046 3912 1122 3965 Nalm.
1136 3931 1210 3977 xxm,
1223 3932 1261 3968 ιο.
1297 3957 1300 3968 .
