2660 4610
314 295 345 335 nt
370 291 531 336 casrrcuu
555 291 758 336 csrvrrcoauu
781 292 842 340 ms.
870 289 904 332 ιι.
1055 269 1121 346 art

78 401 159 480 cum
172 415 308 480 audisset
322 397 397 501 ‘quia
413 415 584 480 Hieremias
600 415 632 478 in
648 413 753 480 lacum
768 415 881 478 missus
900 425 948 477 est
971 438 987 478 a
1007 413 1122 500 princi-

81 523 178 610 pibus
194 520 321 610 populi,
336 523 443 587 educit
458 543 532 586 eum
548 521 652 587 inde¹.
667 523 707 586 Et
723 534 800 608 puto
816 521 1040 588 inconveniens
1055 543 1120 586 non

83 631 186 696 videri
203 631 227 694 si
243 631 400 705 dicamus,
424 653 518 718 quem
534 630 692 718 principes
705 627 801 696 lsrael
813 629 1121 705 condemnaverunt,

81 740 164 802 etin
177 725 401 804 lacum'mortis
412 739 584 813 miserunt,
597 739 656 804 iste
673 736 811 825 aliegcna
823 738 1009 801 etobscnrae
1020 739 1122 825 gentis

84 845 230 910 homost
245 846 427 934 degeneris,
442 845 536 910 idest
550 845 684 934 populus
701 846 863 932 gentium,
875 841 983 908 educit
997 844 1122 909 eumde

81 951 156 1018 lacu
183 953 312 1027 mortis,
336 953 601 1017 resurrectionem
628 951 751 1016 scilicet-
771 953 839 1038 ejus
864 976 880 1016 a
901 952 1037 1016 mortuis
1057 975 1123 1020 cre-

80 1061 179 1136 dens,
197 1073 230 1124 et
252 1059 316 1124 fide
334 1085 388 1125 sua
411 1061 498 1125 hunc
517 1083 612 1146 quem
635 1059 679 1124 illi
697 1061 728 1125 in
753 1071 889 1126 mortem
905 1060 1120 1135 tradiderant,

79 1169 141 1232 iste
169 1168 209 1232 de
232 1167 362 1232 infernis
388 1179 575 1233 revocatae
596 1168 729 1232 reducit.
754 1168 864 1234 Sedet
886 1169 1051 1254 eunuchus
1069 1169 1125 1234 hic

81 1275 231 1363 AEthiops
251 1297 320 1340 esse
339 1276 473 1351 dicitur,
499 1275 595 1340 credo
612 1276 697 1362 quod
716 1275 899 1340 castraverit
919 1276 1123 1363 semetipsum

83 1395 215 1472 propter
229 1407 363 1472 regnum
379 1384 457 1458 Dei,
476 1381 522 1448 vel
537 1384 634 1449 etiam
650 1383 735 1470 quod
751 1405 858 1448 semen
881 1381 1008 1447 malitiae
1024 1384 1056 1447 in
1071 1407 1123 1447 se-

87 1493 220 1578 metipso
236 1515 300 1556 non
319 1491 444 1556 haheat.
464 1493 580 1556 Servus
601 1513 727 1578 quoque
744 1503 791 1554 est
807 1490 909 1578 regis,
926 1489 998 1577 quia
1014 1513 1122 1555 servus

89 1600 210 1686 sapiens
232 1600 367 1687 imperat
387 1597 489 1663 stultis
507 1598 662 1664 Dominis.
683 1597 913 1686 Interpretatur
928 1599 1035 1663 autem
1052 1597 1120 1663 Ab·

90 1705 259 1782 dimelech,
277 1731 384 1772 servus
406 1729 528 1794 regum.
548 1708 589 1770 Et
609 1705 681 1771 ideo
697 1707 852 1771 Dominus
867 1705 1047 1792 relinquens
1062 1730 1122 1794 po-

85 1813 198 1901 pulum
214 1813 307 1879 lsrael
322 1837 380 1902 pro
395 1813 532 1902 peccatis
546 1814 625 1888 suis,
642 1815 681 1878 ad
696 1813 878 1901 AEthiopem
894 1816 989 1879 verba
1002 1813 1120 1901 dirigit,

83 1933 118 1984 et
134 1922 174 1986 ad
189 1922 291 2009 ipsum
307 1922 405 1986 mittit
419 1921 609 2009 Prophetam
623 1933 658 1985 ¹et
673 1922 730 2009 ipsi
747 1921 844 1985 dicit:
875 1923 980 1986 «Ecce
996 1943 1055 2009 ego
1071 1921 1124 1986 ad-

83 2029 192 2093 aduco
217 2031 310 2092 verba
332 2051 403 2093 mea
422 2052 516 2116 super
533 2030 690 2093 civitatem
706 2031 798 2093 istam
814 2031 847 2093 in
864 2027 946 2094 mala
962 2042 994 2094 et
1009 2053 1073 2094 non
1089 2030 1131 2094 in'

86 2139 192 2201 »bona
208 2159 216 2199 ε
237 2148 269 2200 et
289 2135 414 2200 salvabo
433 2149 465 2199 te
483 2137 516 2200 in
531 2137 582 2200 die
598 2135 667 2211 illa,
686 2149 719 2199 et
735 2159 799 2202 non
815 2148 845 2200 tc
861 2136 945 2202 dabo
960 2137 992 2200 in
1009 2120 1121 2202 manus

84 2235 294 2318 »hominum
312 2245 367 2309 sed
382 2243 503 2310 salvans
518 2243 644 2310 salvabo
657 2243 745 2308 ιε’.»
769 2244 886 2308 Salutis
903 2257 1009 2309 antam
1028 2267 1122 2310 causa
1163 2301 1169 2316 .

85 2353 157 2417 haec
174 2365 222 2416 est
244 2353 290 2427 ei,
308 2353 380 2440 quia
403 2353 510 2417 eduxit
525 2352 715 2439 Prophetam
737 2350 885 2426 deloco,
903 2353 935 2415 id
953 2364 1019 2426 est2
1036 2353 1123 2438 quod

84 2459 150 2524 fide
158 2484 213 2524 sua
223 2483 284 2547 qua
297 2459 458 2524 Christum
468 2460 672 2523 resurrexisse
680 2459 807 2523 credita
820 2459 953 2524 mortuis
962 2509 970 2534 ‚
979 2459 1123 2524 eduxisse

82 2591 160 2633 eum
181 2591 220 2632 ex
235 2567 307 2633 lacu
324 2568 458 2631 videtur.
483 2568 586 2631 llahet
600 2589 675 2654 ergo
689 2566 823 2654 plurima
841 2567 1018 2632 testimonia
1034 2567 1121 2633 fusca

83 2677 173 2750 irasc,
194 2675 241 2740 vel
254 2677 360 2764 nigra,
377 2687 409 2740 et
424 2675 579 2748 formosa,
594 2675 629 2738 in·
647 2674 760 2760 quibus
779 2673 877 2739 libere
892 2688 982 2762 agat,
1001 2687 1123 2740 etcum

83 2783 203 2850 fiducia
219 2783 304 2849 dicat
323 2784 362 2848 ad
375 2781 454 2847 silias
468 2781 680 2856 Hierusalem,
698 2781 770 2869 quia
783 2783 870 2847 fusca
886 2807 957 2846 sum
970 2783 1098 2868 quidem
1112 2829 1121 2856 ,

86 2891 137 2958 vel
160 2893 247 2981 nigra
271 2892 353 2956 sicut
375 2889 577 2956 tabernacula
605 2889 726 2964 Cedar,
750 2890 888 2954 formosa
913 2901 1018 2959 autem
1042 2891 1125 2955 sicut

81 2999 185 3092 pelles
199 2997 388 3065 Salomonis.
411 2999 458 3062 De
479 2997 613 3086 pellibus
634 2996 812 3062 Salomonis
830 2998 983 3085 scriptum
1007 2996 1125 3086 aliquid

81 3109 215 3198 proprie
235 3129 299 3172 non
315 3107 456 3170 memini.
476 3107 557 3170 Puto
572 3090 678 3168 autem
700 3105 809 3169 referri
825 3127 916 3192 posse
935 3105 975 3171 ad
991 3104 1124 3192 gloriam

81 3219 174 3304 ejus,
191 3217 230 3280 de
246 3239 307 3303 qua
331 3213 408 3278 dicit
430 3211 591 3278 Salvator:
615 3211 723 3291 «Quia
746 3235 806 3277 nec
823 3211 978 3282 Salomon¹
990 3214 1021 3278 in
1037 3215 1126 3278 omni

85 3322 208 3413 »gloria
220 3346 276 3387 sua
292 3332 475 3409 opertusest
487 3321 568 3384 sicut
580 3340 680 3382 unum
690 3319 805 3384 horum
814 3320 836 3383 ⁸.
850 3349 862 3380 s
882 3322 1005 3386 Nomen
1018 3333 1126 3386 tamen

85 3438 194 3524 ipsum
215 3433 344 3521 pellium
371 3433 402 3496 in
432 3428 638 3496 tabernaculo
665 3432 837 3496 testimonii
861 3434 1045 3520 invenimus
1063 3433 1126 3496 sre-

80 3553 223 3630 quenter
237 3541 365 3614 referri,
383 3541 464 3605 sicut
478 3561 553 3604 cum
575 3538 670 3602 dicit:
698 3539 759 3603 «Et
781 3539 877 3604 iacies
894 3539 992 3628 pelles
1015 3563 1054 3604 ex
1072 3561 1128 3602 ca-

81 3681 97 3712 »
108 3671 241 3738 prarum
251 3647 321 3736 pilis
334 3649 568 3735 operimentum
580 3668 674 3734 super
685 3647 925 3712 tabernaculum
938 3645 1126 3722 testimonii,

80 3789 95 3820 a
108 3757 261 3822 undecim
274 3755 371 3843 pelles
383 3756 495 3830 facies,
513 3755 678 3843 longitudo
689 3753 778 3842 pollis
792 3757 884 3821 unius
896 3756 1022 3843 triginta
1040 3753 1124 3819 enbi-

122 3895 130 3928 ¹
143 3898 197 3943 Jer.
207 3909 319 3943 auvari.
334 3919 362 3928 -
377 3889 437 3942 ²ld.
453 3911 546 3956 xxxix,
566 3897 605 3954 16,
622 3909 661 3960 ¹7·
674 3917 706 3931 ·-
719 3889 728 3922 ⁸
741 3893 829 3944 Martis,
843 3910 886 3950 vr,
906 3911 946 3958 ²9·
