2706 4624
360 249 392 292 m
416 248 586 292 navrrtcuu
610 247 739 292 nourrii
764 245 826 289 xvi.
1047 218 1108 284 att

69 382 98 434 et
111 391 181 457 quae
196 369 388 434 certaminis
402 367 508 457 regula
525 367 691 440 custodiri,
704 367 780 454 quid
795 367 891 431 etium
902 374 976 451 pest
985 362 1053 428 hmc
1064 383 1111 424 re.

69 480 300 544 munerationis
316 491 477 545 mercetur
493 477 595 566 palma
617 476 782 551 vincentia,
808 477 881 564 ipaie
904 471 1109 540 nihilominus
1212 487 1220 500 “

70 588 206 675 eserieie
222 586 350 676 legibue
365 597 497 652 ctutum
517 598 574 652 est.
594 586 639 651 lte
656 597 688 651 et
703 607 790 652 nunc
803 585 1006 671 omnipotens
1025 580 1110 644 Deua

74 697 277 762 ottervmdae
298 693 378 784 legia
402 717 467 762 aum
487 695 520 760 in
542 696 604 761 hcc
625 693 899 782 mundo‘ugonem
921 687 1108 756 mortalibus

75 827 208 890 ponens,
225 816 431 892 posteaquam
448 805 578 870 tradidit
598 795 792 870 observande
816 799 1061 890 quamplurima,
1076 806 1110 864 et

76 913 151 1001 qnid
166 913 230 978 lieri
246 913 365 1000 quidve
381 936 446 978 non
462 913 531 979 lieri
547 914 673 990 debeat,
691 913 834 1002 ascripsit
854 934 862 977 ε
883 909 1109 976 convenienter

75 1021 115 1086 ad
127 1019 274 1086 dtimum
284 1023 352 1109 jam
368 1020 498 1088 levitici
513 1021 642 1097 librum,
656 1023 688 1087 in
703 1041 768 1109 quo
784 1021 824 1087 de
840 1018 969 1108 singulis
981 1018 1109 1105 quibus·

73 1153 130 1218 qne
139 1131 419 1202 nlmrvetioniltua
431 1131 638 1198 constitutum
653 1144 713 1205 eat,
726 1130 805 1218 qnid
818 1129 957 1194 muneris
967 1139 1108 1216 reportet

68 1241 118 1326 qui
134 1239 332 1328 impleverit,
347 1241 471 1327 etquid
487 1261 589 1328 pmnae
603 1241 715 1306 rubent
731 1239 786 1327 qui
802 1259 866 1304 non
881 1237 1107 1310 observaverit,

69 1350 219 1415 enuntiet.
235 1348 304 1415 Sed
315 1349 342 1413 ei
355 1347 418 1424 lex,
429 1349 606 1416 secundum
622 1348 709 1436 quod
721 1347 741 1412 J
743 1347 825 1412 udaei
838 1345 948 1415 volunt
962 1357 995 1410 et
1007 1345 1040 1410 hi
1050 1345 1106 1431 qui

71 1481 177 1522 eornm
191 1481 293 1524 remu
308 1457 490 1546 Scriptnrea
501 1457 721 1548 intelligendae
736 1468 863 1547 putant,
874 1477 939 1520 nen
951 1467 1000 1521 eat
1013 1455 1107 1542 epiri·

71 1563 173 1639 melis,
185 1566 240 1630 red
257 1562 405 1638 carnalis,
425 1566 558 1632 dubium
573 1588 637 1631 nen
653 1578 702 1630 ert
717 1566 794 1652 quin
812 1565 977 1630 observate
993 1585 1106 1628 carne-

69 1673 140 1740 liter
154 1665 396 1742 benedictiones
414 1665 541 1762 duoque
555 1675 697 1744 carnales
713 1675 953 1741 observantibus
971 1673 1102 1738 tribuat.

66 1783 99 1850 Si
112 1806 185 1850 rere
201 1785 259 1868 (ut
272 1782 374 1850 Paulo
385 1784 511 1849 videtur
525 1783 695 1873 Apostolo)
714 1782 763 1848 lex
777 1782 947 1872 tpirituulia
960 1795 1022 1858 cet,
1037 1781 1105 1847 aine

64 1893 163 1958 dubio
172 1905 207 1957 et
218 1890 429 1983 spiritualiter
441 1893 636 1958 observanda
649 1905 710 1968 eet,
721 1903 754 1957 et
768 1890 937 1980 spiritualia
948 1913 987 1957 ex
1001 1914 1038 1961 et
1050 1892 1104 1956 lte·

63 2001 288 2066 nedietionum
297 2000 452 2089 aperende
466 2002 679 2068 remuneratio
681 2046 761 2066 ......

108 2108 178 2174 Sed
201 2110 362 2176 videamur
384 2109 494 2176 nunc*
517 2111 549 2176 in
575 2110 715 2178 levitico
737 2110 996 2177 benedictionum
1018 2113 1104 2199 quod

68 2219 112 2284 eit
123 2217 292 2282 exordium
303 2241 312 2283 t
324 2243 335 2279 a
348 2218 395 2293 Si,
408 2219 531 2304 inquit,
547 2220 578 2284 in
590 2219 756 2308 preceptis
767 2220 845 2284 meis
855 2217 1103 2295 ambulaveritis,

69 2357 85 2390 a
99 2338 136 2392 et
156 2325 302 2392 mandrita
318 2349 386 2393 mee
409 2327 622 2394 custodieritis
637 2341 670 2394 et
683 2328 821 2395 feceritis
835 2326 904 2393 ω’.
920 2327 1015 2392 rTrie
1030 2337 1105 2393 runt

67 2461 142 2525 qum
149 2437 248 2502 dicit:
258 2437 289 2502 in
298 2437 463 2526 preceptis
476 2437 718 2513 ambulandum,
727 2438 875 2503 mundata
886 2435 1104 2512 custodienda,

63 2557 97 2612 et
107 2543 257 2610 facienda
272 2567 343 2631 que
358 2545 505 2610 mandata
521 2557 605 2612 cunt.
626 2545 715 2610 Unde
732 2545 856 2610 videtur
871 2545 949 2612 mihi
964 2567 1105 2634 precep-
1139 2583 1147 2596 ·

65 2667 134 2720 tum
149 2677 235 2727 esee,
260 2653 346 2718 verbi
365 2653 476 2742 gratia,
498 2675 571 2720 cum
592 2655 722 2741 jubetur
742 2665 776 2718 ut
794 2651 847 2719 ille
862 2654 915 2741 qui
937 2655 1104 2720 utbbotum

65 2787 130 2830 non
144 2761 285 2829 certavit
304 2764 344 2826 ab
362 2763 448 2828 omni
463 2783 622 2852 synagoga
638 2760 806 2850 lapidetur,
825 2774 881 2827 aut
901 2763 955 2849 qui
971 2760 1103 2828 meledi-

63 2874 108 2938 xit
119 2873 299 2938 &minum
313 2883 347 2934 nt
360 2869 516 2960 lapidibut
528 2871 714 2960 perimatur,
726 2871 794 2936 etsi
810 2893 871 2959 que
883 2872 1035 2958 jubentur
1045 2867 1103 2938 ltu-¹

63 2979 228 3066 immodi3
247 2978 394 3043 mundata
413 3001 487 3044 rere
503 3001 583 3054 esee,
600 2979 714 3067 quihus
729 2980 872 3067 jubetur,
892 2981 979 3045 verbi
994 3003 1102 3056 muer,
1185 2965 1196 2976 ’

60 3091 208 3156 decium
227 3086 336 3156 offerri
358 3087 486 3163 Levitis,
502 3086 552 3152 vel
566 3099 615 3154 ter
630 3089 662 3154 in
678 3111 762 3154 anno
777 3111 929 3177 apparere
953 3090 1103 3165 Domino,

56 3198 109 3266 vel
127 3221 197 3264 non
213 3219 368 3284 apparere
384 3219 519 3262 vacuum
537 3197 568 3262 in
584 3209 757 3285 conspeetu
779 3197 918 3264 Domini.
939 3197 1105 3263 Custodirc

58 3321 111 3374 eet
124 3330 205 3397 ergo
221 3306 421 3380 mundatum,
437 3303 612 3394 intelligere
623 3305 673 3371 vel
684 3307 847 3372 advertere
858 3329 929 3392 qum
939 3307 1101 3394 jubentur.

62 3415 184 3482 Fecere
201 3427 311 3482 autem
330 3415 531 3490 mandatum,
552 3427 601 3480 eat
618 3414 750 3503 implere
771 3437 841 3502 quae
860 3417 1023 3502 jubentur.
1052 3415 1105 3484 Sic

60 3549 143 3614 ergo
156 3524 400 3614 intelligendum
417 3537 495 3612 pute
510 3527 596 3612 quod
613 3526 691 3591 dixit
703 3549 711 3590 ε
725 3553 737 3586 r
749 3526 782 3592 Si
799 3527 830 3591 in
847 3529 1012 3616 preceptis
1027 3530 1105 3594 mein

59 3633 346 3708 »ambulaveritim
364 3643 397 3698 et
413 3633 562 3700 mandute
578 3656 647 3699 meu
671 3635 894 3711 custodieritis,
914 3648 946 3700 et
971 3635 1107 3704 feceritis

91 3795 145 3845 'll-
163 3797 223 3858 ιμ’),
237 3796 263 3855 d,
276 3799 300 3856 5,
313 3797 337 3856 6,
353 3813 377 3860 7.
390 3813 417 3861 p.
433 3795 478 3853 atil
490 3797 521 3844 ad
537 3797 591 3859 ²69.

90 3867 203 3920 1Ιιενίῐ.
216 3885 287 3926 rur,
298 3868 322 3916 3.
