2748 4596
234 201 276 266 86
680 177 825 268 oniensis

230 365 316 412 mum
327 368 432 414 meum
443 394 453 421 ,
466 357 498 410 et
513 365 663 433 capacem
676 366 749 411 eum
764 365 829 410 suae
844 343 1004 432 sapientie
1016 354 1052 408 et
1068 341 1235 418 seientia,
1248 352 1281 406 et

229 435 327 520 totius
342 453 517 520 sanctitatis
527 451 687 528 efficeret,
705 453 864 519 intantum
876 463 911 516 ιιι
924 450 1021 516 otium
1034 449 1157 516 taceret
1169 449 1279 514 Deum
1358 455 1359 470 ¹

228 571 352 649 putrem
368 581 478 626 seeum
493 559 632 635 intrare,
648 570 681 624 et
698 559 732 624 in
747 583 784 625 ea
798 559 903 625 faeere
918 558 1139 632 mansionem,
1155 567 1193 620 et
1208 578 1281 620 οω-

228 691 306 733 nure
327 667 423 733 etiam
438 667 522 755 apud
542 665 639 733 talem
655 667 793 734 animum
814 667 903 732 cibos
927 688 1007 754 quos
1031 665 1100 753 ipse
1123 664 1276 729 donaret.

231 775 328 855 Quod
354 785 389 841 ut
412 775 563 863 consequi
583 797 776 852 mereamur,
800 795 1015 863 preparemus
1037 773 1072 837 in
1099 772 1199 838 nohis
1222 794 1281 836 eor

228 883 386 951 mundum
411 907 475 972 quo
496 881 633 959 libenter
653 895 686 948 et
706 894 794 972 grate
816 884 973 951 Dominus
995 881 1088 948 Jesus
1110 881 1280 946 mundum

229 988 334 1055 oordis
348 989 446 1054 nostri
460 988 592 1053 introire
608 986 758 1076 ‘dignetur
772 987 946 1082 hospitium
960 1010 970 1052 ι
984 987 1036 1054 oui
1055 997 1106 1052 est
1121 983 1230 1074 gloria
1248 998 1280 1050 et

229 1091 398 1182 imperium
413 1091 447 1157 in
457 1089 572 1158 secula
583 1090 783 1162 suedorum.
801 1091 916 1169 Amen.

230 1368 1281 1403 mmmwmfflmmmm

389 1563 584 1650 HOMIUA
609 1563 754 1634 SEXTA
777 1563 835 1633 ET
859 1563 1077 1636 VICESIMA
1091 1562 1118 1636 ².
1356 1477 1359 1622 i

232 1798 277 1854 De
292 1792 426 1872 eoquod
447 1791 573 1872 sepulte
588 1804 657 1853 sunt
672 1793 797 1873 petrino
813 1791 988 1868 muobaerae,
1011 1804 1042 1853 et
1056 1794 1094 1853 de
1109 1812 1165 1853 ara
1185 1815 1280 1876 quam

273 1901 469 1964 extruxerunt
490 1891 557 1964 duur
580 1903 610 1964 et
628 1895 718 1955 semis
742 1893 853 1966 tribus,
877 1911 945 1970 quae
969 1902 1038 1954 suut
1055 1904 1142 1954 trans
1169 1896 1280 1957 Jorda-

275 2009 346 2052 nem
359 1989 382 2048 ².
535 1992 538 1997 ’

277 2203 302 2268 i.
317 2203 354 2270 Ιιι
365 2203 579 2294 superioribus
590 2205 719 2294 quidem
731 2205 853 2273 dictum
865 2217 930 2285 est,
948 2205 1021 2293 quin
1037 2205 1094 2272 filii
1112 2207 1219 2276 Israel
1232 2211 1283 2276 de-

234 2307 351 2374 derunt
361 2321 480 2375 sortem
494 2306 571 2376 «issu
582 2310 615 2375 in
627 2321 736 2377 monte
749 2309 887 2388 Effrem,
906 2311 1023 2399 etquis
1039 2324 1181 2402 accepta
1199 2327 1283 2380 sorte

236 2533 342 2588 entem
358 2522 470 2589 eedem
485 2523 592 2600 denuo
613 2523 728 2612 repetit
743 2523 923 2612 Scriptura,
942 2532 979 2588 ut
997 2522 1094 2588 addat
1112 2522 1184 2591 hoc
1202 2525 1286 2616 quod

235 2629 410 2696 muehaerns
420 2630 577 2718 petrinas,
595 2630 629 2695 id
642 2642 709 2707 est,
722 2628 842 2696 cultros
856 2653 875 2696 e
890 2652 964 2696 sexo
976 2631 1092 2718 quihus
1110 2631 1287 2700 circumci-

237 2721 288 2801 dit'
301 2734 393 2800 Jesus
409 2731 491 2799 filios
506 2732 602 2800 lsrael
617 2733 652 2800 in
672 2755 799 2811 eremo,
818 2733 1031 2800 recondiderit
1045 2735 1079 2799 in
1095 2757 1138 2800 ea
1158 2739 1288 2805 civitate

237 2864 334 2931 quam
350 2841 577 2918 aediiiearerat,
593 2853 626 2906 et
639 2841 673 2906 in
685 2865 749 2930 qua
762 2840 937 2907 habitabat.
958 2841 1047 2907 Unde
1060 2841 1174 2908 denuo
1186 2859 1224 2910 et
1236 2869 1289 2911 no-

238 2949 286 3014 bis
302 2948 470 3037 repetenda
483 2949 637 3036 expositio
648 2958 716 3024 ost,
732 2960 768 3013 et
779 2949 865 3037 quod
877 2947 1037 3036 adjectum
1048 2960 1097 3013 est
1113 2951 1289 3040 explanan-

246 3057 337 3133 dum,
352 3068 385 3121 ut
400 3057 469 3121 Deo
487 3055 626 3121 donante
642 3077 751 3121 sensus
773 3056 945 3144 Scripturse
962 3055 1085 3144 integer
1104 3058 1286 3146 expientur.

241 3163 382 3229 Diximus
398 3165 483 3230 enim
498 3163 531 3229 in
544 3163 778 3253 superioribus,
795 3162 868 3250 quia
883 3173 916 3227 et
930 3162 1086 3229 Dominus
1099 3177 1223 3233 noster
1236 3169 1289 3234 Je-

242 3295 294 3336 sus
310 3271 454 3338 Christus
468 3282 589 3361 petato
611 3271 702 3337 nohis
717 3269 826 3336 locum
842 3291 938 3358 quem
953 3269 1109 3347 edificet,
1124 3284 1159 3338 et
1176 3275 1214 3342 in
1230 3299 1291 3365 quo
1358 3261 1359 3304 ³

243 3377 383 3444 habitet:
396 3390 429 3443 et
439 3379 513 3467 quiu
522 3378 676 3445 debemus
687 3376 764 3444 tales
773 3377 874 3454 effici,
887 3389 954 3443 tam
965 3377 1078 3444 mundi
1090 3380 1198 3447 corde
1209 3396 1292 3459 ,tam

243 3481 401 3573 simplioes
426 3496 552 3562 mente,
568 3497 633 3552 tem
658 3486 756 3552 saneti
781 3507 914 3574 corpore
931 3497 964 3552 et
987 3485 1121 3575 spiritu,
1141 3501 1182 3553 ut
1206 3493 1293 3556 etin

245 3591 350 3659 anima
368 3600 476 3672 nostro
492 3590 600 3658 locum
618 3591 766 3683 dignetur
780 3593 943 3683 occipere,
967 3605 1001 3668 et
1014 3591 1177 3664 aedifieere
1198 3621 1295 3672 ιιιιιιι.
1358 3651 1359 3660 ,

281 3719 291 3750 ¹
302 3723 373 3770 Tom.
386 3735 423 3784 ιι,
436 3735 508 3786 pagg.
522 3715 589 3796 455·
599 3716 658 3789 457.

281 3805 355 3860 iios.
367 3826 432 3860 xxu.
