2706 4624
302 279 782 468 :octennis
1091 509 1095 517 ἱ

156 641 286 816 ΙΝ
355 635 972 816 NUMEROS

424 941 700 1059 notium.

75 1227 1078 1271 »mu-»wmn-»hmddmmuffld

143 1437 416 1514 PROLOGUS
439 1437 626 1511 RUFlNl
652 1436 1015 1541 tumuttnflss‘rts·

406 1657 460 1712 AD
487 1655 762 1713 Uttsitcmtttc*

373 1824 763 1879 ...ζ-θος...-

112 2014 147 2069 Ut
158 2009 245 2070 rubis
262 2009 329 2082 tibi,
351 2010 450 2080 irater,
464 2008 542 2068 beati
562 2011 698 2088 martyris
717 2011 829 2089 loquar,
849 2010 918 2068 bene
932 2012 1077 2079 admones,

84 2102 179 2155 Donate
188 2101 352 2158 etamsime.
364 2101 437 2157 Nnm
449 2109 478 2156 et
491 2098 655 2175 promisisse
669 2118 714 2156 me
726 2099 851 2169 memini,
862 2110 909 2171 ut,
919 2098 942 2156 si
950 2117 1015 2176 quae
1024 2098 1081 2156 sint

89 2185 227 2244 maurentii
236 2191 302 2246 senis
315 2189 346 2246 in
361 2188 452 2266 legem
464 2188 560 2264 Moysi
574 2187 649 2246 dicta
662 2189 837 2266 colligerem,
849 2201 934 2266 atque
945 2208 979 2247 ea
991 2189 1080 2248 latino

95 2291 208 2331 sermone
224 2279 316 2336 nostris
336 2277 458 2357 legenda
481 2279 672 2336 transferrem.
693 2279 749 2337 Sed
770 2276 916 2338 reddenda
937 2278 1082 2356 pollicita-

96 2360 157 2417 tioni
166 2381 214 2420 non
225 2368 427 2444 tempestivum,
441 2379 473 2424 ut
485 2368 532 2426 ille
545 2367 599 2436 ait,
612 2366 662 2424 sed
676 2379 900 2446 tempestuosum
912 2364 997 2424 uobis
1010 2377 1082 2423 tem·

87 2469 136 2528 pus
146 2471 177 2510 rc
188 2453 320 2515 turbidum
331 2457 398 2515 tuit.
417 2457 491 2531 Quis
502 2457 579 2515 enim
595 2455 636 2515 ibi
648 2456 722 2532 stylo
736 2457 817 2515 locus
830 2469 887 2530 est,
899 2454 950 2513 ubi
966 2455 1082 2514 hostilio
1112 2527 1115 2533 Ι

80 2541 128 2600 teia
146 2557 309 2621 metuuntur,
324 2547 376 2606 ubi
395 2548 425 2606 in
439 2548 530 2606 oculis
547 2559 590 2606 est
605 2546 722 2606 urbium
736 2566 933 2626 agrorumque
946 2545 1081 2618 vastatio,

74 2627 119 2688 ubi
136 2631 236 2709 fugitur
251 2655 307 2713 per
327 2637 438 2694 marina
455 2637 634 2709 discrimina,
654 2648 684 2694 et
703 2656 740 2694 ne
757 2638 820 2715 ipsa
840 2634 958 2714 quidem
972 2633 1082 2711 absque

72 2733 137 2778 metu
151 2721 298 2783 habentur
313 2726 418 2785 exilia?
440 2731 473 2786 Iu
497 2739 652 2805 conspectu
671 2728 790 2800 etenim,
812 2739 842 2785 ut
861 2724 981 2784 videbas
996 2725 1082 2782 etiam

71 2809 129 2890 ipse,
146 2827 246 2874 nostro
271 2815 430 2889 Barbarus,
448 2818 498 2894 qui
519 2818 629 2896 Regino
650 2817 759 2896 oppido
781 2815 916 2876 miscebat
935 2815 1082 2888 incendia,

66 2907 259 2979 angustissimo
277 2927 293 2964 a
314 2905 399 2964 nobis
416 2905 504 2983 freto,
518 2906 570 2965 ubi
589 2907 679 2965 Italiae
698 2907 790 2966 solum
811 2907 907 2966 Siculo
926 2905 1080 2978 dirimitur,

66 2993 210 3054 arcebatur.
226 3002 268 3055 In
278 2996 323 3056 his
337 3017 407 3076 ergo
422 2999 528 3076 posito,
541 3019 605 3076 quae
621 3019 682 3057 esse
694 2999 730 3057 ad
748 2998 930 3057 scribendum
944 2999 1082 3057 securitas

66 3086 155 3158 punt,
170 3099 200 3144 et
214 3086 369 3165 praecipue
382 3086 419 3144 ad
429 3088 692 3165 interpretandum,
705 3087 757 3144 nbi
766 3107 826 3146 nou
835 3087 875 3144 ita
887 3088 1022 3165 proprios
1033 3106 1081 3145 et-

64 3175 147 3250 pedire
162 3197 289 3248 sensus,
305 3189 337 3236 ut
350 3178 457 3239 alienos
468 3189 568 3258 optare
583 3179 777 3258 proponitur?
793 3183 901 3236 Tamen
911 3178 935 3234 si
946 3197 1010 3255 quse
1022 3195 1081 3234 nox

63 3267 152 3326 oinos
173 3269 300 3326 minore
314 3279 391 3324 metu
405 3267 515 3327 hostilis
535 3271 677 3326 concussit
696 3268 812 3340 excidii,
832 3280 861 3327 et
873 3266 963 3327 breve
981 3266 1081 3326 saltem

66 3349 222 3415 umbrandi
246 3355 343 3414 otium
361 3355 456 3428 dedit,
470 3357 550 3435 quasi
569 3357 605 3415 nd
621 3357 746 3414 solamen
764 3357 921 3428 maiorum,
937 3357 1081 3416 levandae-

71 3447 373 3527 qnperegriuationis
396 3448 502 3525 gratia,
523 3467 711 3526 quaecumque
728 3448 756 3504 in
774 3451 966 3507 Numerorum
991 3447 1083 3520 libro,

71 3533 117 3591 tite
125 3537 298 3598 tomitetico
314 3537 405 3615 styio,
417 3539 478 3598 sive
490 3539 575 3598 etiam
588 3557 624 3596 ex
636 3537 681 3597 his
700 3558 764 3616 quae
779 3541 922 3616 Excerpte
933 3537 1083 3616 appelian-

70 3632 105 3681 tur
119 3631 230 3709 scripta
255 3627 431 3720 reperimus,
452 3627 528 3701 haec,
550 3639 724 3706 perurgente
749 3640 792 3699 te,
811 3631 956 3696 Romana,
976 3638 1009 3683 ut
1025 3643 1082 3704 po-

66 3712 162 3788 tuimus,
173 3735 259 3776 voce
276 3735 314 3774 ex
327 3715 447 3774 diversis
464 3717 494 3774 in
512 3736 600 3776 unum
619 3715 749 3790 ordinem
768 3715 886 3774 collecta
903 3715 1083 3792 digessimus,

63 3811 207 3886 tequoque
223 3807 294 3886 ipso
308 3805 337 3864 iu
349 3807 568 3886 quamplurimis
579 3806 714 3886 juvante,
726 3806 842 3878 Urseci,
856 3816 986 3864 nostrum
1000 3803 1085 3862 labo-

63 3913 122 3969 rem,
133 3899 207 3958 dum
223 3898 316 3957 nimis
330 3898 466 3976 cupidus,
482 3898 596 3978 pueruli
607 3898 713 3956 notarii
731 3898 843 3956 tardum
863 3908 947 3976 putus
959 3913 1020 3953 esse
1031 3893 1085 3953 mi·
1195 3900 1198 3907 '

84 4005 169 4059 ίΤοιιιι
187 4009 234 4068 ΙΙ,
249 4026 273 4074 p.
292 4011 335 4078 ²7⁵
349 4018 454 4076 etueqq.
