2682 4594
207 223 271 286 abo
657 245 797 296 onteams

209 371 272 436 dno
290 371 336 437 vel
356 383 420 437 tres
444 371 567 448 dicant,
589 385 621 437 et
633 373 739 438 caeteri
750 373 931 438 examinent
943 394 953 435 τ
966 382 999 435 et
1015 371 1041 435 si
1057 367 1178 435 sedenti
1191 389 1237 432 re·

208 479 346 546 velatum
362 480 474 555 suerit,
491 480 577 568 prior
591 490 713 554 taccat.
727 491 761 544 ut
776 479 883 569 piures
896 478 974 544 fiant
989 477 1125 566 operarii
1137 476 1240 540 incon·

208 585 349 652 susibiics
370 599 456 653 reete
474 599 641 653 tractantes
658 589 789 652 verbum
808 587 967 663 veritatis,
985 597 1020 650 ut
1037 585 1122 650 dicat
1147 605 1239 646 unus-

211 696 343 782 quisqne
359 695 528 760 doctorum
542 707 574 760 et
589 695 830 783 praedicantium
846 695 980 760 verbum
995 693 1053 757 Dei
1070 689 1239 756 seeundum

211 802 345 869 Paulum
360 825 367 866 :
385 831 397 862 a
410 804 477 892 Ego
484 802 621 892 plantavi
634 854 643 878 ,
657 816 684 867 et
698 802 750 867 itte
759 803 871 892 rigavit
882 852 891 877 ‚
904 800 960 866 sed
975 801 1061 866 Deus
1073 800 1241 863 incremen-

214 922 306 975 atum
323 910 467 976 dedit¹.»
484 911 557 977 Haeo
574 921 678 976 autem
696 910 793 985 fient,
810 910 835 974 si
848 933 905 974 nos
920 909 974 996 qui
993 910 1134 997 rigamur
1154 929 1171 971 a
1188 927 1241 969 nu-

215 1015 308 1090 bibus
336 1027 370 1079 et
392 1015 568 1080 audirimus
590 1016 722 1081 verbum
747 1015 823 1090 Dei,
840 1014 1009 1080 offeramus
1037 1012 1159 1076 fruetus
1182 1008 1242 1074 ilios
1324 1077 1325 1084 χ

215 1147 295 1212 qnos
315 1135 479 1188 enumerat
493 1121 687 1214 {Apostolum
714 1123 745 1187 id
767 1135 834 1198 cst,
858 1122 1007 1187 «fructus
1029 1120 1179 1208 spiritus,
1200 1116 1244 1202 qai

216 1243 306 1298 »artat
317 1230 488 1318 gaudium,
505 1231 660 1308 charitas,
676 1253 756 1318 pax,
773 1229 941 1318 patientia,
958 1224 1237 1316 longanimitas²,»

215 1349 248 1404 et
264 1351 376 1405 caetera
389 1337 437 1403 bis
449 1336 570 1404 similia.
591 1340 679 1418 Quos
692 1338 813 1402 tinctus
830 1337 1035 1401 siamoramur
1046 1334 1182 1409 afferre,
1197 1356 1244 1397 ve-

213 1447 349 1512 rendum
365 1458 412 1511 est
428 1469 467 1510 no
479 1447 649 1512 mandetur
661 1447 800 1511 nubibus
814 1446 978 1510 obstruere
994 1468 1012 1509 a
1028 1443 1121 1508 nobis
1137 1443 1244 1506 imbres

215 1579 304 1631 anos,
322 1567 353 1619 et
369 1555 499 1643 incipiat
513 1555 726 1643 unusquisque
742 1565 925 1620 sanctorum
941 1551 1046 1617 iacere
1068 1548 1147 1615 iilud
1165 1548 1242 1636 quod

216 1664 369 1751 seriptum
385 1675 451 1728 est:
471 1662 559 1743 «Qui
572 1674 677 1728 autem
693 1659 838 1748 intelligit
853 1661 885 1724 in
902 1671 1046 1746 tempore
1062 1655 1116 1722 illo
1133 1656 1247 1721 sedebit

219 1780 271 1831 »et
288 1767 423 1840 tacebit,
435 1766 508 1852 quia
525 1778 650 1854 tempus
666 1763 786 1830 maium
797 1763 879 1830 est⁸.
894 1792 907 1825 a
922 1763 987 1828 Sed
1001 1761 1182 1826 meminisse
1196 1760 1247 1824 de-

219 1876 332 1939 bemus
352 1872 490 1938 historiae
513 1874 778 1962 antiquorumde
797 1875 889 1940 samis
909 1885 1073 1962 tempore,
1097 1869 1248 1959 quomodo

222 1982 325 2069 justus
343 1981 376 2045 in
391 1993 535 2070 tempore
546 1983 635 2047 samis
649 1993 818 2048 saturatur.
836 1983 1044 2048 Conveniens
1063 1992 1135 2070 puto
1154 1978 1246 2042 sames

223 2099 292 2154 crat
303 2090 500 2177 temporibus
515 2089 590 2154 Eliae
607 2090 787 2178 prophetas,
805 2089 933 2177 quando
956 2086 1097 2154 clausum
1116 2096 1161 2151 est
1181 2105 1246 2148 ete-

223 2195 290 2260 inm
304 2197 392 2262 annis
410 2197 549 2262 tribnset
560 2199 720 2263 mensibus
736 2198 820 2265 sox‘.
839 2199 879 2263 Et
896 2210 973 2262 tnnc
987 2193 1251 2286 populusquidem

221 2301 462 2392 periclitabatur
482 2304 584 2382 same,
609 2307 664 2370 sed
682 2304 766 2371 Elias
790 2329 854 2370 non
878 2305 1058 2394 patiebatur
1078 2304 1204 2368 samem.
1218 2303 1252 2366 Et

221 2423 301 2477 tunc
316 2411 444 2498 quidem
458 2413 648 2500 pascebatur
661 2414 699 2478 ab
715 2411 835 2501 Angelo
846 2462 854 2487 ,
867 2411 996 2498 quando
1007 2423 1040 2476 et
1052 2411 1129 2476 abiit
1148 2411 1180 2474 in
1198 2408 1255 2474 vir

225 2529 294 2583 tute
308 2541 389 2584 escae
404 2517 503 2596 illius,
520 2531 552 2583 ct
571 2521 743 2608 permansit
765 2519 973 2608 quadraginta
988 2520 1100 2584 diebus
1124 2531 1157 2582 et
1184 2541 1256 2605 qua-

227 2625 369 2714 draginta
403 2625 598 2694 noctibus⁶:
627 2651 713 2693 nuno
746 2639 852 2694 autern
880 2627 981 2692 corvis
1010 2625 1256 2691 ministrantibus

162 2811 163 2814 Ἴ
226 2736 434 2823 pascebatur,
452 2758 526 2799 cum
541 2737 571 2800 ei
586 2736 617 2799 in
633 2735 788 2802 matutino
801 2735 898 2824 panos
915 2733 1074 2799 deferrent
1091 2746 1124 2798 et
1141 2734 1182 2799 ad
1196 2756 1258 2797 ree-

226 2865 340 2930 pcrum
352 2864 480 2918 earnes,
498 2854 529 2907 et
546 2844 660 2907 itormn
669 2843 1055 2929 referturbibisseaquam
1066 2842 1107 2906 de
1123 2852 1259 2906 torrente

231 2949 369 3026 Corath,
385 2962 417 3014 et
431 2951 550 3014 venisse
565 2951 597 3017 in
613 2951 743 3039 Sarepta
756 2951 960 3017 Sidoniorum
975 2950 1014 3016 od
1033 2948 1204 3016 mulierem
1223 2949 1261 3014 ri-

230 3059 325 3124 duam
348 3058 436 3122 famis
452 3069 614 3145 tempore,
630 3070 662 3120 ct
678 3059 751 3146 quia
768 3060 868 3144 justus
887 3069 973 3132 erat,
997 3080 1062 3122 non
1085 3071 1135 3122 est
1158 3079 1262 3146 passos

229 3165 367 3230 inediam
381 3165 490 3241 samis,
507 3167 562 3230 sed
577 3161 695 3254 ubique
715 3166 742 3230 ei
759 3165 951 3231 abundantio
968 3177 1084 3254 praesto
1099 3179 1169 3230 erat
1180 3167 1191 3199 ⁸
1204 3177 1264 3230 :at-
1324 3231 1325 3252 χ

231 3297 293 3362 que
305 3298 370 3339 uno
384 3274 714 3362 eodemquetempore
726 3286 793 3338 erat
808 3275 1029 3361 peccatoribus
1042 3274 1142 3342 fames
1160 3298 1169 3338 ε
1187 3273 1265 3339 Elias

233 3394 337 3448 autem
355 3381 428 3468 quia
440 3382 541 3467 justus
553 3394 639 3458 erat,
658 3382 818 3447 nesciebat
830 3381 956 3447 famem.
972 3382 1025 3447 Sic
1042 3405 1120 3470 ergo
1136 3380 1268 3446 etiamsi
1323 3415 1325 3474 4

234 3490 333 3554 sames
345 3487 449 3552 veniat
461 3486 646 3574 aliquando,
664 3489 750 3575 quod
764 3489 920 3554 Dominus
936 3511 999 3553 non
1015 3501 1142 3577 praestet
1158 3486 1271 3554 Eccle·
1323 3489 1325 3604 1

234 3597 286 3659 siae
300 3617 363 3658 suae
374 3643 383 3670 ,
396 3593 420 3658 si
437 3596 563 3682 quando
575 3606 680 3662 tamen
693 3595 833 3670 accidat,
846 3596 900 3683 qui
913 3595 1010 3660 habet
1024 3595 1228 3661 intellectum
1243 3607 1273 3658 et
1324 3625 1325 3652 t

272 3757 379 3808 1ιίῖυτ.
401 3775 445 3820 ru,
460 3755 631 3808 6.—²Gaiat.
649 3776 676 3820 v,
691 3776 732 3808 aa.
744 3786 777 3796 -
788 3759 798 3792 ⁸
811 3761 893 3806 Amos.
907 3752 989 3825 gisb.
1001 3753 1054 3794 —⁴
1071 3759 1149 3824 anag
1167 3774 1238 3809 ινα.
1250 3781 1274 3791 -

237 3849 295 3906 ⁸1¹¹·
309 3868 362 3906 aaa.
414 3847 469 3900 ibt.
483 3867 544 3905 xvia.
