2644 4612
187 213 254 275 510
635 223 778 272 barontus

187 348 383 439 expositione
391 349 553 436 praesentis
564 344 709 412 versiculi
718 345 876 412 incumbit
888 345 1103 439 ,conveniens
1112 343 1246 413 videtur

186 481 226 523 ex
238 456 409 545 Scripturis
417 454 529 521 divinia
537 477 729 542 congregare
743 477 803 542 pro
812 453 1030 542 viribus‚quae
1045 455 1086 520 de
1096 455 1154 520 bis
1172 456 1244 520 ani·

189 563 326 632 malibus
335 561 527 638 reseruntur,
535 562 574 628 de
583 561 699 650 quibus
707 561 793 627 idem
801 560 939 649 Moyses,
950 561 1245 628 cumdecarnibus

191 659 374 758 loqueretur
388 691 460 758 quae
472 668 504 736 in
517 669 603 736 omni
619 668 776 734 desiderio
787 669 900 734 animae
911 668 1168 734 comederentur
1180 691 1244 734 non

193 777 305 846 oblatae
318 779 359 844 ad
373 776 469 844 altare
480 827 490 854 ,
503 777 585 843 sieut
599 797 733 864 caprea,
746 776 868 863 inquit,
881 786 914 840 et
927 797 1051 842 cervus.
1062 775 1244 864 Egregium

194 911 268 953 vero
283 887 360 974 quid
375 909 472 952 xxvur
484 883 644 974 psalmus,
659 883 711 948 ubi
727 883 768 948 de
787 883 955 948 virtutibus
975 893 1008 947 et
1022 882 1177 949 efficacia
1196 907 1244 948 ro·

191 997 238 1064 cis
250 996 309 1062 Dei
321 1018 378 1082 per
390 994 539 1062 ordinem
546 992 676 1088 scribit,
690 992 730 1057 de
742 1013 837 1058 cervo
847 993 911 1058 boc
920 993 1019 1059 modo
1032 992 1117 1058 dicit
1132 991 1243 1058 :aVax

194 1103 541 1192 »Dominiperlicientis
549 1125 660 1169 cervos
670 1101 680 1135 ¹
691 1102 764 1176 ,rid
771 1101 1004 1189 est,perlectos
1011 1101 1167 1168 facientis
1178 1126 1240 1168 oer-

195 1235 270 1288 vos,
291 1241 303 1274 a
324 1224 355 1276 et
378 1210 529 1278 revelabit
545 1210 718 1276 condensa.
737 1237 751 1271 ι
767 1210 857 1275 Sicut
869 1210 957 1275 enim
974 1233 1036 1274 vox
1046 1211 1183 1276 Domini
1201 1211 1240 1276 in

194 1320 350 1388 tercider'e
372 1319 488 1385 dicitur
503 1317 664 1384 flammam
685 1317 785 1405 ignis,
806 1329 838 1382 et
857 1329 1029 1382 concutere
1053 1317 1233 1394 desertum,

139 1412 143 1424 ’
172 1491 175 1498 ,
195 1430 239 1496 ita
254 1428 409 1518 perficere
428 1449 538 1492 cervos
559 1448 596 1491 ac
613 1422 753 1490 revelare
768 1424 929 1490 condensa
947 1437 1162 1492 memoratur.
1177 1427 1231 1492 Sed

195 1549 227 1602 et
243 1537 276 1601 in
293 1537 356 1601 lob
373 1535 412 1600 de
433 1555 527 1599 cervo
546 1533 591 1598 ita
609 1532 786 1598 invenimus
804 1531 932 1608 referri,
950 1533 1006 1597 ubi
1026 1533 1180 1598 Dominus
1194 1534 1229 1599 ad

195 1645 258 1710 Job
274 1667 332 1732 per
347 1643 508 1708 turbinem
523 1638 658 1727 loquens
672 1651 706 1706 et
720 1642 841 1706 nubem
856 1640 900 1705 ait
913 1662 921 1704 ε
933 1669 946 1701 ι
959 1639 1030 1706 'Aut
1045 1664 1125 1730 ergo
1137 1643 1232 1707 obser

198 1753 298 1819 »vasti
313 1763 423 1840 partus
441 1771 632 1824 ceramum,
648 1760 703 1814 aut
717 1748 891 1814 numerasti
905 1771 1035 1814 menses
1051 1772 1161 1816 eorm
1172 1749 1231 1838 ple

201 1883 282 1926 anos
293 1859 333 1924 ad
347 1869 496 1946 partum,
509 1855 635 1921 dolores
647 1868 754 1922 autem
765 1878 878 1920 eorum
894 1853 1015 1921 solvisti
1026 1906 1036 1928 .
1049 1871 1100 1922 aut
1111 1857 1225 1922 nutristi

201 1989 331 2030 reorum
352 1976 460 2039 natos,
482 1976 537 2028 aut
554 1963 622 2029 aine
643 1962 807 2029 doloribus
830 1975 939 2052 portus
962 1987 1080 2030 eorum
1097 1963 1222 2030 enittes?

199 2073 422 2160 »Abrumpent
437 2070 638 2147 liliieorum,
652 2083 685 2135 et
698 2068 995 2159 multiplicabuntur
1010 2073 1045 2138 in
1058 2074 1228 2139 nativitate:

199 2181 352 2246 »exibunt
366 2192 398 2244 et
413 2203 478 2244 non
493 2177 723 2244 revertentur&
743 2206 756 2241 r
772 2178 827 2244 llis
840 2177 1043 2268 adjungenda
1059 2195 1137 2246 sunt
1150 2183 1232 2247 etiam

198 2286 250 2354 illa
265 2311 334 2375 quae
348 2289 380 2352 in
393 2287 571 2353 Proverbiis
582 2285 715 2374 legimus
727 2285 789 2351 hoc
802 2286 899 2351 modo
914 2288 1087 2354 :acervus
1099 2289 1236 2356 eminua-

200 2419 293 2462 »rum
305 2445 313 2471 ,
327 2406 360 2460 et
374 2394 479 2484 pullus
495 2395 668 2483 gratiarum
685 2392 825 2481 loquitur
840 2394 925 2459 tibi⁸.
942 2423 955 2456 s
973 2397 1053 2462 llaec
1066 2398 1188 2463 interim
1196 2395 1232 2462 ad

198 2528 334 2594 prensens
353 2505 393 2570 de
410 2527 505 2569 cervo
527 2503 618 2568 uobis
635 2503 753 2590 scripta
770 2525 939 2568 occurrere
954 2516 1147 2592 potuerunt.
1164 2508 1231 2587 Quat

198 2615 239 2678 ob
251 2612 314 2678 hoc
326 2612 552 2700 assumpsimus
564 2658 572 2686 ‚
588 2623 622 2675 ut
634 2609 804 2697 loquamur
815 2633 878 2676 non
890 2611 922 2676 in
935 2612 1090 2680 doctrina
1102 2615 1236 2680 hnmana

198 2721 375 2809 sapientiae,
398 2719 504 2786 sedin
531 2718 676 2784 doctrina
700 2719 848 2806 spiritus,
868 2720 1019 2807 spiritalia
1048 2722 1240 2810 spiritalibus

198 2840 427 2916 comparantes.
443 2829 483 2892 Et
491 2826 567 2892 ideo
581 2826 766 2892 invocemus
775 2826 878 2892 Deum
893 2839 1016 2915 patrem
1033 2833 1151 2907 verbi,
1166 2831 1243 2919 quod

199 2936 290 3000 nobis
305 2936 392 3001 verbi
408 2935 455 2999 sui
470 2933 650 3000 manifestet
665 2955 800 3011 arcana,
816 2957 1007 3024 sensumque
1022 2950 1180 3006 nostrum
1199 2963 1243 3004 re-
1292 2977 1293 2986 ÷

198 3054 324 3108 moveat
336 3043 506 3108 adoetrina
517 3040 666 3105 bumanae
678 3042 857 3130 sapientiae,
867 3054 898 3106 et
905 3041 1022 3107 exaltet
1031 3057 1137 3134 atque
1148 3047 1243 3113 elevet

199 3151 238 3216 ad
248 3151 425 3216 doctrinam
437 3149 580 3237 spiritus,
590 3160 625 3212 ut
637 3171 702 3213 nou
713 3173 751 3214 ea
763 3172 833 3235 quae
841 3150 936 3215 sentit
944 3151 1083 3220 carnalis
1096 3157 1241 3230 auditus,

198 3257 254 3322 sed
267 3281 304 3322 ea
317 3281 388 3344 quae
398 3257 541 3322 eontinet
552 3253 696 3321 voluntas
708 3257 846 3344 Spiritus
855 3260 954 3324 sancti
968 3258 1156 3349 loquamur.
1173 3265 1246 3330 Pau·

198 3364 246 3430 lus
263 3363 431 3453 Apostolus
443 3387 500 3428 nos
515 3364 609 3428 docet
628 3363 715 3451 quod
729 3363 894 3430 invisibilia
907 3366 964 3430 Dei
976 3389 1018 3432 ex
1030 3370 1245 3436 invisibilibus

197 3471 424 3561 intelligantur,
436 3483 469 3535 et
483 3495 520 3536 ea
536 3493 606 3558 quae
622 3494 689 3538 non
700 3471 858 3547 videntur,
871 3495 910 3538 ex
922 3495 1035 3540 eorum
1050 3500 1129 3564 quae
1141 3480 1246 3545 viden·

199 3593 269 3656 tur,
282 3581 403 3645 ratione
418 3591 451 3644 et
467 3577 672 3644 similitudine
687 3578 982 3668 contemplentur⁸z
1000 3585 1180 3652 ostendens
1193 3609 1246 3676 per

198 3687 261 3754 hoe
275 3687 363 3774 quod
374 3684 501 3753 visibilis
513 3685 568 3750 bic
577 3687 716 3752 mundus
731 3687 771 3752 de
781 3686 930 3754 invisibili
941 3689 1060 3757 doceat
1071 3742 1081 3768 ,
1094 3707 1130 3758 et
1142 3717 1244 3761 exem

234 3834 469 3900 ¹Paalm.xzrx,9.
482 3830 834 3901 -²Job.1212,1,2,3,a.
845 3833 977 3890 stator.
994 3859 1022 3905 r,
1033 3841 1240 3907 app-‘name
