2748 4596
324 254 358 297 ru
382 252 496 296 arssvu
518 252 588 296 assu
615 253 696 299 nava
721 252 794 296 nou.
821 255 897 297 xvu.
1089 231 1130 316 75

109 387 190 442 tatem
206 373 377 440 Dominum
390 372 471 446 dici,
496 372 620 460 ignoras
632 384 664 436 et
676 372 808 460 ambigis
821 373 899 458 quid
912 371 991 438 illud
1003 373 1041 438 sit
1048 375 1134 460 quod

110 483 159 547 sub
171 482 228 548 hoc
243 481 371 549 nomine
393 478 589 567 designatur,
614 479 686 543 sudi
705 479 778 565 quia
802 480 956 546 Dominus
976 481 1129 568 sapientia

108 601 158 654 cst.
173 589 228 654 Cui
244 611 320 676 ergo
336 587 453 652 dicitur
467 585 634 650 haereditas
645 609 713 652 esse
730 586 904 662 Dominus,
922 588 979 651 iste
995 585 1130 653 haeredi-

11 680 14 688 ⁴
111 708 192 762 tatem
207 695 366 785 sapientiae
386 695 500 798 capiet.
524 693 706 759 Dominus
696 695 814 781 justitia
831 694 956 761 dicitur.
980 694 1130 784 Cuiergo

111 801 260 868 baereditas
271 801 426 868 Dominus
441 813 505 876 est,
519 801 577 866 iste
591 800 831 866 haereditatem
821 803 949 890 justitiae
959 825 1132 890 conseque-

110 920 165 973 tur.
180 910 331 975 Dominus
354 932 413 996 pax
436 919 502 982 est,
526 905 681 973 Dominus
701 909 877 997 redemptio
895 922 961 984 est,
978 910 1132 975 Dominus

109 1015 180 1081 salus
196 1028 262 1091 est,
286 1017 318 1082 in
341 1016 478 1081 Domino
501 1027 574 1080 sunt
598 1015 736 1081 thesauri
759 1017 919 1104 sapientise
938 1029 971 1081 et
992 1017 1132 1083 scientiae

108 1124 282 1190 absconditi.
297 1125 373 1190 llaec
385 1123 491 1188 omnia
505 1123 537 1186 in
549 1121 766 1188 haereditatem
781 1124 953 1212 percipiet,¹
969 1125 1061 1213 cujus
1069 1123 1133 1189 has-

10 1223 11 1312 f
105 1231 209 1296 reditas
224 1231 380 1297 Dominus
390 1229 494 1296 suerit.
510 1227 797 1295 Verumtamenet
789 1230 839 1294 rsti
851 1230 965 1318 quibus
977 1231 1130 1319 sapientia

10 1323 11 1330 ¹
106 1329 176 1412 Dei,
191 1349 222 1401 et
231 1337 374 1402 Verbum
389 1336 447 1403 Dei
463 1348 495 1399 et
511 1335 622 1400 veritas
635 1347 667 1400 et
683 1336 802 1423 justitia
817 1335 985 1402 haereditas
1000 1361 1068 1404 esse
1083 1338 1133 1404 di-

107 1445 194 1520 citur,
217 1444 443 1510 habitationem
457 1443 590 1508 iuterim
613 1465 687 1509 cum
711 1441 770 1508 illis
794 1444 974 1532 accipiunt,
996 1468 1133 1534 quorum

10 1641 11 1644 Ἴ
108 1550 266 1617 hareditas
280 1550 578 1617 habeturinterris:
594 1562 629 1614 ut
643 1573 681 1614 ex
696 1551 837 1638 ipsorum
850 1552 1010 1618 consortio
1025 1553 1063 1628 ii,
1079 1553 1133 1641 qui

111 1682 165 1746 per
175 1659 351 1747 semctipsos
367 1657 509 1724 nondum
526 1655 647 1733 valent,
660 1681 717 1746 per
731 1655 800 1722 illos
816 1658 984 1746 participes
996 1657 1136 1725 effician·

109 1779 158 1830 tur
168 1765 322 1854 supientiae
332 1779 365 1832 et
375 1766 514 1832 scicntiae
525 1764 583 1831 Dei
599 1777 631 1830 et
638 1765 775 1830 veritatis
787 1766 856 1853 ejus
866 1789 902 1831 ac
913 1765 1023 1833 Verbi.
1037 1769 1078 1832 Et
1089 1767 1131 1834 ita

104 1876 194 1940 etiam
210 1876 251 1941 ad
264 1876 412 1942 minimos
428 1898 570 1962 quosque
583 1875 773 1962 dispensatio
785 1875 889 1941 divina
901 1874 1080 1963 pertendit,
1098 1887 1133 1941 ut

100 1983 152 2068 qui
163 1981 377 2070 principaliter
385 2006 449 2047 non
460 1993 591 2071 possunt
601 1982 714 2048 divinae
722 1982 829 2070 gratiae
837 2003 968 2071 capaces
979 1984 1129 2060 existere,

99 2084 266 2151 illuminari
285 2109 325 2151 ex
344 2086 476 2152 istorum
495 2086 654 2152 consortio
670 2097 864 2162 mercantur,
881 2099 913 2151 ct
933 2087 1132 2175 compleatur

99 2193 196 2270 illud,
212 2195 298 2281 quod
312 2194 466 2283 scriptum
481 2207 550 2259 est:
570 2193 661 2274 «Qui
677 2191 832 2270 multum,
850 2217 915 2269 non
930 2195 1101 2262 abundavit
1119 2219 1127 2260 ε

102 2313 156 2365 set
170 2303 222 2388 qui
236 2302 422 2377 minimum,
437 2324 501 2366 non
514 2301 688 2370 minoratus
703 2313 752 2365 est
765 2299 787 2364 ¹.
801 2326 814 2359 a
827 2301 890 2366 Sed
904 2313 937 2366 et
951 2299 1030 2366 illud
1043 2301 1131 2390 quod

97 2409 125 2476 A
127 2407 267 2498 postolos
279 2410 320 2475 ad
330 2408 511 2475 Corinthios
523 2408 600 2473 dicit
615 2408 655 2473 de
669 2408 785 2473 sanctis
796 2407 1026 2496 ierosolymitis
1042 2432 1075 2472 :s
1089 2409 1131 2473 Ut
1219 2473 1224 2494 ,

95 2527 238 2592 svestra,
256 2516 369 2603 inquit,
392 2516 584 2582 abundantia
601 2515 656 2581 liat
673 2516 713 2580 ad
725 2513 852 2580 illorum
868 2515 1025 2604 inopiam,
1041 2527 1074 2580 et
1092 2514 1132 2580 il-

92 2623 221 2690 ·lorum
238 2625 430 2690 abundantia
448 2622 505 2688 liat
519 2623 559 2689 ad
577 2635 711 2688 vestram
730 2622 869 2711 inopiam
879 2621 900 2687 ².
921 2624 989 2688 »lta
1004 2646 1080 2711 ergo
1099 2635 1131 2688 et

90 2755 181 2798 nuuc
196 2731 379 2797 cohabitare
389 2733 543 2820 jubentur
553 2730 660 2797 Levita
675 2742 707 2795 et
719 2723 866 2796 sacerdos
872 2731 925 2817 qui
937 2753 1002 2795 non
1013 2730 1133 2798 habent

90 2852 234 2914 terram,
251 2838 398 2904 lsraelitae
412 2839 467 2925 qui
483 2838 579 2904 babet
600 2850 735 2912 terram,
754 2849 789 2901 ut
803 2838 958 2926 percipiat
973 2838 1014 2904 ab
1030 2839 1132 2905 lsrae-

88 2947 150 3012 lite
165 2945 310 3012 sacerdos
324 2957 357 3010 et
374 2946 482 3012 Levita
503 2957 630 3011 terrena
645 2967 714 3032 quae
737 2968 802 3010 non
822 2944 958 3017 habent;
975 2957 1008 3010 et
1024 2968 1132 3011 rursus

87 3052 250 3121 israelites
264 3053 417 3142 percipiat
433 3077 450 3118 a
468 3052 631 3117 sacerdote
650 3064 682 3118 et
701 3053 810 3118 Levita
825 3051 963 3118 coelestia
980 3064 1014 3117 et
1028 3052 1132 3118 divina

86 3186 165 3248 quac
177 3184 243 3226 nou
256 3161 363 3226 babet
382 3160 447 3226 Lex
459 3158 545 3224 enim
556 3159 613 3223 Dei
625 3158 842 3225 sacerdotibus
859 3159 1025 3234 commissa
1040 3171 1087 3224 est
1101 3172 1134 3225 et

84 3269 231 3345 Levitis,
247 3283 280 3332 et
291 3269 369 3333 huic
383 3267 440 3333 soli
458 3291 587 3356 operam
605 3267 763 3341 tribuant,
782 3278 814 3330 et
831 3268 926 3332 verbo
940 3267 997 3332 Dei
1016 3268 1133 3355 absque

89 3373 161 3439 ulla
175 3373 385 3441 sollicitudine
402 3387 525 3440 vacent.
540 3373 604 3440 Sed
620 3373 747 3438 interim
764 3385 797 3437 ut
810 3397 920 3440 vacare
928 3374 1066 3463 possint,
1080 3374 1134 3441 lai·

83 3505 212 3548 corum
228 3483 272 3546 uti
287 3482 468 3548 ministeriis
489 3482 617 3548 debent.
637 3481 771 3547 sienim
790 3479 888 3547 laicus
903 3505 974 3570 quae
988 3505 1134 3548 necessa-

76 3597 137 3662 ria
153 3607 230 3659 suut
243 3617 306 3660 non
319 3595 489 3683 praebuerit
500 3593 717 3660 sacerdotibus
732 3604 764 3657 et
776 3594 890 3660 Levitis
903 3645 911 3670 ,
925 3596 1072 3684 occupati
1087 3593 1132 3660 illi

70 3705 115 3771 in
137 3700 279 3776 talibus,
296 3701 328 3767 id
344 3715 410 3778 est,
426 3701 642 3790 corporalibus
657 3702 758 3776 curis,
772 3702 875 3768 minus
887 3704 961 3792 Legi
974 3703 1032 3769 Dei
1045 3726 1135 3768 vncav

120 3847 131 3880 ¹
150 3840 238 3892 1Cor.
256 3839 368 3905 vrrr,15.
389 3870 400 3877 -
417 3839 503 3892 'Ihid
517 3847 558 3904 (4.
