2604 4614
252 341 284 384 ιιι
309 338 470 382 csrrrcmu
495 336 696 380 ιιιιιτιοοιιιιιι
723 338 793 380 sorr.
821 339 857 379 ιι.
1014 315 1078 403 557
1120 359 1122 362 -

37 467 129 532 boore
146 476 222 530 sunt
237 485 294 552 per
312 475 476 538 naturam,
501 463 578 528 dum
596 459 678 528 male
694 462 743 527 his
759 457 937 538 abutimur,
961 485 1018 528 nos
1039 464 1079 528 ad

38 585 169 663 peccata
190 572 361 637 deducant.
384 570 468 635 Unus
485 570 524 635 dc
542 571 654 635 animae
672 569 811 636 motibus
827 590 916 636 amor
931 581 999 647 est,
1017 591 1081 658 quo

39 685 124 748 bene
136 681 253 746 utimur
269 679 310 743 ad
326 677 516 754 amandum,
529 679 554 742 si
567 679 752 767 sapientiam
765 671 905 743 amemus
922 690 954 743 et
972 679 1083 744 verita-

41 805 121 857 tem.
143 787 276 870 Quando
300 809 480 854 vereamur
498 798 606 852 noster
625 785 658 851 in
673 788 783 875 pejora
797 788 975 862 corruerit,
993 809 1082 854 ama-

43 919 117 962 mus
131 916 257 960 carnem
272 905 305 958 et
317 892 512 981 sanguinem.
533 893 581 958 Tu
598 892 693 980 igitur
705 905 740 957 ut
756 892 903 981 spiritalis
913 943 921 969 ,
931 892 1003 958 audi
1016 893 1083 980 spi-

41 1001 173 1068 ritaliter
187 1001 339 1067 amatoria
361 1001 458 1065 rerba
481 1001 625 1075 canturi,
647 1013 679 1064 et
705 999 790 1065 diso'c
818 1012 941 1066 motum
968 1001 1088 1067 animes

37 1125 121 1186 tue,
134 1121 167 1174 et
183 1107 333 1175 naturalis
349 1108 464 1174 amoris
483 1106 667 1172 incendium
681 1107 722 1173 ad
737 1106 867 1173 meliora
891 1105 1081 1184 transferre,

37 1217 218 1284 secundum
234 1215 335 1281 illud:
355 1243 368 1276 ι
383 1215 463 1281 Ama
475 1212 579 1292 illam,
595 1227 627 1282 ot
639 1216 775 1280 servabit
792 1227 822 1280 te
829 1239 839 1288 3
858 1215 1021 1282 circumda
1040 1216 1080 1281 il-

41 1323 141 1397 ιὶιιιιι,
165 1333 198 1386 et
215 1317 367 1386 exaltabit
381 1332 413 1384 te
426 1319 449 1385 ¹.
471 1319 538 1386 Viri
557 1319 675 1409 diligite
697 1343 810 1385 uxores
826 1321 981 1397 vestras²,
1004 1351 1016 1383 ι
1039 1323 1086 1401 ait,

45 1427 230 1520 Apostolus:
245 1428 301 1495 sed
316 1451 382 1493 non
393 1428 480 1492 stetit
491 1428 523 1493 in
542 1451 581 1494 eo
596 1429 682 1516 quod
694 1428 833 1504 dixerat,
849 1455 862 1488 ι
876 1428 943 1494 Viri
964 1428 1084 1518 diligite

48 1559 178 1603 »uxores
195 1549 315 1602 vestras
331 1559 367 1600 :r
386 1559 497 1602 rerum
520 1537 622 1602 sciens
640 1559 708 1601 esse
724 1535 1084 1603 dilectionem'rirorum

46 1649 78 1713 in
97 1645 231 1736 propriis
255 1667 382 1734 quoque
408 1645 558 1710 uxoribus
573 1645 793 1721 inhonestam,
809 1645 911 1712 sciens
927 1669 995 1712 csse
1015 1643 1093 1735 pla-2

44 1765 169 1821 centem
180 1755 268 1830 Deo,
282 1752 393 1819 docuit
409 1753 571 1842 quomodo
585 1753 643 1817 riri
660 1775 772 1818 uxores
783 1776 854 1818 suas
866 1775 972 1820 amare
984 1754 1086 1820 debe-

38 1874 130 1939 rent,
146 1861 288 1926 inferens
303 1883 311 1926 ι
329 1859 418 1928 «Viri
426 1857 545 1949 diligite
563 1883 674 1926 uxores
687 1873 821 1936 vestras,
838 1862 919 1926 sicut
930 1872 962 1926 et
978 1861 1084 1927 Chris·

36 1983 112 2036 ntus
128 1968 316 2036 Ecclesiam.
335 1971 403 2034 »Et
422 1967 485 2035 boc
500 1969 629 2056 quidem
650 1969 682 2033 in
704 1969 859 2056 proaemio
881 1975 993 2035 eornm
1016 1993 1086 2058 quac

36 2091 152 2168 postea
167 2075 350 2142 disserenda
362 2088 435 2141 sunt
447 2075 593 2141 diximus.

85 2186 226 2279 ll.·Quia
240 2185 332 2250 amici
345 2184 463 2272 sponsi,
477 2183 554 2249 dum
565 2205 621 2248 rex
633 2183 665 2248 in
678 2185 824 2249 recubitu
835 2207 893 2250 suo
905 2198 972 2263 est,
989 2186 1086 2272 (are-
1124 2165 1128 2174 .

42 2295 182 2382 »quiens
204 2292 284 2357 euim
307 2292 458 2358 dormivit
483 2303 518 2357 ut
542 2290 615 2366 leo,
640 2302 730 2355 et-ut
755 2291 878 2357 catulus
902 2291 1018 2359 leonis'
1036 2321 1048 2356 ι
1069 2299 1084 2380 )Ι

41 2423 166 2490 sponsae
181 2397 393 2490 promiserant
407 2400 510 2465 donec
521 2397 573 2464 ille
590 2411 796 2487 consurgeret
815 2421 847 2464 se
865 2399 1090 2466 similitudines

36 2510 112 2575 auri
126 2522 159 2575 et
174 2508 295 2598 argenti
307 2531 375 2574 esso
388 2507 528 2575 lecturos
539 2557 547 2582 ,
560 2530 626 2574 non
642 2505 795 2572 habentes
811 2529 924 2573 aurum
940 2520 975 2572 ut
986 2531 1085 2598 spon-

30 2642 117 2695 sus,
142 2629 177 2685 et
197 2616 433 2706 quodammodo
453 2615 521 2681 aliis
543 2615 647 2681 verbis
663 2615 768 2702 sponsi
788 2615 892 2704 passio
904 2615 1080 2705 'predicata

27 2737 107 2790 est:
125 2745 193 2789 non
209 2718 466 2788 irrationabiliter
488 2720 526 2786 ad
549 2718 619 2786 haec
634 2743 749 2808 sponsa
764 2719 951 2808 respondet,
968 2731 1000 2784 et
1014 2721 1092 2809 ipsa*

28 2831 310 2922 dispensationem
327 2829 499 2919 quamdam
516 2829 669 2917 passionis
691 2824 868 2917 intelligens
883 2828 924 2893 ad
946 2828 979 2893 id
995 2829 1084 2916 quod

26 2942 211 3009 audierat:
228 2937 488 3006 «Similitudines
508 2937 576 3003 auri
594 2937 747 3002 iaciemus
767 2936 825 3001 tibi
842 2959 917 3002 cum
929 2937 1085 3026 stigmati-

25 3053 123 3116 ahns
142 3049 287 3136 argenti,
305 3046 408 3112 donec
422 3069 477 3111 rex
493 3045 525 3110 in
541 3043 687 3110 recubitu
707 3067 765 3108 suo
776 3043 857 3120 estl,
878 3043 945 3109 ait:
962 3045 1084 3111 Nardus

22 3181 134 3224 ‚mea
151 3157 241 3222 dedit
255 3155 386 3221 odorem
398 3175 504 3220 suum.
520 3150 703 3219 Fasciculus
718 3164 815 3241 guttae
826 3151 984 3218 fratruelis
994 3175 1084 3219 meus
1150 3183 1152 3188 ¹
1240 3213 1244 3220 .

22 3266 163 3341 turibi,
188 3264 222 3329 in
243 3263 350 3329 medio
374 3265 509 3328 uberum
529 3281 676 3325 meorum
695 3260 913 3326 demorabitur
922 3259 943 3326 ⁵.
962 3289 975 3321 ι
993 3263 1086 3342 Quo-

22 3374 141 3444 modo
151 3373 251 3462 igitur
266 3370 442 3460 aptabimus
450 3370 479 3434 ei
495 3369 529 3434 id
540 3369 625 3457 quod
640 3369 797 3457 praecessit
808 3392 816 3434 ι
828 3395 841 3429 r
852 3367 962 3435 Donec
978 3371 1081 3436 rcx'ir'r

18 3513 41 3548 ι
51 3483 214 3550 recubito
229 3487 286 3547 s'no
301 3492 393 3556 esta
414 3479 447 3546 id
457 3477 700 3566 quodseqnitnr
716 3500 724 3540 :
748 3476 896 3542 «Nardus
908 3501 979 3542 mea
997 3477 1086 3544 dedit

13 3625 35 3658 ι
48 3593 199 3660 odorem
212 3613 316 3655 suum.
330 3583 710 3676 »Loquiturerangelium
724 3585 797 3671 quin
811 3585 894 3650 venit
907 3583 1020 3650 mulier
1031 3585 1087 3650 ha-

7 3705 119 3770 bens
135 3699 344 3778 alabastrum¹
357 3695 509 3785 unguenti
531 3694 621 3758 nardi
644 3693 748 3782 pistici
771 3693 923 3781 pretiosi,
946 3716 1009 3758 non
1031 3691 1083 3758 illa

64 3876 75 3909 ¹
91 3873 173 3918 Prov.
188 3884 231 3926 ιν,
246 3865 269 3916 8.
288 3895 296 3901 -
323 3859 440 3914 ²Coloss.
451 3877 499 3920 ιιι,
511 3877 536 3926 9.
551 3887 568 3894 ⁸
588 3857 683 3908 ¹Num.
696 3877 768 3922 xxrr,
779 3878 803 3924 9.
815 3887 842 3897 -
859 3857 981 3910 scuarin.
993 3877 1016 3921 ι,
1040 3875 1085 3922 ιο,

11 3979 26 4010 1
47 3979 71 4008 ι.
98 3989 107 3994 -
136 3954 282 4005 ‘lbiddm

155 4067 188 4106 X·
890 4058 928 4101 22
