2632 4600
396 301 427 344 rr
452 299 596 342 rssuuou
618 297 737 342 xxxvrn
760 300 834 346 nou.
861 301 882 343 ι.
1099 280 1161 365 ²9⁵

116 421 342 488 mandatorum
359 419 579 482 observantem
592 429 625 482 et
635 430 837 482 mansuetum
854 417 949 483 iaciat
964 429 996 482 et
1011 418 1160 494 beatum,

118 527 304 594 nouaclum
324 549 434 592 rerum
455 527 578 601 exitus,
604 547 713 590 rmum
737 526 833 591 etiam
861 526 927 615 ipsa
949 527 1157 592 observantia.

118 638 207 702 Dum
222 635 309 702 euim
324 656 450 722 semper
467 635 614 699 observat
625 655 660 698 os
677 655 788 709 suum,
804 646 837 697 et
852 629 992 720 linguam
1005 635 1160 709 custodit,

121 769 164 810 ne
181 745 267 833 prius
281 763 463 808 sermonem
484 740 622 831 proferat
642 764 737 828 quam
756 741 924 816 discutiet,
941 752 974 805 et
989 753 1163 829 pertractet

123 853 211 941 apud
220 851 426 938 semetipsum
441 850 466 913 si
482 859 629 938 oporteat
643 848 726 924 dici,
741 850 765 912 si
778 869 881 914 sermo
897 847 966 914 talis
977 862 1024 914 est
1040 851 1093 938 qui
1106 849 1164 914 de-

123 963 198 1026 beat
213 957 367 1048 proferri,
385 958 411 1022 si
426 979 560 1044 persona
576 955 702 1022 taliaest
717 979 787 1044 quae
798 970 854 1022 aut
869 956 1002 1032 debent,
1021 970 1073 1022 aut
1088 981 1163 1045 pos-

120 1069 162 1134 sit
177 1067 309 1140 audire,
322 1065 348 1130 si
363 1076 489 1152 tempus
505 1077 723 1152 opportunum
735 1078 783 1130 est
798 1064 978 1153 proferendi
991 1067 1161 1131 sermonis:

122 1178 199 1242 dum
216 1171 339 1262 singula
353 1173 411 1238 ista
426 1172 614 1261 perpendit,
631 1171 811 1238 excluditur
825 1161 927 1238 o'rnuis
947 1174 1109 1239 iracundia
1130 1186 1162 1239 et

125 1290 233 1362 timor,
244 1297 278 1351 et
290 1281 461 1350 inconsulti
473 1284 732 1371 furorisimpetos
743 1283 920 1372 mitigatur,
933 1297 1026 1372 atque
1036 1307 1164 1352 omnem

128 1396 252 1484 penitus
263 1392 525 1460 deliberationem
542 1390 612 1456 talis
630 1393 787 1457 abscindit
806 1416 813 1456 :
830 1406 862 1457 et
877 1393 920 1458 itu
935 1393 1064 1458 demum
1080 1393 1166 1458 velut

130 1527 170 1569 eu
179 1499 403 1588 tranquillitate
417 1500 556 1588 quadam
568 1511 600 1564 et
614 1499 752 1565 convicti
764 1501 860 1566 animi
872 1524 928 1590 per
946 1502 1167 1568 mensuetudi-

131 1633 207 1676 uem
218 1631 323 1676 sermo
333 1606 505 1696 procedens
516 1657 525 1683 ,
537 1606 772 1696 proferentibus
787 1610 919 1697 gratiam
931 1622 1059 1697 praestat
1070 1622 1102 1674 et
1115 1635 1167 1675 au-

131 1717 291 1784 dientibus
306 1715 506 1782 medicinam.

175 1825 229 1893 tv.
240 1825 359 1892 Verum
377 1825 527 1912 quoniam
544 1823 576 1889 in
592 1819 648 1889 illo
662 1825 797 1890 maxime
816 1837 960 1914 tempore
977 1848 1166 1914 peccamus,

126 1931 258 2020 quando
271 1941 421 2018 peccator
438 1929 581 1994 consistit
599 1928 766 1995 adversum
783 1951 860 2004 nos,
877 1931 1027 2018 instigans
1044 1942 1076 1996 et
1091 1953 1165 2018 pro-

126 2063 245 2106 vocans
258 2050 292 2102 ut
307 2037 426 2125 aliquid
445 2036 507 2102 tale
523 2035 707 2102 emittamus
721 2059 760 2102 er
775 2061 849 2114 ore,
867 2040 899 2102 in
915 2063 979 2126 quo
999 2041 1043 2104 rei
1058 2053 1166 2106 tenea·

125 2171 202 2218 mur
227 2147 259 2212 in
287 2147 395 2211 futuro
413 2146 557 2233 judicio,
581 2144 644 2211 boc
663 2145 846 2212 describens
866 2160 992 2212 sauctus
1010 2148 1167 2234 Propheta

128 2259 208 2324 dicit
223 2280 255 2320 :r
272 2255 356 2320 Dum
374 2255 515 2321 constitit
530 2264 680 2342 peccator
698 2254 864 2320 adversum
881 2277 953 2330 me,
971 2255 1117 2319 obmutui
1136 2267 1168 2319 et

131 2365 335 2431 »humiliatus
351 2385 422 2428 sum
443 2375 476 2427 et
490 2362 562 2428 silui
575 2387 592 2427 a
606 2361 706 2426 bonis.
717 2362 772 2428 »si
788 2362 1082 2458 quando-peccator
1098 2364 1169 2427 asti-

127 2476 169 2540 tit
185 2474 350 2541 adversum
366 2495 418 2538 me
433 2485 466 2537 et
477 2471 669 2561 loquebatur
684 2472 724 2538 de
739 2495 791 2538 me
805 2471 907 2547 mule,
924 2485 957 2538 et
968 2473 1169 2538 obtrectabat

127 2597 227 2672 atque
241 2583 387 2649 irritabat
401 2605 454 2647 me
469 2594 505 2645 ut
523 2579 635 2646 similia
651 2581 679 2644 ei
693 2580 858 2645 redderem
871 2629 879 2656 ,
897 2594 928 2646 et
943 2581 1030 2669 paria
1046 2581 1087 2646 de
1097 2605 1170 2646 meo
1284 2611 1296 2628 ·

126 2715 186 2757 ore
201 2691 377 2781 prolermm
389 2739 398 2764 ,
410 2713 469 2777 ego
480 2690 512 2754 in
529 2687 583 2753 illo
599 2700 743 2776 tempore
759 2687 918 2754 silentium
932 2689 1120 2765 meditabar,
1136 2702 1169 2754 ut

129 2798 210 2866 nibil
233 2799 359 2887 penitus
378 2797 613 2885 responderem.
636 2797 807 2885 Propterea
825 2821 902 2885 ergo
924 2798 1000 2862 dicit
1024 2821 1031 2861 :
1051 2827 1064 2858 a
1086 2799 1170 2864 Dum

130 2907 298 2973 ‚constitit
319 2917 469 2994 peccator
490 2906 657 2970 adversum
677 2927 747 2980 me,
768 2905 913 2971 obmutui
933 2917 965 2972 et
987 2907 1170 2974 humiliatus

131 3039 227 3082 esum
242 3027 274 3079 et
290 3012 359 3080 silui
377 3039 394 3078 a
409 3014 512 3082 bouis.
529 3013 615 3079 »Nos
632 3035 705 3078 vero
720 3011 889 3100 aliquando
904 3015 929 3078 si
945 3013 1094 3081 nolumus
1108 3018 1171 3082 hu-

129 3123 265 3198 miliari,
280 3121 341 3188 alia
353 3123 529 3210 cogitamus
543 3133 575 3185 et
591 3121 728 3187 dicimus
743 3122 828 3210 apud
843 3123 1072 3212 nosmetipsos:
1085 3125 1172 3205 Quid

129 3235 198 3300 boo
210 3229 283 3296 cst?
297 3232 360 3296 lste
375 3253 426 3294 me
441 3229 640 3317 contemptui
653 3229 766 3294 habuit
778 3242 812 3294 ct
828 3253 921 3295 ausus
937 3243 984 3296 est
1000 3231 1072 3298 talia
1089 3233 1120 3298 in
1137 3254 1171 3298 os

132 3341 295 3428 ingerere,
308 3352 342 3404 et
354 3340 398 3404 ita
412 3339 580 3406 adversum
596 3359 648 3402 me
663 3359 791 3436 movere
803 3361 1000 3416 sermonem,
1019 3365 1125 3408 nonne
1140 3350 1172 3408 et

131 3471 196 3536 ego
206 3448 281 3514 buic
295 3445 426 3520 similia,
444 3449 601 3514 autetiam
610 3445 753 3533 graviora
766 3445 898 3512 inseram
912 3501 920 3522 ,
935 3461 969 3512 ut
985 3462 1017 3514 et
1033 3451 1098 3538 ipse
1114 3475 1173 3516 au·

130 3559 199 3624 diat
213 3557 321 3645 pejora
332 3579 428 3642 quam
445 3555 523 3622 dixit
533 3555 547 3618 l
556 3555 619 3620 Sed
631 3555 735 3641 justus
748 3577 814 3620 nou
829 3555 870 3620 ita
883 3557 964 3644 agit,
979 3559 1055 3645 quin
1066 3560 1171 3647 potius

129 3663 281 3734 humiliat
297 3688 351 3739 se,
367 3663 501 3730 etiamsi
518 3685 626 3728 servus
645 3662 684 3726 ait
698 3660 751 3726 ille
761 3662 817 3749 qui
832 3663 1005 3742 obtrectat,
1019 3678 1051 3730 et
1062 3669 1172 3732 convi-

129 3777 174 3844 tia
197 3774 329 3862 ingerit,
346 3785 401 3838 aut
418 3773 442 3837 si
468 3769 594 3838 humilia
612 3782 644 3836 et
666 3783 815 3858 peccator
831 3771 871 3836 sit
885 3785 918 3837 et
940 3771 1096 3861 indignus.
1117 3773 1173 3840 llle

129 3883 229 3960 dicit,
247 3909 257 3942 s
275 3881 350 3947 dum
370 3880 511 3945 constitit
531 3891 681 3967 peccator
700 3878 866 3946 adversum
885 3903 955 3958 me,
978 3881 1123 3949 obmutui
1141 3895 1173 3948 et
