2644 4612
1 3846 14 3893 t

356 286 386 330 ιιι
412 285 574 330 eluricum
599 283 800 330 cnnrrconun
823 285 884 328 ιιι.
911 285 958 330 ιιι.
1108 259 1173 342 489

130 419 165 474 et
180 397 360 482 illuminet,¹
373 397 454 474 viam
471 407 579 474 salutis
594 409 729 482 doceat,
746 404 936 494 videndique
950 406 1095 471 ordinem
1113 415 1176 470 tra·

133 517 211 590 dat,
235 539 298 582 non
319 514 377 580 tibi
397 517 524 582 videtur
544 529 577 582 et
597 516 650 582 hic
672 516 836 603 proximus
857 525 925 580 esse
948 515 1097 601 quidem,
1119 511 1175 578 sed
1223 567 1228 576 .

134 622 241 688 multo
261 624 393 712 emplius
412 624 474 690 ulio
495 623 640 714 proximo
665 622 860 712 diligendus,
885 624 938 710 qui
961 621 1091 688 horum
1096 619 1175 686 nillil

134 721 258 818 egerit?
279 731 358 797 Nam
380 734 438 798 etsi
457 732 509 798 ille
529 734 659 820 quidem
686 731 861 819 diligendus
879 740 944 806 est,
959 737 1018 818 pro'
1033 753 1072 794 eo
1089 729 1176 826 quod

136 841 284 904 membru
306 840 399 904 unius
415 841 555 929 corporis
574 851 701 914 tumus,
721 840 888 925 'uniusque
897 837 1103 904 substantiae:
1120 836 1176 901 se'd

133 946 187 1012 hio
199 946 302 1011 multo
314 947 467 1035 emplius,
480 950 533 1036 qui
550 971 625 1014 oum
641 949 691 1035 jus
709 947 842 1036 proximi
834 947 1023 1011 nobiscum
1039 945 1175 1018 habeut

130 1054 222 1140 quod
240 1065 274 1117 et
289 1056 393 1119 caeteri
411 1055 555 1122 homines
571 1056 709 1130 hubent,
725 1056 780 1120 dut
799 1063 906 1119 limen
922 1052 1006 1118 huno
1020 1053 1176 1140 niujorem

131 1161 419 1251 eharitatisergose
430 1185 559 1230 oausam
569 1213 578 1238 ‚
587 1165 675 1250 quod
684 1163 767 1228 viam
779 1162 837 1226 Dei
853 1160 991 1226 ostendit
1001 1210 1010 1235 ,
1020 1167 1052 1223 et
1065 1160 1176 1224 animm

133 1268 271 1334 sulutem
284 1270 380 1334 divini
396 1269 484 1336 verbi
505 1270 791 1337 illuminationibus
807 1269 941 1368 confert.
966 1267 1061 1348 Quod
1078 1265 1101 1330 'si
1113 1264 1177 1366 'ali-

132 1377 207 1464 quis
222 1400 274 1444 me
289 1391 469 1455 errantem,
486 1391 518 1445 et
529 1381 561 1446 in
578 1380 750 1468 praecipitio
772 1378 910 1466 positum
926 1375 1089 1442 muliebris
1105 1383 1178 1462 pec-

135 1595 220 1697 piat,
237 1617 272 1659 ao
285 1595 424 1660 retrahat
438 1594 477 1658 nd
489 1592 623 1660 sulutem
633 1534 750 1680 ‚elque
761 1615 800 1658 ex
812 1594 886 1680 ipsis
898 1591 1041 1656 faucibus
1050 1598 1175 1652 oetemse

139 1689 251 1766 mortis
265 1703 393 1789 eripiat,
409 1721 474 1768 non
494 1703 552 1767 tibi
567 1702 692 1767 videtur
707 1699 794 1787 quod
809 1697 889 1764 illa
882 1721 946 1786 ipsu
968 1697 1016 1782 (si
1036 1696 1104 1760 lieri
1116 1714 1175 1783 po

139 1811 219 1896 test)
237 1807 434 1896 plenitudine
445 1810 608 1876 charitatis
627 1833 689 1896 qun
706 1809 808 1873 Deum
825 1805 982 1894 diligimus
999 1803 1175 1892 diligendus

131 1915 256 2002 sitpost
268 1916 443 1982 Deumillt
458 1941 498 1982 ne
508 1930 601 2006 putes
616 1917 703 2005 quod
713 1939 771 1982 nos
786 1917 828 1982 ita
844 1933 1084 2002 praesumamus,
1102 1909 1176 1977 audi

131 2022 317 2108 apostolum
328 2022 460 2088 Paulum
472 2025 512 2091 de
526 2024 575 2090 his
590 2026 644 2110 qui
658 2025 692 2089 in
704 2025 800 2090 verbo
815 2023 873 2088 Dei
889 2021 1053 2096 laborant,
1069 2020 1176 2084 dicen-

128 2141 205 2192 tem
216 2151 250 2192 τι
264 2121 303 2191 Ut
315 2131 608 2215 superabundanter
622 2130 764 2196 habeatis
775 2131 807 2194 ln
823 2129 975 2196 charitato
987 2149 1041 2192 eos
1054 2128 1107 2213 qui
1119 2127 1178 2192 hu·

130 2263 146 2298 »
157 2235 298 2324 jusmodi
311 2248 385 2300 sunt
397 2249 526 2324 proptor
540 2261 619 2325 opus
631 2239 772 2325 ipsorum
782 2236 805 2302 ¹.
824 2262 838 2296 ι
851 2235 1021 2304 Videamus
1037 2249 1068 2300 et
1080 2234 1178 2301 alium

133 2339 247 2404 adhuc
265 2337 409 2405 ordinem
429 2339 614 2417 eharitatis,
631 2341 699 2427 ejus
718 2340 870 2406 duntaxat
893 2361 963 2427 quae
977 2361 1052 2428 erga
1068 2337 1179 2429 proui-

132 2469 208 2512 mos
225 2445 336 2510 haberi
347 2447 488 2512 videtur.
508 2447 542 2516 si
565 2449 606 2512 sit
621 2469 685 2512 non
700 2443 822 2513 habens
837 2448 965 2535 quidem
979 2449 1114 2514 docendi
1130 2445 1179 2513 vel

132 2553 317 2618 instruendi
327 2554 479 2641 gratiam,
493 2577 598 2641 neque
615 2555 748 2622 verbum
759 2547 1108 2642 Dominipraedioandi,
1125 2555 1180 2620 sed

134 2674 247 2726 tamen
261 2672 379 2728 sanotae
398 2662 469 2730 vitae
486 2663 556 2737 ιιι,
577 2663 748 2737 innocens,
772 2660 1014 2737 immaculatus,
1030 2674 1062 2726 et
1079 2663 1132 2748 qui
1148 2663 1180 2727 ln

134 2767 419 2856 justificationibus
433 2782 465 2834 et
487 2770 642 2835 mundetis
665 2769 723 2836 Dei
734 2768 975 2857 ζιιιςιειιιιιιιιιΙ
953 2791 1021 2834 sine
1034 2769 1179 2856 queruli,

132 2875 320 2942 videtur-ne
339 2877 396 2942 tibi
414 2875 482 2944 tulis
502 2877 555 2943 hio
572 2878 620 2942 vir
634 2878 668 2941 in
684 2877 798 2942 eodem
819 2877 979 2942 marinus
998 2871 1108 2942 ordine
1123 2879 1176 2944 hn-

136 2981 277 3055 bendus,
293 3005 359 3068 qno
370 2979 422 3045 ille
437 2982 491 3068 qui
506 2980 585 3046 nihil
603 2981 717 3047 horum
731 2981 817 3069 ugit?
830 2981 1086 3068 quandoquidem
1100 2994 1183 3047 uter·

136 3118 203 3184 que
215 3096 376 3183 proximus
389 3091 516 3160 dicitur.
540 3094 651 3160 Nonne
670 3106 702 3158 et
721 3093 774 3158 hie
789 3102 922 3179 propter
936 3085 1183 3179 opus'suum,et
1267 3123 1272 3138 ·

142 3203 216 3268 vitae
230 3199 381 3271 meritum
402 3202 597 3288 (seeundum
608 3185 750 3291 Apostoli
767 3200 909 3288 dictum)
928 3199 1070 3265 similiter
1085 3213 1120 3262 ut
1131 3197 1183 3262 ille

140 3312 197 3398 qui
209 3312 239 3376 in
250 3314 347 3377 verbo
359 3311 417 3375 Dei
430 3310 568 3386 loborat,
582 3307 893 3398 superabundantius
908 3305 1074 3372 habendus
1089 3303 1181 3370 estin

140 3419 297 3486 charitate
308 3432 437 3507 propter
453 3420 620 3508 opussvitae
632 3417 718 3482 suaei
733 3419 788 3482 Est
802 3417 909 3482 adhuc
922 3411 1001 3482 alius
1013 3416 1093 3480 ordo
1104 3412 1183 3478 chu-

139 3529 253 3592 ritatis.
268 3529 428 3594 luliemur
443 3528 528 3592 enim
548 3539 580 3590 et
595 3527 741 3592 inimicos
755 3536 879 3591 nostros
897 3523 1036 3612 diligere.
1055 3521 1119 3586 Sed
1135 3521 1183 3586 vi-

141 3635 274 3700 deamus
290 3637 315 3700 si
331 3636 426 3701 etiam
439 3635 472 3700 in
492 3633 567 3722 ipsis
583 3657 665 3698 unus
680 3632 764 3699 solus
784 3635 898 3699 modus
913 3632 973 3697 erit
986 3628 1181 3703 dilectionis,

139 3765 182 3809 sn
199 3742 243 3807 ibi
260 3743 390 3810 habehit
400 3742 507 3809 locum
524 3765 629 3810 sermo
645 3743 704 3808 iste
719 3743 773 3831 qui
786 3743 883 3808 dieit:
901 3735 1118 3803 «Ordiunteln
1131 3759 1183 3802 me

180 3891 188 3926 ι
205 3902 215 3936 1
230 3889 302 3937 Thes.
316 3905 340 3950 ι,
355 3887 393 3938 ι3.
