2744 4600
237 288 305 353 ere
682 309 825 352 1111111111

219 467 223 476 ·
240 456 253 486 a
268 424 424 492 Ulciscere
440 424 591 490 ultionem
607 425 746 491 liliorum
761 421 857 490 lsrael
874 422 914 486 de
925 421 1115 496 llladlanitis,
1127 433 1161 484 et
1173 421 1219 486 ad
1234 415 1280 484 ul·

240 534 381 600 »timum
405 533 572 622 apponeris
592 534 634 598 ad
648 531 802 622 populum
825 530 978 596 tuum¹.»
1002 531 1102 618 lgitur
1122 528 1278 598 scandala

240 665 311 730 qua·
330 643 512 708 acciderant
528 640 690 717 Israelitis,
706 642 857 728 quoniam
873 639 1129 728 tergiversatione
1150 635 1279 701 Madia-

239 752 380 816 nitarum
391 749 593 824 acciderant3
608 751 666 838 ipsi
677 750 763 816 enim
777 749 1032 814 subornaverunt
1042 745 1194 812 mulieres
1207 767 1278 832 quae

143 877 149 888 ·
242 881 297 924 eos
320 857 502 946 deciperent
523 872 559 924 ut
579 871 750 948 peccarent
764 879 874 924 coram
896 859 1034 923 Domino
1050 878 1059 919 1
1077 853 1121 920 1111
1145 854 1279 942 quidem

241 991 302 1057 pro
318 982 450 1056 peccato
464 993 522 1034 suo
540 969 741 1058 pertulerunt
757 967 941 1041 vindictam,
957 965 1150 1030 mediocrius
1167 975 1277 1027 tamen

242 1089 275 1144 et
289 1078 414 1166 parcius
424 1104 433 1152 ;
453 1078 485 1144 hi
504 1103 591 1155 vero,
604 1080 657 1166 qui
673 1079 718 1143 eis
735 1077 862 1141 suerunt
878 1099 971 1142 causa
989 1073 1157 1163 peccandi,
1175 1069 1277 1137 multo

242 1187 469 1254 vehementiori
476 1191 645 1277 subjacent
656 1187 777 1254 ultioni.
796 1186 885 1251 Unde
898 1185 1082 1259 edocemur,
1092 1183 1169 1270 quia
1182 1181 1276 1270 longe

243 1297 283 1362 sit
289 1297 412 1385 gravius
424 1297 492 1366 aliis
501 1321 535 1364 ca
541 1321 629 1366 usam
638 1297 781 1386 praebere
792 1293 928 1383 peccati,
937 1315 1031 1382 quam
1043 1295 1149 1380 ipsum
1164 1311 1277 1356 unum·

243 1429 402 1495 quemque
423 1429 556 1496 peccare
575 1431 582 1471 :
600 1409 682 1472 sicut
696 1417 729 1470 et
744 1404 898 1469 Dominus
920 1401 1062 1491 designat
1084 1423 1160 1467 cum
1183 1401 1274 1474 dicit,

243 1515 316 1602 quia
327 1514 458 1581 amelius
470 1515 572 1580 lucrat
585 1514 705 1581 bomini
717 1512 760 1578 1111
775 1536 840 1578 non
852 1512 953 1586 nasci,
966 1528 1025 1576 cut
1035 1509 1155 1575 molam
1169 1510 1274 1574 asina-

246 1624 350 1689 »riam
369 1622 488 1712 alligari
504 1625 588 1690 circa
606 1623 723 1690 collum
737 1626 820 1711 ejus,
837 1636 870 1689 et
886 1620 1076 1709 praecipitari
1092 1620 1125 1683 11
1140 1619 1277 1706 prolun-

139 1769 146 1785 ι
244 1760 257 1795 s
271 1733 348 1798 dum
360 1733 467 1808 maris,
481 1756 576 1820 quam
588 1746 623 1798 ut
634 1732 824 1800 scandalizet
839 1755 939 1798 unum
952 1731 991 1796 de
1004 1729 1125 1819 pusillis
1142 1729 1239 1794 istis².
1257 1759 1272 1790 ι

243 1839 409 1926 Simulque
424 1840 651 1906 advertendum
664 1854 724 1917 est,
734 1842 884 1929 quoniam
900 1839 1029 1929 quidem
1047 1861 1167 1903 nomen
1184 1860 1277 1902 scan-

247 1947 309 2013 dali
331 1972 349 2013 a
373 1949 532 2015 nonnullis
561 1950 813 2038 incompetenter
841 1948 1050 2037 praesumitur.
1073 1945 1159 2011 lllud
1183 1947 1278 2034 igitm

246 2055 430 2151 scandalum
442 2057 569 2132 dicitur,
583 2058 636 2122 nbi
651 2069 739 2124 recto
750 2059 862 2122 itinere
876 2055 1051 2123 ambulanti
1065 2053 1213 2144 deceptio
1226 2053 1278 2120 ali-

246 2189 308 2253 qua
324 2166 490 2232 instruitur
501 2165 541 2230 ad
557 2167 768 2254 peccandum,
785 2178 816 2232 et
832 2151 999 2253 subjicitur
1017 2187 1112 2231 causa
1128 2164 1275 2253 peccati:

247 2273 372 2340 sicutet
385 2273 576 2349 Madianitae,
591 2274 825 2342 ambulantibus
844 2277 875 2340 in
892 2274 959 2363 lege
970 2273 1096 2340 Domini
1115 2274 1278 2348 lsraelitis,

247 2392 279 2446 et
296 2381 543 2449 custodientibus
559 2386 748 2459 castitatem,
763 2386 1017 2450 subornaverunt
1032 2383 1197 2459 mulieres,
1211 2405 1281 2470 quae

108 2492 112 2501 '
204 2545 210 2560 ,
246 2512 300 2554 cos
315 2489 498 2578 deciperent
513 2491 554 2555 ad
569 2491 775 2579 peccandum.
801 2492 934 2558 Causam
950 2515 1025 2582 ergo
1044 2493 1189 2578 praebere
1203 2515 1282 2580 pea-

248 2597 322 2674 cati,
335 2597 399 2666 boc
413 2611 460 2664 est
472 2599 692 2666 scandalizare.
710 2599 936 2668 Verumtamen
949 2602 1042 2666 datur
1054 2600 1208 2676 vindicta,
1227 2602 1284 2666 sed

247 2707 349 2774 multo
367 2709 491 2796 gravior
510 2709 542 2773 in
563 2733 617 2782 eos
636 2711 689 2798 q'ui
707 2710 1008 2788 scandalizaverunt,
1025 2724 1056 2776 et
1076 2712 1131 2799 qui
1150 2733 1284 2777 causam

248 2817 371 2905 pcccati
387 2819 604 2906 praebuerunt,
624 2843 719 2908 quam
742 2821 773 2885 11
790 2821 911 2908 eosqui
930 2834 1153 2909 peccaverunt.
1180 2821 1285 2887 Simul

250 2936 356 2988 autem
380 2936 412 2990 et
433 2924 511 2993 illud
531 2927 674 3003 observa,
700 2928 785 3015 quod
809 2930 846 2994 iis
872 2930 1007 3018 subjecit
1034 2955 1042 2996 a
1071 2957 1083 2990 1
1105 2931 1285 2998 Novissime

250 3043 395 3109 sautem,
415 3035 536 3121 iuquit,
555 3049 587 3101 ct
603 3047 637 3100 tu
661 3039 826 3125 apponeris
847 3039 888 3104 ad
909 3038 1062 3127 populum
1079 3041 1201 3107 tuum¹.
1218 3069 1233 3102 a
1253 3043 1286 3107 Si

249 3140 377 3227 quaudo
400 3144 490 3208 nobis
505 3167 579 3209 cum
596 3144 759 3210 Samaritis
778 3167 881 3211 sermo
901 3158 960 3220 est,
980 3148 1131 3234 quoniam
1150 3148 1287 3236 quidem

247 3252 513 3317 resurrectionem
524 3245 723 3319 mortuorum
735 3265 862 3342 negant,
874 3276 934 3319 nec
944 3254 1101 3341 recipiunt
1112 3255 1214 3321 futuri
1228 3281 1288 3322 saa·

252 3355 315 3422 culi
329 3358 438 3437 fidem,
455 3383 679 3450 perurgeamus
695 3385 749 3427 eos
768 3385 807 3426 ex
823 3363 860 3426 iis
876 3363 979 3427 verbis
995 3364 1108 3448 quibus
1126 3364 1288 3430 Dominus

250 3469 327 3535 dicit
341 3468 383 3533 ad
396 3468 539 3555 Moysen,
556 3471 627 3558 quia
643 3485 821 3560 apponatur
832 3470 873 3535 ad
885 3469 1039 3559 populum
1054 3495 1158 3537 suum.
1183 3475 1288 3541 Nemo

252 3579 337 3644 enim
352 3577 520 3666 apponitur
532 3580 571 3644 ad
586 3580 708 3666 eosqui
722 3591 882 3646 nonsunt.
897 3579 986 3644 Unde
1001 3592 1125 3645 constat
1140 3604 1211 3648 esse
1229 3584 1288 3650 att,

251 3711 346 3777 quem
360 3685 526 3776 populum,
544 3688 595 3754 cui
610 3687 733 3775 Moyses
748 3702 819 3776 post
834 3691 904 3754 vttae
918 3689 1013 3776 hujus
1027 3690 1149 3757 exitum
1167 3693 1289 3759 dicitur

252 3795 468 3886 applicandus.
489 3795 571 3875 Quia
586 3779 846 3886 ergo'Propbetis
866 3819 931 3864 non
951 3799 1086 3866 credunt
1105 3799 1287 3879 Samaritae,

285 3926 294 3973 l
306 3925 382 3976 Num.
397 3941 464 3984 xxxa,
478 3940 499 3984 1,
514 3923 686 3975 1.-1111111.
698 3942 749 3988 arv,
762 3943 800 3987 ar,
814 3937 837 3994 ct
850 3929 909 3977 Luc.
922 3943 983 3990 1111,
997 3929 1078 3978 1.-1
1091 3929 1247 3994 1111111111,
1259 3951 1283 3982 a.

1357 4445 1361 4585 l
