2744 4624
429 323 461 366 ts
485 323 617 367 cssssru
640 319 768 365 nostrus
792 322 834 364 ιι.
1104 289 1146 356 55

116 442 286 530 mysticum
300 440 430 526 aliquod
447 442 588 505 indicunt
603 436 859 505 sacramentum?
872 435 963 500 Sicut
978 445 1010 498 ct
1025 429 1077 496 itte
1092 429 1147 514 qni

114 553 239 616 dicebat
253 550 293 616 dc
308 551 464 638 sapientia
478 573 487 613 ε
500 577 513 608 ι
527 551 611 614 Hunc
624 571 684 637 ego
695 547 828 636 cogitari
846 567 976 610 uxorem
988 541 1146 606 adducere

116 689 129 722 s
145 661 223 726 mihi
238 661 260 724 ¹.
273 659 453 725 »Fortassis
469 683 545 748 argo
559 661 623 746 jum
643 671 721 723 tunc
740 669 772 721 et
789 653 949 722 Abraham
968 649 1069 717 simile
1086 647 1146 714 ali·

118 771 197 858 quid
218 771 376 859 cogitarit,
392 782 426 836 et
448 772 591 857 quamvis
610 782 692 835 essct
712 769 848 855 sopiens,
867 765 930 830 hoc
951 765 1017 852 ipso
1039 773 1146 826 tamen

121 883 248 955 sciebat,
259 882 344 968 quod
359 881 521 969 sapientiae
535 879 639 945 nulius
654 890 702 944 cst
716 877 801 952 finis,
813 899 874 942 nec
885 871 1026 940 discendi
1039 867 1146 936 tormi-

120 1011 191 1053 num
207 1001 353 1052 scnectns
367 987 504 1075 imponit
508 1033 717 1051 ...............
736 983 879 1071 Denique
896 981 1033 1047 Cothona
1049 999 1145 1066 quam

117 1119 201 1162 nunc
220 1119 317 1161 senex
331 1095 495 1161 Abraham
510 1097 640 1160 sortitur
652 1095 687 1160 in
704 1093 954 1166 matrimonium,
971 1088 1142 1177 thymiama

114 1205 354 1293 interpretatur,
371 1204 459 1292 qnod
473 1215 522 1268 est
539 1202 705 1267 incensum
720 1201 769 1267 vel
784 1203 885 1267 bonus
902 1199 992 1265 odor.
1012 1197 1053 1262 Et
1077 1197 1144 1284 ipsc

113 1314 198 1378 enim
217 1313 345 1378 dicebat
360 1313 442 1378 sient
458 1309 573 1377 Pauins
592 1311 683 1384 dixit,
702 1309 774 1397 quia
790 1307 933 1374 «Christi
949 1309 1050 1372 bonus
1064 1303 1144 1369 odor

116 1451 130 1484 s
146 1421 315 1486 sumns².s
330 1420 497 1499 Quomodo
519 1432 626 1486 autem
646 1420 716 1508 quis
737 1417 854 1484 Christi
868 1419 972 1484 bonus
987 1415 1067 1480 odor
1079 1413 1145 1478 effi-

123 1529 221 1600 citur,
234 1527 405 1593 rideamus.
417 1529 583 1594 Peccatum
599 1551 649 1593 res
664 1541 712 1593 cst
732 1527 849 1593 soetida.
873 1525 1017 1612 Denique
1035 1545 1144 1612 pecca

125 1647 208 1700 tores
224 1637 328 1722 porcis
343 1651 573 1726 comparantur,
590 1639 692 1726 quiin
708 1638 844 1726 peccatis
858 1636 989 1703 velutin
1005 1647 1143 1700 stercore

117 1745 229 1810 t'oetido
245 1745 434 1811 volutantur.
444 1747 483 1811 Et
495 1746 596 1812 David
609 1771 647 1813 ex
658 1769 792 1837 persona
804 1746 979 1835 peccatoris
991 1743 1145 1832 poniten-

114 1855 153 1920 tis
165 1854 244 1920 dicit
260 1877 268 1918 :
280 1881 294 1912 r
305 1854 577 1944 Computrnerunt
588 1869 622 1921 et
632 1879 731 1921 exesae
743 1863 817 1920 sunt
828 1855 992 1922 cicatrices
1004 1874 1082 1917 meae
1090 1851 1139 1916 ’.ι

157 1962 191 2028 si
208 1963 280 2051 quis
295 1986 371 2052 crgo
386 1977 526 2030 vestrum
540 1976 589 2028 est
603 1965 635 2030 in
651 1989 715 2054 quo
731 1965 810 2030 odor
821 1963 943 2052 peccati
958 1965 1022 2052 jum
1038 1959 1144 2028 nullus

110 2088 172 2149 cst,
192 2073 248 2139 sed
269 2073 349 2138 odor
367 2076 507 2162 justitior,
527 2078 661 2141 suavitas
679 2076 918 2148 misericordiae3
942 2075 967 2139 si
987 2074 1056 2162 quis
1076 2073 1142 2138 sino

112 2184 344 2248 intermissione
367 2184 487 2248 orando
509 2182 602 2248 offert
616 2183 753 2248 Domino
774 2205 898 2271 semper
912 2183 1090 2255 incensum,
1111 2171 1158 2244 et'

120 2292 197 2356 dicit
210 2314 220 2354 ·.
233 2291 416 2379 ‹Dirigatur
431 2293 533 2356 oratio
547 2314 617 2356 mea
634 2292 715 2359 sicut
730 2291 895 2356 incensum
914 2289 946 2354 in
969 2300 1143 2376 conspectu

119 2410 210 2474 stuo,
218 2397 343 2464 elevatio
354 2422 507 2465 manuum
516 2423 661 2466 mearunt
669 2399 860 2466 sacrificium
868 2397 1111 2487 vespertinum⁴z
1123 2426 1137 2458 s

113 2506 166 2572 hic
180 2507 350 2571 Gothorum
364 2507 453 2573 duxit
473 2531 612 2574 uxorem.
628 2507 682 2574 Sic
692 2530 768 2595 ergo
781 2529 892 2571 senum
908 2506 1034 2592 mrptias
1049 2506 1145 2570 intor-

109 2615 229 2703 pretari
252 2615 376 2704 dignius
396 2627 487 2703 puto,
513 2619 559 2681 sic
580 2615 713 2704 pulchre
735 2614 810 2679 inita
832 2613 1087 2680 Patrioroharum
1111 2615 1143 2678 in

110 2723 221 2788 ultimo
238 2723 306 2811 jam
320 2735 353 2800 et
368 2724 488 2790 defecta
506 2733 597 2788 aetato
613 2723 774 2811 conjugia,
787 2723 834 2788 sic
851 2721 1041 2788 necessarias
1061 2719 1144 2788 fitio-

107 2853 184 2899 rum·
209 2835 448 2921 procreationes
471 2833 615 2898 existimo
634 2833 859 2898 numerandas.
885 2833 934 2899 Ad
957 2831 1033 2898 tales
1057 2833 1143 2899 onim

106 2945 250 3034 nuptias,
263 2954 296 3008 ot
308 2943 528 3032 hujuscemodi
545 2941 700 3017 sobolem,
716 2966 780 3008 non
797 2943 837 3006 itn
854 2944 985 3030 juvenes
999 2955 1033 3007 ut
1051 2967 1144 3009 senes

106 3055 169 3142 opti
187 3065 274 3118 sunt.
298 3052 427 3131 Quanto
447 3054 532 3118 enim
554 3053 623 3140 quis
645 3075 741 3118 carno
760 3049 829 3141 plns
851 3051 949 3116 sessus
972 3063 1032 3127 est,
1053 3063 1144 3118 tanto

104 3164 165 3227 crit
184 3162 285 3228 animi
305 3163 422 3228 virtute
437 3162 608 3237 robustior,
629 3174 661 3226 ot
681 3159 843 3248 sapientiae
855 3157 1072 3249 complexibus
1082 3183 1142 3248 np-

107 3274 177 3338 tior.
193 3273 250 3340 Sic
262 3283 295 3337 et
312 3270 365 3335 illc
381 3272 413 3336 in
429 3271 599 3359 scripturis
610 3270 623 3304 ⁶
634 3269 682 3335 vir
692 3271 793 3357 justus
805 3268 945 3335 Elchona
957 3269 1035 3334 duas
1048 3269 1143 3335 simui

110 3381 240 3447 reiertnr
255 3381 408 3446 habuisse
422 3403 548 3455 uxores,
565 3402 699 3468 quarum
717 3401 776 3443 una
791 3379 954 3455 Fenenno,
971 3376 1029 3443 alin
1050 3379 1141 3446 Anna

118 3489 290 3562 dicebatur:
314 3487 348 3552 id
367 3500 428 3563 est,
442 3489 605 3554 conversio
617 3499 649 3553 et
660 3488 768 3576 gretia.
784 3489 824 3554 Et
835 3489 937 3576 primo
950 3487 1077 3575 quidem
1091 3490 1139 3555 di-

113 3597 191 3663 citnr
204 3599 241 3664 de
254 3599 413 3664 Fenenno
429 3595 508 3662 filios
523 3598 708 3687 suscepisse,
728 3596 760 3661 id
777 3609 837 3674 est,
858 3598 896 3663 de
913 3599 1135 3670 conversione;

105 3720 134 3771 et
151 3707 366 3796 postmodum
381 3706 421 3770 dc
438 3706 541 3780 Anna,
561 3728 630 3793 quae
650 3718 698 3769 est
718 3705 825 3793 gratie.
845 3705 1007 3771 Profectus
1022 3707 1143 3771 etenim

132 3867 214 3931 ’δεμ
229 3883 290 3926 rau,
300 3881 325 3930 9.
338 3890 370 3900 -
383 3861 394 3896 ²
407 3880 418 3912 a
429 3865 484 3915 Cor.
502 3879 530 3922 n,
544 3863 580 3911 15.
603 3889 632 3900 -
642 3862 651 3896 ⁸
663 3863 728 3914 Posi.
743 3879 846 3924 xxxvru,
860 3865 884 3912 5.
897 3861 946 3901 -θ
961 3863 1022 3913 Psat.
1037 3879 1105 3925 oxu,
1117 3881 1141 3914 a.
1189 3929 1194 3939 „

96 3943 107 3974 ⁸
122 3959 130 3990 ι
149 3941 213 4006 fleg.
229 3957 252 3989 r.
