2744 4600
426 301 457 345 m
482 299 622 346 nouenos
645 299 778 344 nomem
801 301 864 344 xxi.
1090 281 1154 365 489

4 453 5 462 ¹
119 403 214 486 eorde
237 431 270 485 et
294 429 417 484 mentes
440 417 606 482 hominum
633 416 718 481 videt
745 413 843 491 solus,
865 416 920 504 qui
947 437 1005 480 nos
1027 435 1176 504 quoquo,

4 518 10 528 '⁴
118 529 243 594 etiamsi
264 549 329 593 non
353 528 437 591 inter
450 525 582 590 eximios
598 535 631 588 et
646 522 776 598 eleetos,
794 535 889 611 etque
907 520 977 587 illos
992 522 1046 608 qui
1061 544 1154 610 supro

119 650 240 704 sortem
260 648 346 711 eunt,
367 636 400 699 in
422 645 541 700 sortem
566 647 671 698 tomen
695 645 878 700 sanctorum
896 633 1042 721 dignetur
1058 630 1157 696 edde-

120 767 219 811 oero:
240 747 291 811 eui
311 757 359 810 est
385 742 484 832 glorie
508 756 541 808 et
563 742 731 831 imperium
761 743 792 808 in
816 741 929 810 saeeule
954 738 1152 807 saeoulorum.

3 889 8 898 ·
121 857 236 920 Amen.

4 1114 5 1117 ¹
117 1099 1154 1129 “mmmmmvummmmmmmmwemw-wtmmmwt

430 1321 656 1401 HOMlLlA
687 1323 847 1401 XXH‘.

272 1539 316 1602 De
321 1541 446 1623 filiabus
458 1544 484 1602 S
485 1543 611 1621 elphaal,
622 1559 646 1603 et
657 1545 690 1604 de
700 1542 870 1604 successione
883 1537 1006 1623 Moysi².

164 1761 335 1849 Quinqno³
351 1759 421 1826 fitiae
437 1761 578 1838 suerunt,
595 1786 730 1850 quarum
746 1757 842 1829 etiam
859 1759 986 1827 nomino
999 1761 1032 1826 in
1045 1753 1155 1846 Scrip-

118 1875 190 1936 tura
208 1863 440 1959 comprehense
456 1877 543 1947 sunt,
557 1873 596 1939 de
612 1869 763 1961 Salphent
778 1871 915 1960 quodam
933 1867 1073 1936 Israelita
1085 1891 1156 1956 pro-

0 1990 1 1995 ’
116 1982 242 2070 genitio,
256 1981 310 2068 qui
323 1992 467 2046 mortuus
478 1994 527 2047 est
542 1980 574 2048 in
589 1983 728 2057 deserto,
741 1980 826 2047 nulle
842 1977 921 2047 virili
940 1972 1049 2045 sobole
1067 1976 1155 2041 dere·
1209 1991 1215 2006 ⁸

116 2083 206 2156 licto.
219 2090 375 2178 lstaeorgo
384 2089 456 2156 [iliae
463 2081 614 2180 Selphaet
627 2089 828 2180 interpellent
840 2091 983 2179 Moysen,
992 2103 1024 2155 et
1035 2100 1152 2153 sortem

117 2211 259 2286 peternae
268 2197 458 2264 haereditetis
470 2212 646 2288 exposcunt
658 2200 813 2274 dicentes,
826 2221 867 2264 ne
880 2197 1023 2264 doleatur
1036 2195 1152 2261 nomen
1250 2289 1254 2297 Ι

117 2306 218 2397 patris
231 2329 338 2372 earum
351 2306 389 2372 de
401 2307 508 2372 medio
519 2307 619 2397 plebis
636 2331 713 2382 suae,
726 2305 876 2395 quianon
892 2319 939 2371 est
956 2307 984 2370 ei
1003 2305 1051 2370 vir
1068 2302 1152 2368 filius

1 2416 10 2462 t
115 2411 1154 2503 natus.ResertprohoellloyseoconsultationemedDeum.Ou1÷
1252 2402 1255 2412 ¹

114 2523 288 2614 nipotentis
310 2535 417 2590 autem
438 2525 496 2589 Dei
518 2523 686 2590 clementia
708 2524 915 2619 non-spernit
939 2545 999 2588 nee
1020 2521 1153 2611 despicit

115 2630 383 2699 consultationem
406 2655 476 2719 quae
499 2625 632 2698 ollertur
655 2657 672 2696 e
693 2629 818 2721 puellis,
839 2643 872 2696 et
892 2655 957 2697 non
980 2627 1083 2695 solum
1100 2655 1152 2696 re-

1 2738 3 2744 ’
112 2765 229 2830 sponse
252 2741 327 2805 date
344 2741 503 2830 dignatur,
517 2740 573 2805 sod
593 2741 751 2832 intentum
767 2742 880 2828 probet
896 2751 929 2806 et
950 2737 1152 2827 amplectitur

112 2851 211 2916 verbe
226 2872 350 2925 earum,
369 2860 403 2912 ut
418 2873 456 2914 ex
472 2848 545 2936 ipsis
560 2861 675 2915 aetorna
691 2848 874 2914 hominibus
891 2845 962 2938 jure
979 2849 1150 2913 constituat

109 2967 145 3026 et
165 2957 451 3024 seculis-omnibus
471 2958 676 3024 observande.
698 2958 751 3024 nit
769 2956 854 3022 enim
869 2981 877 3022 ε
890 2984 902 3016 o
915 2945 1061 3044 Loquens
1081 2970 1150 3022 erat

1 3067 3 3128 i
110 3067 296 3134 »Dominus
311 3066 352 3132 acl
374 3061 504 3152 Moysen
521 3081 529 3128 τ’
546 3064 646 3132 Recte
668 3064 781 3131 locutae
807 3077 879 3130 sunt
896 3063 967 3130 filiae
986 3063 1145 3153 Salpheet.

1 3221 3 3234 .
107 3175 240 3242 »Dabis
260 3175 306 3240 eis
325 3173 555 3264 possessionem
575 3173 608 3239 in
631 3172 736 3238 medio
756 3174 890 3238 fratrum
912 3173 1008 3261 petris
1031 3175 1092 3248 sui,
1116 3185 1148 3237 et
1186 3223 1189 3230 .

107 3318 123 3350 ι
141 3287 235 3351 dabis
250 3295 368 3352 sortem
384 3285 481 3374 petris
498 3286 637 3374 ipsarum
654 3282 728 3373 ipsis
737 3309 746 3359 ;
761 3297 794 3351 et
808 3281 880 3349 liliis
896 3279 991 3350 lsrael
1011 3283 1147 3373 loquoris

1 3429 2 3437 κ
110 3423 125 3456 o
143 3393 392 3458 dieens2110mo
408 3394 432 3457 si
453 3406 598 3460 mortuns
622 3395 729 3469 luerit,
748 3405 781 3459 et
800 3393 883 3460 lilius
906 3418 970 3460 non
989 3394 1084 3459 suerit
1104 3395 1146 3468 oi,

107 3533 123 3567 u
140 3501 257 3569 debitis
271 3501 488 3568 haereditetem
500 3504 569 3592 ojus
588 3502 659 3568 filiae
675 3503 755 3591 ejus.
774 3503 868 3583 Quod
889 3503 913 3567 si
931 3526 994 3568 non
1011 3501 1103 3568 luerit
1119 3501 1147 3566 ei

105 3645 120 3676 o
136 3611 216 3686 lilia,
231 3612 343 3677 dabitis
364 3611 579 3680 haereditatem
595 3613 683 3679 fratri
699 3613 779 3701 ejus.
796 3613 891 3692 Quod
910 3613 935 3677 si
952 3635 1015 3678 non
1031 3611 1147 3678 luerint

138 3775 240 3822 1Τυιιι.
252 3773 290 3833 ll,
302 3791 327 3838 p.
340 3775 387 3834 355
402 3786 426 3825 et
436 3793 510 3841 seqq.

136 3845 240 3897 ΙΝιιιιιΙ
250 3863 329 3897 uon.

136 3925 194 3973 ³N.
211 3939 233 3970 1.
318 3965 323 3978 ,
