2682 4594
322 304 355 345 tlt
380 299 520 346 rstuttutt
543 299 633 340 ΧΧΧῊ
658 299 729 342 nott.
759 301 805 342 111.
1015 302 1079 367 Ὦ]

66 424 194 515 impletur
211 435 351 490 autema
371 419 514 496 diabolo,
527 418 580 485 itta
600 419 639 484 do
657 442 719 506 qua
736 420 862 488 dicebat
880 422 1023 489 diabolus
1042 425 1083 490 ad

65 535 220 602 Dominum
237 555 246 597 ε
266 530 521 597 «Verumtamen
536 527 671 594 immitte
689 549 819 593 manum
835 541 923 595 tuom
941 543 973 596 et
989 544 1082 622 tange

67 644 175 708 somnia
192 663 263 730 quse
277 639 393 714 habet,
411 638 469 702 nisi
485 637 518 700 iu
532 636 644 702 faciem
657 647 687 700 te
703 635 932 713 benedixerit¹,
946 653 998 704 vet
1013 653 1083 708 turn

65 751 172 838 accepit
191 771 265 814 eum
282 748 316 811 in
336 755 501 836 potestate.
521 743 611 809 Unde
633 754 665 807 et
686 743 752 832 ipse
770 744 834 810 Job
858 745 900 811 oit
916 770 924 811 :
942 775 955 808 s
974 747 1084 816 ttanus

68 859 160 924 »enim
173 855 299 922 Domini
312 867 360 919 est
375 877 446 940 quse
461 851 593 940 contigit
608 875 659 917 mo
669 849 691 916 ².
711 880 724 913 v

105 963 181 1030 vltt.
206 961 382 1029 «Suffulcit
397 972 504 1026 autem
522 961 623 1047 justos
644 960 829 1026 Dominus³.
849 991 861 1022 a
886 964 950 1044 Qui
965 962 1082 1034 infirmi

66 1083 170 1138 suntet
183 1069 327 1158 fragiles,
340 1092 423 1157 opus
436 1067 555 1133 habeut
567 1066 742 1132 suffultore.
763 1068 822 1134 Ubi
835 1072 925 1136 ruina
941 1074 1086 1140 imminet

67 1193 94 1246 et
117 1180 235 1268 lapsus,
257 1179 311 1244 ubi
338 1176 489 1264 queritur
511 1173 688 1241 suffultum.
717 1176 830 1242 Omnis
856 1191 963 1246 autem
991 1183 1088 1248 homo

66 1300 208 1378 quantum
224 1286 263 1351 ad
277 1285 450 1354 humanam
466 1281 666 1370 fragilitatem
681 1296 821 1372 spectat,
837 1299 869 1352 et
885 1287 1029 1354 infirmus
1041 1304 1089 1356 est

68 1407 97 1460 et
108 1405 266 1483 promptus
278 1393 318 1457 ad
332 1391 464 1480 lapsum.
483 1392 523 1455 Et
535 1391 567 1455 iu
580 1391 640 1456 hoc
653 1392 781 1479 quidem
798 1392 919 1482 psalmo
934 1398 1088 1486 scriptum

68 1515 129 1577 est,
147 1501 217 1589 quie
233 1501 332 1589 justos
349 1497 506 1567 suffulciat
524 1500 697 1576 Dominus,
710 1512 741 1564 et
753 1500 785 1566 in
797 1501 858 1566 ulio
874 1504 969 1570 dicit:
988 1535 1000 1567 ι
1016 1507 1091 1572 Sus-

70 1608 173 1674 »sulcit
184 1609 337 1674 Dominus
351 1630 461 1672 omnes
477 1607 531 1694 qui
546 1605 683 1684 cedunt,
699 1620 730 1672 et
745 1609 836 1698 erigit
849 1611 1003 1678 Dominus
1019 1638 1091 1681 om-

69 1741 141 1786 anes
154 1714 300 1781 elisos⁵.»
317 1716 454 1782 Tantum
468 1727 515 1779 est
532 1727 566 1780 ut
582 1739 639 1780 nos
654 1718 907 1805 expergiscamur
922 1720 1091 1809 aliquando

66 1838 96 1891 et
110 1824 307 1913 evigilemus,
327 1836 362 1888 ut
381 1823 548 1910 siquando
570 1847 627 1911 per
641 1823 857 1892 infirmitatem
873 1851 963 1895 casus
981 1830 1090 1919 aliquis

63 1933 219 2006 imminet,
238 1933 446 2020 deprecemur
462 1931 634 1994 Dominum
653 1945 689 1997 ut
712 1934 816 1999 mittut
841 1937 931 2002 nobis
957 1940 1089 2007 verbum

62 2066 152 2108 suum
166 2053 197 2106 et
208 2040 393 2128 sapientiam
407 2063 513 2112 snam,
530 2062 599 2125 qum
615 2039 772 2106 suffulciat
787 2065 914 2110 casuros
930 2060 961 2111 et
976 2049 1085 2138 erigut.

104 2149 160 2213 IX.
179 2147 377 2236 «Cognoscit
391 2146 545 2211 Dominus
556 2147 621 2210 dies
634 2147 926 2228 immaculatorum,
943 2166 975 2218 et
989 2157 1091 2223 haere-

65 2257 166 2326 »ditas
177 2279 288 2321 eorum
304 2256 337 2320 in
354 2267 509 2319 aeternum
521 2253 634 2318 erist»
650 2255 834 2324 Secundum
850 2259 1029 2350 Scripturas
1047 2267 1091 2330 si-

66 2376 119 2428 cut
130 2365 160 2428 in
171 2362 275 2428 multis
290 2361 367 2428 locis
380 2363 631 2438 observavimus,
649 2362 803 2428 Dominus
819 2389 882 2430 uon
899 2371 1005 2436 onmia
1018 2396 1089 2461 cog-

60 2472 180 2547 noscit,
202 2471 257 2536 sed
278 2469 343 2535 sola
363 2467 414 2544 illa
433 2493 502 2556 quse
524 2471 607 2536 bona
622 2483 722 2536 sunt:
745 2471 826 2538 mala
851 2487 955 2540 autem
976 2478 1091 2544 dicitur

58 2581 219 2668 ignorare,
232 2603 296 2645 non
311 2579 398 2667 quod
409 2601 482 2643 vere
494 2577 613 2665 aliquid
628 2579 667 2643 sit
682 2580 768 2666 quod
779 2582 847 2668 ejus
861 2584 1024 2650 scientiam
1044 2586 1091 2653 la·

57 2700 121 2754 teat
130 2738 139 2764 ,
149 2688 206 2755 sed
214 2711 250 2753 ea
257 2711 327 2775 quse
339 2686 466 2774 indigna
479 2697 552 2750 suut
564 2686 792 2786 notioneiejust,
806 2690 922 2756 dicitur
932 2693 1086 2781 ignorare.

55 2797 153 2877 Quod
165 2796 359 2862 ostendimus
367 2794 463 2858 etiam
474 2794 513 2858 do
526 2794 695 2883 Scripturis
706 2846 715 2872 ,
728 2804 802 2863 cum
815 2798 1088 2890 dicitApostolus:

62 2905 119 2970 «Si
135 2904 204 2991 quis
220 2905 252 2968 in
270 2903 359 2968 uobis
374 2901 550 2990 Propheta,
578 2902 626 2967 vol
645 2904 809 2992 spiritalis,
833 2924 1002 2996 cognoscat
1020 2937 1090 3000 qum

50 3013 185 3078 »scribo
204 3012 310 3086 vobis,
328 3011 479 3097 quoniam
494 3011 621 3076 Domini
639 3025 721 3077 sunt.
742 3013 774 3079 Si
791 3016 860 3102 quis
877 3030 983 3084 autem
999 3020 1091 3109 igno-

44 3133 140 3196 παι,
158 3117 413 3208 ignorabitur⁶.s
437 3119 477 3182 Et
489 3118 522 3181 in
537 3119 707 3206 Evangelio
723 3121 776 3187 ubi
793 3121 869 3188 dicit
884 3127 1038 3194 Dominus
1050 3133 1090 3196 ad

39 3240 256 3319 peccatores:
280 3226 414 3292 «Nescio
433 3249 506 3300 vos,
521 3225 671 3291 discedite
688 3253 704 3292 a
724 3252 774 3292 me
792 3234 926 3317 operarii
946 3237 1090 3325 iniquita—

39 3336 147 3402 tis⁷.»
173 3337 265 3402 Sicut
279 3346 398 3423 ergoet
411 3333 484 3399 alibi
497 3334 631 3400 dicitur:
650 3363 662 3394 s
678 3335 848 3424 Cognoscit
864 3341 1016 3409 Dominus
1035 3350 1088 3434 qui

37 3471 53 3503 ι
64 3451 149 3506 sunt
157 3439 334 3527 ejus¹,»sic
343 3438 396 3503 hic
405 3462 468 3503 non
478 3438 646 3526 impiorum
656 3488 665 3514 ,
675 3440 729 3504 sed
738 3441 1012 3514 immaculatorum
1023 3452 1089 3517 dies

33 3567 246 3635 cognoscere
269 3545 386 3610 dicitur
405 3542 569 3608 Dominus.
594 3543 686 3631 Digni
705 3545 790 3610 cuim
815 3550 943 3615 scientia
960 3554 1088 3621 Domini

70 3725 164 3774 ¹101).
181 3741 205 3774 r.
232 3719 457 3782 rr.-—²Id.xrx,
480 3737 552 3772 αι·
574 3723 1090 3798 mutuum,17.-·1a,01„,‚g,

28 3843 63 3854 -
77 3821 89 3854 ί
103 3816 146 3862 ld.
170 3831 272 3876 xxxvi,
295 3811 379 3866 18.-
392 3807 425 3861 ἰ
442 3810 501 3862 Cor.
516 3829 559 3860 ιιι
570 3847 577 3875 ,
594 3810 641 3879 37,
663 3810 703 3862 38.
717 3841 749 3851 -
765 3810 873 3868 ⁷Mnm.
887 3837 935 3882 vu,
956 3821 1040 3872 23...
1059 3829 1088 3878 ¹²

29 3909 95 3958 sim.
116 3922 160 3966 rr,
183 3919 226 3967 tp.
