2748 4596
240 261 245 268 ’
357 289 389 334 su
414 290 528 334 uroauu
551 289 620 334 assu
646 289 727 332 assu
754 291 828 334 nou.
856 291 924 334 vm.
1120 273 1162 354 47

4 437 6 454 ¹
119 415 379 503 adversariasque
397 414 528 480 virtutes
543 414 597 501 qui
612 424 732 502 cogunt
754 413 901 480 homines
918 414 958 480 od
975 427 1162 503 peccatum,

1 567 15 606 ,ς
121 526 266 593 dooendo
277 573 286 600 ,
299 523 514 598 instituendo,
526 534 558 587 et
570 520 727 589 oeoulteta
738 522 771 588 in
787 522 899 588 divinis
912 521 1024 589 litteris
1035 547 1074 589 ex
1086 524 1163 590 loois

8 677 14 696 1
120 631 237 699 talibus
255 632 288 696 in
303 627 450 716 qualibus
465 649 552 693 nuno
570 651 698 701 sumus,
716 627 866 714 mysteria
888 627 1082 694 reserando:
1099 630 1164 694 sive

121 741 282 806 civitatem
291 737 419 804 Domini
432 736 682 824 uuiuscujusque
698 747 843 802 nostrum
856 735 994 802 animem
1007 735 1167 824 intelliga-

10 899 16 936 ἰ
121 873 194 916 mus
205 899 214 926 ,
226 873 295 938 quae
309 847 513 915 aediiioatara
527 847 665 914 Domino
676 871 715 913 ex
727 847 884 937 lapidibus
895 850 989 925 vivis,
1001 848 1035 916 id
1047 861 1095 915 est
1106 900 1114 925 ,
1127 869 1168 916 ex

120 958 291 1025 virtutibus
305 957 398 1024 variis
410 968 443 1021 et
455 957 585 1022 diversis
601 980 609 1022 :
627 957 666 1022 de
678 957 744 1045 ipsa
758 981 885 1046 quoque
896 958 1022 1028 civitate
1038 971 1168 1024 sanctus

6 1099 7 1106 κ
121 1068 254 1156 quisque
271 1078 304 1131 et
325 1064 456 1154 diligens
476 1065 563 1152 ejicit
582 1077 789 1153 peccatores:
813 1065 846 1132 id
870 1078 935 1143 est,
960 1066 1167 1155 cogitationes

17 1234 20 1247 ,
120 1175 293 1265 pessimas,
310 1185 343 1240 et
358 1173 545 1263 cupiditates
561 1195 673 1261 pravas
688 1172 839 1239 interficit
858 1174 891 1239 in
909 1175 1078 1241 matutino.
1096 1176 1169 1240 Jus-

122 1298 174 1350 tus
187 1284 274 1350 enim
293 1282 371 1350 dicit
392 1305 400 1348 :
421 1308 434 1344 a
450 1281 487 1347 ln
502 1281 665 1347 matutinis
677 1282 856 1348 meditabar
872 1283 905 1349 in
926 1296 978 1360 te,
994 1287 1067 1374 quia
1083 1284 1168 1350 luisti

123 1390 275 1477 »adjutor
294 1411 384 1455 meus
395 1387 418 1454 ¹.
437 1415 450 1449 a
467 1389 564 1469 Quod
580 1400 628 1453 est
643 1389 728 1455 istud
743 1389 956 1466 matutinum,
980 1391 1039 1456 nisi
1057 1391 1169 1456 Domi-

0 1540 6 1594 p-
126 1521 189 1562 nus
204 1508 314 1563 noster
324 1497 415 1563 lesus
427 1497 591 1572 Christus,
607 1497 661 1585 qui
676 1509 725 1562 est
740 1496 902 1584 lustrem,
925 1511 957 1564 et
979 1500 1122 1565 exoriens
1136 1500 1170 1565 in

0 1665 18 1693 p.
127 1606 282 1672 cordibus
296 1606 427 1683 uostris,
444 1617 539 1692 atque
552 1603 733 1671 illuminans
752 1606 938 1696 ignorantiae
952 1620 1068 1673 uostrae
1084 1620 1170 1672 tene-

127 1717 220 1790 bras,
244 1726 276 1778 et
300 1713 485 1802 hujusmodi
509 1714 602 1780 nobis
621 1714 772 1801 mysteria
786 1713 948 1792 revelans,
965 1695 1041 1784 lacit
1060 1739 1117 1782 nos
1138 1716 1171 1782 in

124 1820 245 1888 lumine
259 1846 317 1888 suo
329 1820 438 1889 lumen
451 1821 585 1888 siderei
598 1822 632 1888 Si
646 1821 774 1908 quando
786 1845 862 1911 ergo
873 1825 965 1912 Legis
980 1824 1014 1890 in
1026 1825 1173 1913 Scriptu-

121 1929 168 1996 ris
182 1931 298 2014 sanetis
311 1931 472 2018 justorum
488 1953 629 2020 pugnas,
648 1929 750 1999 cades
772 1953 810 1996 ao
828 1942 946 2020 strages
964 1933 1175 2022 interempto-

10 2056 13 2064 ·
123 2063 218 2114 rum,
231 2049 264 2102 et
277 2039 352 2127 quia
364 2038 464 2104 sancti
473 2036 567 2104 nullis
575 2039 701 2127 penitus
709 2037 856 2104 hostibus
869 2051 1019 2127 parcunt,
1029 2041 1174 2129 quinimo

124 2158 161 2212 et
171 2147 196 2213 si
208 2148 426 2237 pepercerint,
444 2147 582 2235 reputari
595 2147 641 2212 eis
656 2147 689 2211 id
703 2159 871 2235 peccatum
881 2197 890 2224 ‚
901 2149 983 2213 siout
992 2161 1173 2237 reputatum

128 2266 180 2322 est
186 2253 271 2321 Sauli
281 2257 351 2346 ,qui
359 2255 466 2322 vivum
472 2267 686 2322 reservaverat
693 2255 792 2344 Agug,
799 2279 906 2345 regem
915 2255 1069 2324 Amalech
1077 2256 1102 2334 ²,
1113 2257 1175 2322 hoe

0 2343 8 2368 ⁵
128 2364 230 2432 modo
241 2387 408 2453 quosupra
424 2364 646 2454 exposuimus,
660 2363 799 2454 intellige
813 2363 896 2432 bella
907 2367 1066 2454 justorum
1078 2415 1087 2442 ,
1101 2365 1176 2454 quia

125 2474 201 2542 haeo
217 2469 298 2538 bella
316 2474 356 2539 ab
375 2473 420 2539 eis
440 2473 608 2540 adversum
629 2484 797 2560 peceatum
816 2484 980 2562 geruntur.
1005 2473 1176 2553 Quomodo

63 2615 67 2620 -
124 2590 238 2644 autem
252 2578 430 2644 manebunt
446 2577 541 2668 justi,
563 2577 588 2643 si
607 2575 656 2642 vel
672 2600 785 2666 parum
804 2575 924 2665 aliquid
939 2579 1062 2667 peccati
1076 2578 1111 2643 iu
1126 2601 1177 2644 se-

125 2687 272 2777 metipsis
286 2685 538 2754 reservaverint?
551 2687 592 2752 Et
601 2686 673 2751 ideo
687 2686 804 2752 dicitur
818 2687 858 2752 de
875 2687 940 2763 eis,
961 2687 1034 2776 quia
1054 2709 1117 2752 uon
1131 2710 1179 2752 m·
1198 2707 1201 2712 ·

125 2795 294 2884 liquerunt
306 2818 367 2862 neo
381 2819 482 2862 unum
496 2794 551 2884 qui
565 2791 669 2860 salvus
681 2793 791 2870 lieret,
805 2818 845 2860 ne
859 2792 1022 2884 effugeret.
1033 2796 1179 2862 Fortasse

129 2927 200 2970 non
212 2905 289 2972 mibi
301 2903 434 2982 credes,
448 2903 533 2992 quod
548 2903 715 2969 adversum
728 2914 896 2992 peecatum
906 2904 996 2971 nobis
1003 2904 1181 2994 injungitur

127 3036 239 3104 pugna
256 3037 264 3078 :
278 3011 376 3079 Paulo
393 3013 487 3078 erede
500 3009 636 3078 dicenti:
649 3011 821 3078 «Nondum
835 3032 934 3098 usque
945 3011 1178 3102 edsenguinem

13 3191 18 3203 ,
128 3121 311 3188 »restitistis
320 3118 821 3210 adversumpeooatum³.»Vides
829 3119 887 3185 tibi
896 3118 1181 3209 adversumpecos-

127 3245 205 3298 tum
225 3254 363 3320 pugnam
385 3229 542 3320 proponi,
562 3241 594 3293 et
613 3251 712 3316 usque
728 3227 769 3294 ad
782 3227 942 3316 sanguinis
964 3229 1181 3317 profusionem

131 3335 225 3402 istud
238 3337 294 3401 tibi
310 3334 455 3424 praelium
466 3331 779 3400 consummandum?
794 3330 858 3398 Aut
868 3355 932 3397 non
942 3333 1181 3402 evidenterhreo
1216 3393 1221 3402 .

132 3442 259 3514 indicat
272 3443 434 3533 Scriptura
449 3443 570 3518 divina,
587 3454 619 3507 et
635 3441 667 3507 in
683 3441 719 3507 iis
735 3441 768 3505 in
782 3440 897 3528 quibus
910 3440 1008 3506 moris
1021 3453 1069 3506 est
1081 3443 1109 3508 ei
1132 3443 1182 3508 di·

131 3574 212 3620 cere
222 3601 231 3628 ,
243 3549 599 3627 ‹sanctificetebellum,
608 3563 636 3615 ot
643 3548 823 3640 pugnabitis
831 3571 970 3640 pugnam
978 3549 1106 3617 Domini
1117 3549 1127 3583 ⁶
1138 3550 1175 3616 i»

132 3659 226 3743 Quid
250 3659 336 3726 enim
359 3658 443 3727 aliud
462 3671 510 3727 est
528 3657 728 3728 sanctificare
745 3655 883 3733 bellum,
908 3658 966 3724 nisi
984 3659 1183 3747 interemptis

171 3807 180 3840 ¹
195 3809 258 3856 ant.
271 3825 351 3871 xuni,
372 3809 403 3866 6,
424 3827 447 3872 7.
461 3805 613 3873 -—¹1Reg.
631 3805 669 3860 15.
688 3835 721 3845 -
734 3802 744 3837 ⁸
756 3807 831 3856 lioba.
843 3823 900 3868 ιιι,
914 3812 938 3868 4.
953 3835 981 3844 -
998 3805 1085 3858 “Joel.
1098 3825 1144 3873 ιιι,
1155 3824 1180 3875 p.

133 3919 144 3950 ι
161 3902 224 3962 llrg.
236 3915 317 3955 17111.
331 3913 370 3966 ¹7.
