2702 4610
215 204 275 280 184
655 226 798 272 oatcasss

264 348 299 429 '2⁰
311 357 420 450 Quod
439 359 567 429 attinet
585 357 629 428 ad
649 355 867 430 sacrificium
885 377 953 454 pro
967 371 1115 455 peccato
1136 383 1259 430 sacen·

216 462 312 534 dotis
330 469 380 534 ita
399 467 561 566 pergit¹z

260 657 341 677 ......
354 637 367 670 ι
383 608 416 690 Si
431 609 585 700 pontifex,
599 612 722 699 inquit,
742 613 795 700 qui
815 626 927 679 unctus
945 595 998 679 est
1009 612 1208 704 peccaverit,
1224 626 1259 677 ut

215 717 396 810 »populum
417 719 536 786 faceret
557 744 703 809 peccare,
720 721 832 789 offeret
854 747 911 812 pao
931 735 1064 812 peccato
1085 746 1145 787 suo
1170 724 1258 786 vitn-

216 830 312 896 »fum
333 831 373 895 de
395 831 499 896 bobus
519 831 585 896 sine
605 831 729 897 macula
752 833 889 897 Domino
898 832 923 898 ².
940 863 952 894 ι
973 832 1092 897 Teneor
1106 831 1209 896 simul
1224 845 1257 895 ct

218 940 434 1006 misericordia
458 941 490 1006 in
513 941 626 1007 divinis
652 940 774 1031 iegibus
796 953 983 1008 ostentatur.
1011 943 1099 1008 Itane
1121 943 1259 1006 tandein

218 1060 324 1130 tutum
339 1060 387 1118 cst
402 1049 493 1125 nihil,
509 1049 707 1138 neupontifex
722 1051 876 1140 quidem?
887 1063 919 1114 et
934 1050 986 1139 qui
1002 1049 1173 1138 pontifex?
1186 1049 1261 1138 ipse

205 1157 273 1242 *qui
305 1168 419 1222 unctus
440 1169 499 1234 est,
522 1157 587 1246 ipse
609 1159 663 1248 qui
686 1160 783 1226 sectis
811 1159 936 1248 ignibus
959 1159 1062 1224 divina
1087 1159 1261 1223 succendit

219 1263 340 1341 alteria,
357 1267 411 1358 qui
430 1267 498 1332 Deo
517 1290 649 1334 munera
667 1280 700 1332 ct
718 1267 869 1334 salutares
891 1269 1009 1334 hostias
1025 1266 1261 1354 immoiotxqui

220 1375 304 1441 inter
315 1376 418 1448 Deum
433 1389 466 1441 et
482 1377 624 1444 homines
641 1377 764 1444 medius
778 1377 908 1465 quidam
925 1377 1151 1466 sepnopitiator
1163 1378 1260 1442 inter-

222 1486 321 1560 venit,
334 1509 394 1552 nec
408 1486 479 1562 iste,
495 1487 640 1574 inquam,
655 1487 721 1576 ipae
739 1487 890 1553 immunis
908 1498 1016 1552 manet
1032 1511 1050 1552 a
1066 1487 1259 1575 contagione

223 1595 356 1685 peccati.
369 1595 433 1662 Sed
445 1595 515 1661 vide
526 1595 775 1664 misericordiam
789 1595 863 1671 Dei,
874 1607 907 1662 et
919 1594 1042 1684 plenitas
1058 1618 1147 1670 eam,
1160 1595 1259 1661 Paulo

222 1706 373 1781 docente,
389 1727 555 1793 cognosce.
574 1705 645 1794 lpse
665 1707 751 1772 enim
767 1706 808 1774 ad
828 1707 977 1773 Hebraeos
993 1705 1140 1774 scribens
1158 1706 1255 1773 dicit:

233 1813 374 1880 «Omnis
394 1833 532 1900 namque
550 1813 692 1902 pontifex
709 1817 750 1880 ab
776 1813 959 1882 hominibus
980 1827 1182 1903 assumptus,
1205 1838 1256 1904 pao

225 1952 237 1983 ι
254 1923 437 1987 hominibus
453 1924 656 1988 constituitur
670 1925 712 1989 ad
727 1923 905 1990 offerendas
924 1924 1042 1990 hostias
1056 1923 1128 1990 Deo
1145 1925 1169 1989 ⁸.
1187 1954 1201 1986 a
1223 1927 1257 1990 Et

225 2033 419 2124 paulopost:
448 2033 557 2110 ¹¹ch‚¹
577 2035 699 2121 inquit,
719 2035 864 2101 homines
890 2035 1056 2102 constituit
1080 2037 1252 2101 sacerdotes

228 2173 239 2204 ι
256 2142 470 2208 infirmitatem
482 2142 635 2208 habentes
647 2143 698 2219 ’,ι
719 2155 754 2207 ut
770 2143 891 2231 possint
906 2141 986 2208 sicut
1002 2131 1150 2230 prosus,
1168 2143 1254 2208 etiam

227 2276 283 2342 pto
300 2252 408 2342 popuii
431 2252 615 2320 infirmitate
636 2252 762 2319 offerre.
781 2252 877 2320 Vides
898 2275 973 2341 engo
992 2252 1259 2341 dispensationem

226 2364 340 2430 divinae
360 2364 530 2454 sapientise.
560 2364 750 2430 Sacerdotes
771 2364 895 2438 statuit,
916 2384 980 2428 non
1003 2386 1058 2430 eos
1080 2364 1133 2450 qni
1151 2364 1257 2428 omni-

229 2474 324 2541 modo
344 2496 479 2564 peccare
500 2497 565 2540 non
589 2485 730 2562 possent,
746 2470 886 2559 alioquin
902 2495 965 2539 non
981 2483 1089 2537 essent
1099 2469 1256 2544 homines,

229 2586 285 2653 sed
306 2610 360 2664 eos
380 2586 435 2672 qui
455 2585 571 2652 imitari
592 2583 721 2670 quidem
742 2581 881 2648 debeant
904 2580 993 2646 iilum
1015 2581 1071 2667 qui
1094 2589 1259 2668 peccatum

230 2718 295 2761 non
318 2693 412 2768 fecit:
436 2693 550 2759 offerre
572 2703 679 2758 eutem
706 2690 823 2758 hostias
845 2691 949 2779 prime
970 2707 1030 2778 pro
1053 2689 1132 2766 suis,
1153 2703 1259 2779 postea

231 2827 288 2892 pao
308 2803 416 2892 populi
439 2801 572 2870 defictis.
596 2799 661 2868 Sed
682 2799 759 2887 quid
775 2801 934 2888 pmtcipue
955 2800 989 2864 in
1011 2798 1198 2886 hujusmodi
1217 2818 1260 2865 sa·

231 2914 361 2980 cerdote
375 2913 555 2980 minandum
570 2911 641 2978 ost?
657 2933 721 2978 noo
738 2922 773 2975 ut
789 2934 852 2976 non
870 2921 994 2999 peccet,
1010 2911 1097 2997 quod
1114 2909 1185 2976 fieri
1200 2933 1263 2978 non

232 3033 354 3112 potente
370 3022 426 3089 sed
443 3035 478 3088 ut
493 3033 642 3114 agnoscat
654 3032 689 3088 et
702 3017 855 3110 intelligat
866 3032 1035 3109 peccatum
1051 3041 1159 3091 sunm·
1180 3019 1261 3087 Nun·

232 3147 330 3222 quam
350 3135 436 3200 enim
458 3155 492 3199 se
513 3133 675 3209 emendat,
696 3133 750 3220 qni
775 3151 922 3219 peccasse
943 3153 977 3196 so
1003 3153 1069 3196 non
1087 3143 1191 3219 putat.
1212 3127 1261 3196 si-

231 3242 300 3319 mul
319 3243 391 3330 quia
413 3255 445 3308 et
467 3237 587 3308 fiacdius
610 3253 712 3331 potest
734 3239 899 3329 induigene
919 3241 1142 3331 peccantibus,
1164 3241 1263 3328 isqui

234 3351 367 3440 alicujus
383 3351 573 3420 infirmitatis
589 3378 652 3420 aoae
667 3353 861 3420 conscientie
876 3353 1133 3424 remordens...

269 3505 277 3537 ¹
291 3503 322 3554 N.
337 3503 358 3552 3.
373 3521 398 3568 p.
412 3505 465 3569 189.

270 3578 372 3628 ’Letit
387 3596 420 3640 av,
431 3579 513 3630 3.-⁸
525 3580 592 3628 Heb.
605 3596 629 3638 v,
643 3598 661 3630 1.
677 3609 706 3617 -
720 3580 729 3612 ⁴
742 3579 779 3630 id.
795 3597 842 3637 vn,
855 3579 892 3628 28.
