2744 4600
266 294 331 381 4¹88
563 345 567 353 ·
732 322 875 370 ememus

318 437 407 503 «Per
423 436 583 530 sortem¹,
610 438 733 524 inquit,
761 440 822 504 erit
844 438 1035 504 haereditetis
1057 435 1284 504 distributio¹.'»
1357 415 1359 498 J

265 546 335 611 lloc
345 545 475 633 quidem
485 546 680 636 precipitur,
690 547 746 612 sed
757 569 833 612 oum
844 547 936 613 venio
948 547 989 614 ad
1001 546 1193 635 Scripturas,
1206 545 1289 609 video

265 653 368 741 ipsum
388 653 531 741 Moyseo,
547 655 600 720 cui
617 654 676 720 isto
695 655 899 731 mundantur,
916 667 1001 720 sorte
1022 678 1086 722 noo
1108 656 1154 719 uti
1171 655 1203 720 in
1217 653 1290 719 divi-

265 762 352 826 sione
364 761 554 829 hereditatis
565 762 692 840 Ruben,
700 776 733 828 et
744 763 827 839 God,
836 775 868 829 et
880 763 1016 832 dimidios
1028 765 1130 830 tribus
1140 762 1286 828 blenossc.

265 870 331 936 Sed
355 884 388 936 et
408 871 502 937 Jesus
523 872 609 938 Nove
633 885 720 938 extre
742 884 861 938 sortem
884 872 938 939 dat
962 872 1180 938 hereditatem
1200 871 1289 937 tribui

264 979 362 1056 «ludo,
374 991 406 1045 et
421 980 534 1057 Coleb,
547 994 578 1046 et
593 993 679 1047 extre
696 994 814 1047 sortem
831 983 885 1048 det
895 993 928 1045 et
943 982 1041 1046 tribui
1054 980 1187 1056 effrem,
1200 991 1232 1046 et
1246 981 1289 1044 di-

266 1090 371 1155 midiae
390 1091 485 1156 tribui
506 1090 648 1157 bleousse
664 1113 673 1155 τ
692 1092 724 1156 in
744 1090 865 1156 ceteris
885 1112 953 1155 sors
972 1088 1123 1163 mittitur,
1141 1099 1175 1152 et
1196 1087 1289 1176 prima

266 1220 333 1262 sors
349 1197 516 1286 Beniamin
536 1198 696 1288 procedit,
713 1209 746 1264 et
761 1197 834 1264 inde
849 1199 915 1285 jum
931 1197 1072 1264 tribuum
1090 1195 1287 1290 reliquorum

257 1307 357 1400 ¹Unde
369 1321 447 1397 puto
462 1308 549 1396 quod
562 1319 596 1373 et
610 1308 643 1374 in
657 1306 710 1373 ille
721 1309 811 1396 regui
826 1306 980 1374 coelorum
998 1306 1090 1372 beatu
1112 1305 1289 1372 hereditare

264 1429 360 1482 erunt
380 1416 476 1506 oliqui
492 1417 546 1505 qui
568 1440 633 1483 noo
649 1417 776 1482 veniant
790 1415 831 1480 od
846 1428 978 1490 sortem,
995 1437 1099 1503 neque
1114 1437 1191 1480 cum
1209 1426 1291 1480 cete

266 1526 322 1601 ris,
341 1526 484 1614 quumvis
506 1525 569 1590 sint
592 1526 705 1600 suncti,
729 1526 1009 1592 numerabuntur:
1027 1522 1291 1612 sederitegrcgir
1358 1593 1359 1600 χ

178 1717 182 1727 Ι
265 1637 411 1725 quaedom
432 1648 465 1702 ot
485 1637 598 1702 eximia
622 1659 734 1702 eorum
756 1633 923 1702 haemditss
946 1634 1029 1702 sicut
1051 1633 1110 1699 luit
1137 1632 1236 1699 Gsleb
1257 1657 1291 1698 es

266 1742 578 1819 tribuJudo,etJesu
593 1743 690 1832 ipsius
701 1741 758 1808 lilii
771 1742 867 1808 Nove.
878 1743 970 1809 Sicut
979 1735 1176 1820 eirim,vcrbi
1191 1765 1291 1816 causo,
1358 1741 1359 1836 l

265 1855 427 1940 cumpost
446 1849 589 1939 praelium
604 1851 776 1917 victoribus
796 1852 966 1940 provincis·
984 1852 1167 1942 partiuntur
1184 1851 1291 1941 spolio.

264 1959 380 2049 egregii
397 1959 514 2047 quique
529 1970 561 2025 et
576 1959 681 2024 eximii
699 1957 867 2026 bellatores
881 1983 946 2028 oon
964 1984 1039 2026 cum
1055 1961 1178 2028 caeteris
1193 1959 1293 2026 militi·
1357 1969 1359 2048 l

263 2071 324 2134 bus
339 2069 372 2133 iu
385 2068 535 2134 divisione
547 2067 721 2156 spoliorum
733 2068 895 2134 ducuntur
908 2068 949 2134 ud
960 2079 1091 2143 sortem,
1108 2068 1166 2134 sed
1178 2070 1291 2158 optimo

265 2200 399 2268 queque
413 2191 446 2244 et
460 2178 618 2267 precipuo
634 2177 679 2243 eis
695 2176 848 2242 virtutum
864 2176 978 2242 merito
993 2177 1227 2251 decernuntur,
1241 2199 1293 2242 om

263 2289 324 2354 teri
336 2310 410 2354 vero
423 2297 555 2354 utuntur
570 2297 653 2352 sorte
666 2284 732 2352 solo
746 2287 817 2373 jure
830 2285 986 2352 victoriae³
999 2309 1007 2352 ι
1021 2287 1064 2350 ite
1081 2285 1161 2351 mibi
1173 2287 1294 2353 videtur

264 2411 296 2462 et
316 2397 469 2463 Dominus
484 2419 573 2468 meus
593 2395 685 2462 Jesus
702 2393 848 2461 Christus
863 2394 1024 2466 lucturum
1040 2393 1199 2480 quosdam
1214 2395 1295 2460 enim

264 2531 343 2596 quos
358 2507 417 2573 scit
431 2505 643 2572 abundantius
661 2527 757 2592 quom
772 2515 902 2570 caeteros
916 2501 1087 2577 luborosse,
1108 2515 1141 2569 et
1159 2525 1297 2591 quorum

263 2629 350 2706 gesta
374 2615 540 2704 magnilica
563 2613 776 2701 sublimesque
794 2614 926 2678 virtutes
945 2612 1012 2700 ipse
1034 2613 1216 2700 cognoscit,
1242 2612 1299 2678 illis

263 2727 439 2814 praecipucs
451 2747 592 2812 quosque
603 2736 637 2788 et
647 2722 790 2798 eximios,
802 2735 897 2810 etque
910 2722 959 2806 (ut
970 2723 1012 2788 its
1024 2722 1161 2790 audeam
1172 2724 1299 2812 dicere)
1357 2743 1358 2762 t

263 2834 381 2902 similes
396 2835 456 2900 sibi
470 2834 607 2899 bonores
623 2833 765 2899 decernit
780 2845 812 2898 et
823 2832 947 2922 glorios.
963 2831 1079 2898 Annon
1094 2834 1152 2897 tibi
1171 2836 1303 2901 videtur

262 2943 363 3011 simile
378 2941 497 3031 aliquid
512 2967 576 3010 sum
592 2942 795 3009 beatitudiuis
806 2939 986 3008 clarissimis
998 2942 1061 3006 suis
1072 2941 1228 3010 conferre
1244 2945 1304 3010 dis

212 3115 215 3122 .
262 3051 387 3142 cipulis‚
399 3075 473 3120 cum
492 3054 567 3119 dicit
583 3051 734 3127 “Putem
748 3050 818 3116 volo
834 3064 870 3116 ut
888 3051 942 3116 ubl
957 3074 1017 3140 ego
1033 3073 1104 3116 sum
1115 3063 1151 3115 et
1161 3053 1219 3118 isti
1241 3055 1305 3120 sint

208 3155 213 3165 ’
263 3161 485 3229 »mecaur‘ts
499 3175 532 3227 et
548 3183 622 3227 cum
642 3159 757 3224 iterum
780 3159 869 3234 dicit,
889 3157 961 3245 quia
976 3185 988 3218 ι
1001 3157 1159 3224 Sedebitis
1182 3175 1223 3226 et
1249 3185 1303 3227 voe

261 3261 386 3360 »super
401 3273 571 3339 duodecim
591 3271 735 3344 thronos,
752 3269 930 3358 judicantes
948 3268 1117 3335 duodecim
1133 3269 1248 3338 tribus
1264 3273 1305 3337 ls

263 3380 422 3447 sroc'l'i»
438 3395 470 3448 et
485 3383 601 3448 ilerum
616 3404 623 3444 :
636 3405 649 3440 ι
661 3379 751 3445 Sicut
772 3390 805 3442 tu
828 3377 860 3442 in
879 3401 944 3452 mc,
964 3375 1068 3451 Peter,
1085 3389 1118 3441 ct
1132 3401 1199 3466 ego
1217 3381 1255 3446 in
1275 3395 1305 3444 te

263 3522 274 3554 s
291 3494 376 3558 itaet
392 3493 441 3559 isti
455 3494 486 3558 in
498 3491 588 3558 nobis
605 3511 704 3555 unum
717 3487 798 3554 siot⁸
809 3487 842 3552 t»
858 3488 934 3554 llaec
950 3487 1054 3552 omniu
1066 3509 1130 3552 non
1144 3504 1242 3557 sorte
1255 3491 1306 3556 de-

262 3614 450 3676 cernuntur,
468 3602 522 3666 sed
546 3596 709 3666 electionis
730 3597 933 3684 prerogotiva
953 3593 1113 3661 donentur
1127 3600 1170 3664 ob
1186 3623 1235 3666 eo
1253 3601 1307 3688 qui

292 3794 301 3826 r
355 3793 367 3807 ·
961 3825 963 3832 .

289 3793 718 3925 ²1lu1i1pniiibs.-³Jos.x=v.
736 3890 767 3900 -
778 3862 787 3894 ⁴
798 3860 873 3912 loun.
888 3877 950 3924 ssu,
963 3861 997 3921 od.
1011 3891 1041 3901 -
1052 3861 1061 3894 ⁸
1074 3859 1167 3911 Mattb.
1188 3879 1253 3921 m,
1266 3862 1305 3910 ,ἃ

259 3961 288 3978 ···
300 3941 397 3990 ⁶dorm.
413 3958 474 3998 xvir,
491 3955 527 3986 ιι.
