2660 4610
220 208 284 274 586
358 179 359 182 Ἴ
670 225 814 268 onrourus

218 465 952 500 wmurwmwtmwwwmwmwn
963 468 1264 494 mmwwmmwm

520 633 953 784 imperemus.

601 1005 895 1020 m

276 1234 491 1302 «Oscosnron
505 1253 558 1298 me
571 1231 611 1298 ub
624 1229 735 1298 osonio
746 1232 809 1296 oris
824 1232 872 1295 sui
881 1231 904 1295 ¹.
919 1229 1129 1296 »Meminisse
1145 1243 1266 1319 oportet

222 1341 301 1409 iliud
316 1340 402 1429 quod
424 1339 457 1404 in
479 1338 661 1427 praesetione
676 1338 946 1427 praemonuinrus‚
972 1339 1048 1425 quin
1071 1337 1207 1404 libellus
1222 1339 1264 1405 hio

224 1446 425 1539 Epithalamii
437 1446 558 1512 hebens
574 1445 713 1534 speciem
732 1444 881 1512 dramatis
897 1447 929 1510 in
945 1446 1082 1512 modum
1099 1447 1264 1513 oonscrihi·

223 1569 287 1622 tur.
300 1557 417 1622 Drama
434 1566 540 1620 eutem
554 1576 623 1618 esse
639 1553 774 1619 diximus
791 1555 845 1618 ubi
862 1565 956 1619 eertae
968 1577 1121 1642 personae
1133 1555 1261 1620 introire

227 1677 354 1739 cuntur,
377 1685 447 1751 quae
473 1659 659 1749 loquuntur,
682 1672 715 1724 et
737 1659 804 1726 niiae
831 1659 993 1725 interdum
1020 1663 1256 1749 superveniunt,

227 1772 294 1840 eiiae
309 1771 482 1845 recedunt,
501 1781 555 1834 sut
569 1768 741 1845 accedunt,
760 1780 793 1833 st
808 1769 853 1834 sio
868 1779 972 1835 totum
989 1769 1024 1835 in
1036 1771 1250 1836 mutationibus

226 1882 328 1970 egitur
347 1900 565 1967 personarum.
585 1877 661 1942 Hes
676 1899 752 1966 ergo
772 1878 832 1942 erit
852 1875 948 1941 totius
963 1873 1070 1942 libelli
1089 1878 1202 1966 speu'ss,
1216 1887 1243 1940 et

225 1987 398 2054 seeundum
411 1985 495 2052 huno
506 2007 564 2074 pro
575 1985 694 2050 viribus
710 1983 859 2050 historico
870 2007 888 2051 a
900 1985 993 2050 nobis
1003 1986 1239 2074 eptulitnrerpo

227 2093 312 2158 sitio.
324 2087 478 2179 Spiritalis
491 2111 566 2154 vero
579 2087 785 2177 inteffigentie
798 2089 975 2155 secundum
985 2089 1055 2156 hoc
1067 2089 1245 2155 nihilonimus

225 2199 313 2288 quod
323 2199 355 2263 in
370 2195 825 2286 praesntioeosignevimus,vei
835 2194 1024 2263 deEooiesin
1035 2199 1083 2264 ad
1091 2199 1249 2268 christon,

227 2309 287 2373 sub
307 2327 429 2395 sponsae
444 2302 494 2370 vei
510 2303 615 2393 sponsi
631 2302 741 2379 titulo,
757 2302 807 2369 vei
822 2304 862 2370 de
877 2305 990 2370 enimes
1003 2328 1086 2371 cum
1097 2303 1256 2372 Verholiei

225 2414 452 2504 conjunctione
464 2412 618 2501 dirigitur.
634 2413 853 2478 introducitur
867 2435 943 2502 ergo
957 2435 1048 2480 nuno
1061 2437 1123 2503 per
1136 2413 1262 2480 bisons

225 2523 363 2613 speeiem
371 2543 484 2609 sponse
495 2519 641 2608 quaednm
652 2543 722 2608 quae
732 2521 869 2609 suscepit
878 2521 1023 2608 quaednm
1035 2522 1262 2611 sponsaliorum

225 2643 258 2698 et
266 2629 348 2696 dotis
360 2625 453 2693 titulo
459 2625 641 2715 dignissime
656 2649 790 2692 munera
802 2629 843 2692 uh
859 2650 974 2717 sponso
985 2629 1195 2698 nobilissimo
1205 2628 1265 2697 :sei

223 2737 362 2829 plurimo
373 2747 521 2820 tempore
532 2751 657 2799 morem
669 2733 804 2801 faciente
819 2757 947 2823 sponso,
958 2735 1130 2803 sollicitari
1143 2763 1215 2805 enm
1225 2739 1265 2803 ‹is-
1301 2709 1303 2752 ⁴

225 2845 340 2912 siderio
353 2841 468 2908 umoris
483 2841 548 2916 sui,
565 2852 597 2905 et
612 2839 728 2908 eoniiei
744 2843 904 2929 jacentem
920 2843 1008 2910 domi
1024 2867 1115 2922 suae,
1131 2859 1266 2936 agentern

227 2955 333 3022 omnia
358 2964 514 3040 quatenus
536 2953 634 3041 possit
657 2951 827 3041 aliquando
853 2955 959 3020 videre
981 2979 1147 3043 sponsum
1167 2981 1265 3028 sunu.-

226 3075 319 3152 utque
335 3059 452 3128 osculis
467 3061 538 3147 ejus
553 3059 626 3125 frui.
646 3062 728 3140 Ques
743 3063 896 3150 quonium
910 3086 970 3129 nec
990 3063 1118 3130 differri
1136 3089 1265 3133 amorem

228 3193 340 3244 suum,
356 3186 418 3234 nee
434 3166 566 3256 edipisoi
581 3189 617 3232 se
630 3189 723 3256 posse
739 3169 825 3255 quod
841 3169 998 3235 desideret
1012 3171 1128 3246 ridet,
1144 3195 1264 3240 conrsr

226 3288 273 3345 tut
288 3299 320 3341 se
333 3275 373 3340 sd
387 3274 580 3349 orationem,
597 3285 630 3340 et
651 3273 809 3363 supplicet
823 3275 913 3352 Deo,
933 3277 1036 3343 sciens
1051 3301 1137 3346 eum
1156 3293 1262 3369 patrm

225 3408 293 3452 esse
304 3381 410 3471 sponsi
422 3380 483 3446 sui.
503 3379 747 3446 Consideremus
759 3404 835 3471 ergo
846 3381 1003 3450 levantem
1018 3399 1157 3453 sanctas
1169 3407 1264 3454 mm

227 3494 294 3560 sine
309 3492 355 3556 ire
374 3499 407 3553 et
426 3487 651 3576 ‹fisceptotione
666 3489 699 3554 in
722 3488 835 3556 habitu
857 3503 969 3558 ornato
985 3513 1060 3558 cum
1077 3495 1260 3562 veneten&

225 3612 258 3666 et
274 3597 463 3671 sobrietate,
479 3607 624 3663 ornatum
637 3595 826 3685 dignissimis
846 3600 1063 3676 ornamentis,
1079 3605 1210 3690 quibus
1225 3627 1260 3666 or

226 3705 296 3775 nuri
318 3705 410 3770 deoet
433 3701 573 3769 nobilem
595 3725 770 3792 sponsum:
795 3718 980 3774 aestuuntem
1008 3729 1084 3772 vero
1118 3709 1257 3778 desideri·

264 3833 352 3882 ¹Crut.
363 3847 386 3893 r,
400 3847 423 3879 2.
