2660 4610
339 293 371 335 ιιι
396 293 558 338 canrrcun
582 294 783 339 ctttrtconurt
806 295 867 336 na.
893 297 916 337 ι.
1078 271 1141 356 595

104 408 221 473 »briati
237 408 370 486 luerint,
386 410 419 474 id
436 413 522 496 quod
538 412 676 476 deterius
694 425 762 490 est,
774 425 810 476 tu
828 423 934 478 autem
953 413 1082 478 servasti
1097 411 1144 476 vi-

104 537 203 581 »num
220 517 342 580 bonum
365 541 464 604 usqne
483 517 628 583 nunc¹.»
654 519 770 584 Sedet
789 517 991 584 Salomonem
1010 519 1065 606 qui
1084 541 1142 606 pro

108 635 236 710 accepta
250 623 309 688 Dei
320 625 471 711 sapientia
488 626 520 691 in
537 626 744 692 admiratione
755 626 815 691 luit
826 627 941 715 reginae
952 626 1060 701 Sahae,
1073 647 1142 713 quae

106 744 233 795 venerat
244 742 364 795 tentare
375 755 449 796 oum
461 733 492 796 in
506 733 731 820 quaestionibus
746 757 754 797 :
770 735 802 798 in
815 733 1017 820 quibuscum
1030 732 1142 797 eadem

106 837 212 923 regina
231 850 389 902 scrutetur
405 850 437 904 et
452 840 598 916 miretur,
617 841 691 904 atrdi
713 841 910 928 Scripturam
927 839 1140 907 referentem:

112 945 175 1006 «Et
191 943 284 1018 vidit,
301 943 416 1030 iuquit,
433 946 540 1034 regina
556 947 639 1012 Saba
656 970 785 1012 omnem
800 947 985 1034 sapientiam
1001 944 1143 1010 Salomo-

15 1113 16 1116 ,
102 1048 170 1112 »nis
183 1096 191 1121 ,
204 1059 238 1111 et
248 1048 379 1116 domum
395 1073 490 1137 quam
505 1051 691 1126 aedificavit,
705 1062 891 1139 apparatum
905 1051 1040 1116 convivii
1051 1051 1141 1139 ejus,

100 1166 155 1218 »et
169 1155 278 1220 sedem
294 1179 467 1244 puerorum
482 1159 551 1245 ejus
566 1170 598 1222 et
614 1160 760 1224 ordinem
774 1158 992 1223 ministrorum
1007 1160 1096 1247 ejus,
1109 1168 1143 1222 et

102 1273 226 1326 »vestes
242 1264 331 1350 ejus,
346 1276 378 1328 et
401 1263 465 1328 vini
481 1263 601 1330 fusores
616 1267 706 1352 ejus,
722 1276 754 1329 et
768 1263 952 1331 holocausta
968 1265 1055 1352 ejus,
1071 1285 1141 1350 quae

103 1369 278 1436 »offerebat
297 1371 330 1436 in
352 1372 448 1436 domo
468 1372 547 1448 Dei,
566 1383 598 1436 et
618 1373 793 1460 stupefacta
807 1383 855 1436 est
874 1383 935 1436 etc.
949 1369 959 1402 ²
973 1398 1008 1446 ,ι
1034 1371 1070 1435 ln
1092 1369 1142 1435 his

105 1500 176 1564 ergo
191 1479 319 1543 adverte
330 1479 490 1565 quomodo
500 1479 569 1544 haec
581 1503 650 1568 quae
662 1481 748 1545 venit
760 1505 776 1544 a
789 1479 907 1544 finibus
922 1491 1013 1544 terrae
1030 1478 1142 1544 audire

106 1585 288 1672 sapientiam
302 1585 501 1662 Salomonis,
518 1586 603 1652 inter
619 1600 733 1652 caetera
748 1587 882 1653 miratur
900 1599 931 1650 et
955 1586 1043 1651 cibos
1063 1609 1142 1650 con-

106 1693 177 1756 vivii
193 1693 275 1779 ejus,
293 1691 342 1756 vel
354 1693 416 1758 vini
431 1693 552 1758 fusores
568 1695 657 1780 ejus,
676 1707 708 1758 et
724 1695 882 1782 superbis
898 1694 1013 1758 dicitur
1027 1694 1142 1760 obstu-

100 1799 215 1886 puisse.
233 1800 345 1865 Nescio
357 1811 463 1866 autem
475 1802 500 1865 si
513 1803 556 1865 ita
568 1802 708 1889 ineptam
716 1814 864 1890 putemus
874 1801 968 1866 fuisse
980 1801 1140 1888 reginam,

97 1930 169 1993 quae
192 1907 233 1969 ob
248 1905 312 1972 hoc
328 1920 457 1972 venerat
477 1932 495 1972 a
513 1908 631 1972 furibus
650 1921 741 1974 torrae
758 1922 793 1973 ut
811 1909 933 1976 audiret
956 1908 1141 1995 sapientiam

95 2010 300 2090 Salomonis,
325 2026 360 2078 ut
383 2015 518 2080 miretur
540 2017 629 2080 cibos
652 2014 855 2106 corporales,
880 2028 912 2082 ot
930 2017 1039 2082 vinum
1058 2016 1143 2081 istutl
1251 2082 1255 2092 ,

95 2143 290 2198 commune,
309 2146 346 2188 ao
359 2122 526 2210 pincernas
539 2123 602 2188 vini
614 2124 646 2187 in
662 2125 836 2189 ministerio
852 2125 943 2211 regis.
960 2123 1045 2202 Quid
1057 2124 1142 2189 enim

93 2229 125 2294 in
141 2229 193 2294 his
208 2229 423 2294 admiratione
435 2229 566 2318 dignum
578 2232 693 2318 reginae
708 2231 865 2306 videatur,
877 2255 947 2318 quae
959 2231 1142 2296 communia

92 2359 179 2426 pene
201 2337 349 2402 omnibus
371 2349 444 2402 sunt
466 2337 678 2402 hominibusi¹
701 2337 764 2404 Sed
787 2337 865 2401 mihi
885 2337 1009 2402 videtur
1028 2337 1142 2402 mirata

91 2468 165 2510 esse
181 2445 270 2509 cibos
289 2444 442 2510 doctrinae
464 2445 533 2534 ejus
549 2457 581 2508 et
596 2445 705 2509 vinum
729 2446 934 2532 dogmatum,
958 2469 1028 2533 quae
1048 2445 1086 2508 ab
1104 2467 1143 2510 eo

87 2575 151 2640 per
173 2552 310 2616 divinam
326 2553 512 2640 sapientiam
526 2553 790 2640 praedicabantur.
815 2553 886 2617 Hoc
901 2565 970 2618 erat
985 2552 1094 2617 vinum
1110 2563 1144 2616 et

87 2659 178 2724 illud
202 2645 366 2748 quod'per
387 2662 580 2726 Hieremiam
603 2659 738 2724 refertur
761 2660 800 2724 de
822 2659 893 2723 liliis
915 2660 1060 2724 ionadab
1083 2656 1143 2722 filii

83 2765 264 2842 Rechab⁸,
286 2767 339 2852 qui
356 2791 395 2832 eo
415 2780 558 2856 tempore
574 2791 637 2855 quo
656 2779 787 2856 peccata
803 2765 910 2856 populi
927 2764 1143 2840 invaluerant,

84 2888 121 2940 et
142 2897 209 2964 pro
225 2875 443 2961 iniquitatibus
460 2873 560 2963 plebis
576 2875 739 2962 captivitas
755 2874 958 2949 imminebat,
979 2873 1142 2938 convocati

84 2995 170 3047 sunt
186 2992 221 3044 ut
237 2981 382 3045 biberent
398 2983 526 3057 vinum,
542 2992 574 3045 et
595 2982 762 3056 dixerunt,
782 2981 855 3068 quia
873 2981 1079 3046 mandaverat
1098 2981 1144 3044 eis

81 3102 189 3180 pater
201 3111 276 3152 suus
288 3087 434 3154 Jonadab
450 3111 490 3153 ne
507 3089 653 3154 biberent
669 3091 778 3154 vinum
792 3088 849 3176 ipsi
862 3099 893 3152 et
908 3087 963 3152 filii
980 3087 1026 3150 sui
1042 3087 1075 3152 in
1090 3111 1160 3152 sae--

83 3198 228 3273 culum,
253 3221 355 3284 neque
378 3199 490 3263 domos
513 3197 729 3274 aedificarent,
755 3221 858 3285 neque
881 3197 1071 3262 seminarent
1093 3220 1144 3261 se-

85 3329 191 3381 men,
209 3328 312 3392 neque
328 3302 508 3394 plantarent
527 3308 650 3382 vineas,
670 3306 726 3371 sod
746 3306 778 3370 iu
796 3300 1009 3370 tabernaculis
1024 3304 1145 3370 habita·

86 3421 170 3503 rent
182 3411 331 3474 omnibus
347 3409 458 3474 diebus
479 3411 549 3474 vitae
567 3433 641 3475 suae.
664 3412 703 3474 Et
721 3409 924 3496 amplectitur
939 3432 993 3472 eos
1009 3408 1144 3472 Deuseo

84 3516 186 3607 quod
212 3517 420 3582 custodierint
443 3530 639 3606 praeceptum
656 3517 754 3604 patris
771 3517 837 3592 sni,
860 3529 892 3580 et
913 3513 1071 3580 noluerint
1093 3515 1154 3592 bi-,

83 3631 179 3696 bere
196 3630 316 3695 vinum.
334 3631 396 3696 Pro
408 3631 546 3718 peccatis
558 3629 644 3694 enim
657 3640 733 3694 tunc
746 3627 871 3716 populi,
884 3639 916 3693 et
928 3625 1145 3715 iniquitatibus

81 3759 233 3810 eorum,
249 3749 316 3802 erat
338 3738 452 3804 «vinea
473 3761 584 3804 eorum
605 3761 643 3801 ex
659 3737 749 3801 vinea
771 3736 1003 3808 Sodomorum,
1028 3744 1060 3797 et
1075 3731 1143 3820 pal·
1224 3759 1233 3774 ¹
1319 3717 1320 3766 1

130 3889 140 3922 ¹
153 3889 231 3934 Joan.
247 3904 334 3949 11,1o.
350 3917 374 3924 -
386 3885 421 3939 ²3
434 3893 493 3954 ttrg.
505 3893 568 3952 1,4,
580 3884 664 3938 5.--Ι
676 3891 813 3936 Jennxv.
