2632 4600
212 261 271 326 slis
661 282 803 324 cateruis

213 406 368 494 gehenne.
382 404 556 493 «Reliquiae
571 405 739 492 impiorum
755 405 921 492 peribunt,
934 415 1033 470 »tunc
1045 425 1121 470 cum
1133 427 1239 491 corpus

213 526 244 577 ct
260 515 398 578 animam
415 513 574 601 perditum
588 510 675 576 dabit
686 512 719 576 in
735 510 914 600 gehennom
927 513 952 576 is
965 512 1019 600 qui
1034 511 1131 578 habet
1147 523 1239 598 potes-

209 633 318 687 tatem.
332 619 445 686 «Salus
458 633 564 686 antem
575 620 732 708 justorum
746 619 908 688 aDomino
918 618 942 684 ¹.
953 648 966 680 s
977 619 1040 686 Sed
1049 619 1163 686 melius
1174 620 1239 683 dicit

211 728 244 795 in
255 752 358 817 graeco
368 752 377 792 ι
388 726 499 794 «Salus
508 741 613 794 autem
623 713 1062 818 justorumapudDominum.
1076 728 1148 794 Non
1157 727 1240 800 dixit,

210 837 245 902 in
260 835 341 901 coelo
362 834 444 902 salus
459 837 636 926 justorum,
660 847 692 900 ct
708 836 772 901 hoo
793 836 879 900 enim
897 836 1064 922 preterit:
1087 857 1154 899 non
1170 833 1243 920 apud

213 942 349 1030 aliquam
369 954 565 1018 creaturam,
581 944 653 1029 quia
670 940 748 1008 nihil
767 941 930 1007 immobile
953 941 999 1008 vel
1023 940 1242 1007 immutabile:

213 1051 269 1116 sed
284 1051 369 1139 apud
382 1050 556 1116 Dominum
571 1048 653 1114 salus
667 1061 713 1114 est
725 1051 882 1137 justorum
894 1099 904 1124 ,
918 1049 972 1136 qui
985 1072 1112 1137 semper
1124 1060 1245 1120 manet,

214 1181 339 1246 semper
350 1157 433 1223 idem
445 1170 512 1233 est,
528 1180 653 1248 semper
665 1155 834 1222 immobilis
847 1169 894 1222 est
906 1207 916 1230 ,
928 1179 986 1222 nec
1000 1179 1138 1244 usquam
1149 1166 1245 1245 potest

215 1289 283 1332 esse
301 1267 396 1331 tutius
415 1263 498 1330 salus
517 1264 654 1330 hominis
677 1288 773 1351 quam
789 1264 875 1354 apud
893 1265 1079 1330 Dominum.
1100 1262 1162 1330 llle
1176 1263 1246 1328 mibi

215 1371 325 1448 locus,
342 1371 394 1438 ille
410 1372 489 1438 mihi
504 1372 637 1447 domus,
652 1370 704 1437 ille
720 1371 798 1436 mihi
814 1355 956 1447 mansio,
973 1371 1024 1436 ille
1040 1371 1190 1458 requies,
1206 1369 1249 1436 ille

215 1482 255 1546 sit
266 1478 496 1556 habitaculum.
516 1480 659 1568 Denique
676 1480 888 1546 annunciatur
900 1480 1016 1546 nobisa
1028 1493 1142 1546 sancta
1154 1481 1250 1566 Serio

215 1601 286 1654 tura
301 1612 365 1654 non
385 1587 489 1654 solum
504 1610 638 1676 regnum
656 1585 830 1662 coelorum,
848 1588 902 1654 sed
923 1611 1058 1676 regnum
1079 1588 1152 1653 Dei.
1174 1588 1212 1652 [lt
1224 1599 1250 1651 et

217 1696 348 1761 memini
360 1719 411 1760 me
426 1697 491 1784 jam
507 1719 589 1782 saepe
609 1695 742 1770 dixisse,
759 1717 891 1784 regnum
908 1694 1064 1762 eoelorum
1082 1707 1134 1760 est
1148 1717 1250 1760 eorum
1309 1763 1310 1776 ¹

217 1805 272 1890 qui
286 1803 390 1868 adbuc
403 1805 433 1868 in
446 1803 693 1892 profectionibus
706 1815 778 1868 sunt
788 1853 798 1877 ‚
810 1826 943 1892 regnum
954 1827 1026 1868 vero
1040 1805 1098 1870 Dei
1109 1855 1118 1878 ,
1130 1826 1250 1878 eorum,

212 1913 272 2000 *qui
290 1913 352 1998 jam
370 1911 410 1977 ad
425 1911 602 1998 perlectum
625 1923 777 1976 venerunt
793 1911 901 1976 linem.
921 1911 1012 1977 Unde
1026 1924 1060 1976 et
1076 1935 1162 1978 nune
1177 1910 1251 1977 saltu

219 2018 294 2107 justi
311 2001 395 2107 apud
414 2019 517 2084 Deum
533 2040 601 2083 esse
617 2017 747 2094 dicitur,
763 2039 839 2084 cum
855 2019 963 2106 utique
979 2019 1170 2106 perfectione
1186 2020 1249 2082 rite

221 2149 320 2212 usque
336 2126 374 2190 ad
386 2121 492 2216 ips‘um
508 2125 681 2192 Dominum
697 2126 850 2190 meruerit
864 2125 1042 2214 pervenire.
1056 2129 1115 2192 «Et
1128 2137 1247 2214 protec-

220 2247 293 2298 »tor
307 2245 355 2298 est
377 2235 408 2298 in
425 2245 569 2320 tempore
585 2231 795 2298 tribulationis
809 2232 831 2298 ².
851 2263 864 2294 r
881 2233 976 2314 Quod
996 2247 1187 2322 esttempns
1199 2233 1254 2296 tri-

220 2341 409 2417 bulationis,
425 2341 484 2408 nisi
503 2341 609 2406 hocin
627 2363 690 2428 quo
706 2364 834 2416 sumus,
852 2364 925 2406 cnm
941 2365 1000 2430 per
1018 2355 1142 2408 arctam
1158 2355 1192 2408 et
1207 2365 1256 2408 an-

221 2462 343 2539 gustam
362 2448 444 2515 viam
459 2447 634 2514 incedimus
651 2471 720 2536 quae
736 2449 824 2514 ducit
840 2447 880 2514 ad
895 2450 1013 2514 vitam?
1029 2449 1062 2516 si
1080 2463 1191 2516 tamen
1209 2473 1257 2538 prr

224 2571 390 2646 angustam
403 2555 598 2632 incedimus,
615 2555 784 2644 quaefducit
800 2557 965 2630 advitam,
978 2569 1011 2621 et
1028 2581 1094 2622 non
1106 2583 1168 2646 per
1183 2557 1258 2622 illam

224 2663 320 2731 latum
339 2677 371 2729 ct
387 2665 556 2752 spatiosam
573 2687 641 2752 quas
657 2663 771 2728 divitiis
784 2663 945 2738 dilatatur,
961 2677 993 2730 et
1008 2663 1139 2732 luxuria
1156 2663 1259 2730 dissol-

222 2774 318 2848 vitur,
328 2796 397 2859 quae
409 2771 441 2836 in
451 2772 553 2836 carnis
563 2767 775 2858 voluptatibus
787 2769 960 2836 emollescit
972 2822 980 2846 ,
993 2796 1066 2860 quse
1074 2787 1259 2861 praesentem

224 2879 356 2968 gloriam
376 2878 486 2966 diligit.
507 2878 627 2943 Horum
642 2890 804 2966 protector
825 2879 994 2944 non·Deus
1010 2891 1077 2955 est,
1093 2882 1154 2945 sud
1169 2880 1261 2944 blam-

226 3011 321 3052 mona
337 3010 344 3051 :
359 3008 470 3050 eorum
492 2995 597 3048 autem
616 2985 669 3071 qui
689 2985 720 3051 in
742 2983 944 3049 tribulatione
965 2998 997 3049 et
1013 2989 1163 3074 angustia
1178 2999 1262 3056 sunt.

224 3106 387 3182 protector
397 3105 444 3156 est
456 3093 559 3167 Deus,
572 3093 645 3178 quia
657 3092 765 3156 multae
777 3103 848 3158 sunt
857 3092 1079 3158 tribulationes
1091 3096 1261 3182 justorum.

227 3198 433 3265 Tribulantur
447 3200 532 3265 enim
545 3199 779 3264 considerantes
796 3213 921 3292 tempus
936 3202 1045 3287 judicii
1066 3214 1099 3266 et
1118 3201 1267 3288 semetip-

229 3332 279 3371 sos
288 3308 491 3372 discutientes
501 3357 510 3382 ‚
521 3331 561 3372 no
574 3307 653 3371 sorte
667 3305 781 3396 aliquid
795 3309 1024 3374 inveniatureis
1036 3311 1125 3398 qnod
1141 3322 1269 3376 vocetur
1310 3315 1312 3396 j

229 3413 270 3482 ad
292 3413 428 3502 culpam.
454 3415 516 3495 Qui
539 3438 614 3503 orgo
635 3428 763 3502 propter
784 3414 846 3480 hoc
869 3415 1064 3482 tribulantur
1086 3431 1120 3483 et
1145 3417 1270 3482 solliciti
1311 3413 1312 3418 ’

229 3533 322 3596 sunt,
342 3523 402 3584 erit
421 3522 504 3587 Deus
520 3533 682 3610 protector
696 3546 806 3586 eorum
823 3525 853 3587 in
873 3534 1017 3612 tempore
1034 3525 1270 3593 tribulationis.

230 3632 262 3696 in
275 3640 418 3717 tempore
430 3629 559 3716 judicii,
575 3653 647 3694 cum
665 3630 829 3694 tradentur
845 3631 931 3720 impii
946 3633 985 3697 ad
997 3655 1109 3722 poenas
1129 3658 1137 3694 t
1152 3647 1233 3698 tunc
1243 3643 1272 3694 et

230 3736 395 3824 adjuvabit
411 3760 465 3801 eos
485 3736 638 3800 Dominus
654 3739 686 3801 in
704 3749 846 3827 teritpore
865 3737 1094 3815 tribulationis‚
1113 3755 1144 3806 et
1160 3741 1271 3828 eripiet

266 3883 345 3932 ¹Psal.
362 3899 453 3942 mvi,
472 3880 514 3946 39.
566 3878 650 3932 ²1btd.
663 3881 705 3946 39.
