2644 4612
614 121 626 152 Ο

249 226 314 290 528
691 247 831 294 oriensis

247 371 302 438 bat
318 372 358 438 ad
374 371 478 460 ipsum
492 369 598 436 volatu
614 369 709 436 celeri
727 371 905 459 pervenire,
919 373 1015 440 dicens
1060 380 1149 460 «Quis
1162 379 1219 452 mibi

246 480 355 545 »dabit
366 501 486 570 pennas
498 477 580 545 sicut
591 477 764 554 columbe,
776 491 809 546 et
820 477 948 557 volabo,
959 494 989 547 et
998 486 1212 572 requiescant·

181 675 185 682 .
244 585 369 655 Volabo
388 587 551 663 sensibus,
573 585 686 654 volabo
709 585 918 654 intellectibus
940 590 1126 678 spiritalibus,
1143 609 1168 661 et
1184 621 1219 664 re·

246 697 406 783 quiescam
423 717 497 761 cum
512 694 752 784 apprehendero
767 695 924 784 sapientias
934 707 966 762 et
975 699 1097 766 scientie
1106 704 1161 790 ejus
1170 707 1219 771 tbe-

248 827 366 869 sauros.
385 803 466 870 Puto
476 803 563 868 enim
575 803 650 891 qnia
664 803 747 868 sicut
758 803 812 890 qui
825 817 960 869 mortem
973 805 1077 872 Christi
1087 810 1217 900 recipiunt,

247 924 280 977 et
298 910 492 978 mortificant
511 909 656 976 membra
678 933 735 974 sua
757 923 1003 1000 superterram,
1022 929 1156 982 conwrtes
1172 920 1219 984 eli·

243 1019 370 1088 ciuntur
383 1017 600 1084 similitudinis
611 1018 721 1083 mortis
732 1018 802 1106 ejus
816 1041 825 1082 r
838 1019 882 1086 ita
894 1031 926 1084 et
937 1019 970 1085 bi
981 1021 1030 1109 qui
1041 1023 1160 1091 virtum
1170 1028 1217 1115 Spi

239 1126 318 1191 ritus
330 1123 433 1190 sancti
447 1122 624 1212 recipiunt,
637 1129 670 1186 et
681 1121 922 1189 sanctificantur
936 1146 975 1189 ex
984 1148 1038 1200 eo,
1052 1139 1080 1191 et
1092 1129 1162 1194 donis
1172 1131 1215 1218 eju

240 1231 417 1322 replentur,
434 1231 508 1320 quia
522 1229 632 1320 ipsein
644 1229 920 1320 speciecolumbae
932 1236 1082 1322 apparuit,
1096 1237 1167 1314 etiam
1177 1241 1214 1327 ipsi

242 1339 401 1409 columbae
416 1339 513 1416 fiant,
528 1350 564 1402 nt
578 1338 618 1404 de
632 1339 766 1404 tersenis
781 1351 813 1406 et
826 1342 986 1429 corporeis
1002 1340 1072 1408 loeis
1088 1344 1177 1412 evolent
1187 1347 1211 1412 al

243 1448 382 1516 caelestia
401 1446 512 1536 pennis
534 1445 635 1510 sancti
654 1445 790 1534 Spiritus
813 1445 979 1514 sublevati.
1004 1450 1091 1530 Quod
1109 1454 1127 1516 si
1142 1466 1207 1520 rutro

240 1570 368 1648 tempus
386 1565 601 1646 opportunum
622 1577 686 1642 quo
704 1553 773 1620 baec
793 1553 864 1622 fieri
884 1558 1023 1646 possint,
1045 1574 1204 1648 cousequenter

240 1667 374 1732 inseruit
391 1689 400 1729 a
420 1661 503 1745 Quia
517 1685 581 1728 ecce
597 1664 717 1750 hyems,
738 1664 861 1750 inquit,
883 1665 1023 1742 transiit,
1038 1669 1120 1753 pluria
1131 1670 1177 1734 obiit
1185 1669 1197 1732 ¹.

240 1771 311 1839 Non
327 1770 410 1836 enim
429 1780 502 1834 aute
521 1767 626 1834 anima
645 1768 743 1833 verbo
762 1768 820 1834 Dei
840 1769 988 1860 jungitur
1002 1783 1035 1836 et
1051 1775 1196 1848 sociaturrio'

241 1879 343 1945 omnis
360 1900 399 1942 ex
418 1899 456 1941 ea
478 1875 590 1962 hyems
609 1877 888 1964 perturbationum
914 1902 952 1944 ac
976 1880 1098 1946 vitionm
1109 1879 1185 1968 prosola

241 1985 435 2059 discesserit,
448 1994 481 2047 et
489 1981 571 2050 ultra
579 1983 644 2071 jam
653 2005 716 2048 non
728 1982 863 2050 ssuetuet
875 2035 885 2062 ,
898 2003 931 2052 et
944 1985 1189 2055 circumferamini

238 2105 332 2164 vento
343 2091 504 2158 doctrine.
516 2089 577 2156 Ubi
588 2113 663 2179 ergo
674 2113 713 2156 ex
725 2093 830 2159 anima
841 2092 915 2161 haec
928 2108 1043 2162 cuncta
1054 2094 1195 2166 disossa'ul.

238 2201 527 2288 desideriorumque
546 2199 585 2265 ab
602 2199 714 2265 eadem
732 2209 904 2289 tempestas
919 2203 1076 2294 effugerit,
1088 2199 1197 2268 tunoiuvi·

235 2313 321 2402 pient
329 2311 363 2376 in
370 2333 407 2376 ea
414 2307 509 2374 flores
518 2329 648 2372 vernare
658 2307 822 2386 virtutum,
831 2320 911 2377 tunc
920 2312 990 2400 ejus
1000 2311 1086 2378 menti
1093 2322 1117 2376 et
1123 2321 1200 2395 tenpus

235 2419 406 2510 putationis
427 2415 590 2490 adveniet,
605 2424 639 2477 et
660 2414 686 2480 si
707 2417 785 2503 quid
798 2417 1000 2506 superfluum
1019 2433 1048 2486 et
1066 2412 1202 2485 minuatile

237 2529 332 2596 suerit
339 2528 372 2594 in
379 2526 448 2616 ejus
455 2523 596 2590 sensibus
603 2520 653 2588 vel
659 2522 871 2592 intellectibus
880 2528 1079 2604 resecabitur,
1087 2523 1207 2613 etadqen

235 2667 302 2714 mas
323 2637 468 2732 spiritalis
486 2633 699 2724 intelligentiae
720 2640 1035 2710 revocabitur.,Trmc
1049 2639 1207 2704 etianvooon

233 2751 365 2818 turturis
381 2747 503 2820 audiet,
519 2742 602 2808 illius
618 2743 685 2810 sine
700 2745 797 2810 dubio
814 2745 978 2834 sapientia
995 2769 1082 2836 quam
1095 2745 1209 2832 dispensa·

232 2871 283 2924 tor
297 2855 386 2923 verbi
401 2850 540 2939 loquitur
551 2848 634 2913 inter
646 2848 813 2936 perlectos,
826 2850 991 2938 sapientiae
1000 2851 1053 2916 Dei
1065 2847 1209 2932 altiorisque

233 2963 418 3034 abscondita
433 2969 481 3022 est
496 2957 530 3022 in
546 2957 706 3044 mysterio.
726 2955 795 3021 Hoc
812 2979 953 3045 namque
967 2959 1078 3025 indicat
1089 2951 1210 3045 appellatio

196 3073 202 3098 '
233 3072 375 3141 turturis.
399 3069 474 3133 Haec
491 3086 627 3152 namque
646 3062 708 3128 avis
725 3061 759 3127 in
777 3066 1021 3142 secretioribus,
1041 3079 1070 3132 et
1088 3061 1212 3129 remotisr

232 3177 435 3251 multitudine
447 3172 529 3239 locis'
541 3172 635 3238 vitam
651 3171 815 3260 transigit,
833 3185 891 3240 aut
906 3175 1026 3241 deserta
1039 3173 1165 3241 montium
1176 3167 1211 3232 di-

230 3290 347 3380 ligens,
364 3296 419 3353 aut
433 3293 552 3348 secreta
566 3275 742 3366 sylvarum,
759 3279 873 3368 procul
889 3305 1012 3373 semper
1027 3307 1042 3347 a
1056 3277 1210 3347 multitudino

230 3399 350 3490 posita,
365 3407 398 3459 et
409 3419 426 3459 a
438 3389 537 3457 turbis
553 3385 666 3452 aliena·
684 3386 775 3468 Quid
790 3401 897 3455 antem
911 3403 959 3456 est
973 3389 1054 3458 alind
1066 3388 1135 3478 quod
1148 3407 1211 3474 opor

230 3505 358 3576 tunitati
368 3499 517 3590 temporis
531 3495 642 3585 hujus,
655 3495 892 3586 amoenitatiqne
907 3498 1088 3568 conveniat?
1104 3495 1209 3566 «Ficus,

233 3611 371 3700 »ioquin
387 3602 532 3697 produxit
543 3600 683 3690 germina
699 3625 753 3668 sua
765 3601 787 3668 ⁴.
804 3629 816 3664 a
837 3603 1014 3671 Notandum
1028 3601 1137 3692 quidem
1148 3597 1209 3664 lroe·

257 3719 398 3810 suipsius
419 3711 565 3802 spiritus,
585 3708 641 3795 qui
663 3720 736 3774 sunt
758 3711 927 3798 gaudium,
951 3712 1092 3786 charitas,
1110 3729 1174 3798 par,
1189 3711 1209 3768 tl

299 3868 374 3918 balm-
387 3879 430 3926 ιν,
441 3862 467 3911 6.
480 3887 513 3898 -
528 3859 666 3920 waren,
678 3874 719 3908 ιι.
731 3886 764 3897 -
777 3855 859 3910 ⁸lbitl.
874 3856 913 3912 13.
