2702 4610
396 295 429 340 ru
453 295 579 344 axonae
601 294 730 345 acutus
755 299 802 344 ιιι.
1058 270 1116 339 105

82 414 167 490 daris
182 415 224 481 ad
240 429 386 482 mentem
401 417 473 492 Dei,
489 429 523 484 et
537 417 586 483 ibi
604 418 780 484 occurreris
801 415 914 504 Moysi,
933 412 967 480 id
981 425 1042 492 est,
1059 411 1118 479 nisi

81 525 246 592 excelsum
261 524 340 615 legis
353 527 537 594 ascenderis
551 549 691 604 sensum,
710 528 768 594 nisi
785 527 825 592 ad
840 523 1009 615 spiritualis
1025 521 1122 589 intei-

84 630 225 720 ligentiae
236 656 390 701 cacumen
402 636 551 709 evaseris,
566 657 630 700 non
645 645 694 700 est
708 659 743 700 os
759 647 850 700 tuum
866 645 1039 723 apertuma
1052 631 1119 697 Do-

91 743 193 808 mino.
212 744 245 810 si
260 745 290 810 in
304 745 417 812 humiii
429 745 503 812 loco
518 745 630 812 littera·
644 749 778 824 steteris,
798 759 830 812 et
845 747 982 812 historice
999 757 1121 811 textum

96 853 236 920 Judeicis
251 859 485 923 narrationibus
510 858 663 932 innectes,
687 881 751 924 non
777 857 944 924 occurristi
965 856 1064 944 Moysi
1087 855 1122 921 iu

98 978 234 1031 montem
247 967 1123 1057 Dci,necostuumaperuitDeus,ncqueinstruxittc
1190 1011 1191 1016 κ
1294 1033 1296 1040 Α

97 1097 162 1160 que
176 1088 322 1165 oporteat
333 1089 365 1142 te
379 1077 478 1165 loqui.
494 1077 560 1143 Nisi
571 1101 647 1166 ergo
660 1077 765 1149 Aaron
778 1071 967 1144 occurrisset
977 1074 1078 1163 Moysi
1087 1076 1124 1141 in

93 1195 212 1258 mente,
228 1185 289 1250 nisi
304 1187 375 1272 ejus
389 1208 517 1250 sensum
530 1184 699 1252 sublimem
715 1187 841 1252 vidisset
855 1197 887 1250 et
902 1185 1050 1261 arduum,
1064 1184 1124 1251 nisi

93 1293 251 1360 excelsam
269 1295 339 1381 ejus
353 1293 593 1382 intelligentiam
608 1295 831 1382 perspexisset3
853 1319 1015 1382 nunquam
1031 1296 1059 1360 ei
1075 1294 1126 1361 lo-

97 1416 191 1469 cutus
205 1403 318 1469 inisset
328 1405 503 1482 rcrhaiiei,
517 1427 621 1493 neque
632 1406 781 1472 virtutem
793 1405 954 1494 signorum
968 1405 1128 1494 prodigio-

105 1537 244 1601 rumque
265 1514 448 1594 tradidisset,
470 1537 574 1604 neque
597 1516 784 1628 participem
803 1539 878 1582 eum
895 1516 971 1584 tanti
987 1515 1128 1606 mysterii

109 1623 318 1688 conscivisset

144 1733 204 1798 Ml.
219 1729 336 1799 Verum
346 1737 495 1824 quoniam
511 1735 641 1828 longum
653 1750 701 1804 est
716 1739 755 1804 de
770 1737 899 1828 singulis
918 1737 1131 1827 perordinem

101 1843 220 1918 dicere,
237 1845 397 1912 videamus
413 1847 545 1936 ingrcssi
560 1847 600 1913 ad
613 1845 811 1942 Pharaonem
826 1847 949 1935 Moyses
964 1857 997 1911 et
1012 1847 1132 1922 Aaron,

99 1951 314 2038 quiddicunt:
328 1955 427 2022 «Haec
434 1955 511 2020 dicit
521 1955 692 2020 Dominus:
704 1955 834 2020 Dimitte
845 1951 999 2044 populum
1010 1978 1131 2031 meum,

100 2089 118 2122 ι
130 2073 165 2126 ut
175 2062 314 2127 serviant
325 2063 402 2128 mihi
419 2063 453 2128 in
464 2087 571 2129 eremo
580 2063 603 2128 ¹.
618 2094 631 2125 ι
649 2063 720 2130 Νοιι
732 2061 798 2130 vuit
810 2063 935 2152 Moyses
948 2075 983 2128 ut
996 2063 1133 2154 populus

102 2171 135 2236 in
151 2169 289 2258 AEgypto
303 2172 425 2260 positus
446 2171 560 2238 serviat
579 2173 729 2246 Domino,
745 2173 801 2238 sed
817 2185 850 2237 ut
867 2185 957 2238 exeat
976 2175 1006 2239 in
1024 2174 1133 2239 deser·

106 2292 191 2354 tum,
202 2293 235 2343 et
246 2281 289 2346 ibi
303 2283 417 2346 serviat
432 2281 580 2348 Domino.
594 2281 663 2348 Hoc
679 2293 726 2346 est
741 2282 808 2346 sine
823 2281 920 2348 dubio
932 2281 1019 2371 quod
1030 2294 1137 2346 osten-

110 2388 171 2463 dit,
188 2390 260 2476 quia
275 2391 371 2457 donec
386 2393 457 2480 quis
479 2392 512 2456 in
531 2390 670 2457 tenebris
690 2388 891 2456 saecularibus
908 2401 1028 2463 manet,
1049 2400 1081 2452 et
1101 2389 1135 2453 in

103 2498 306 2586 negotiorum
328 2501 522 2568 obscuritate
542 2511 698 2576 versatur,
720 2523 784 2564 non
806 2509 911 2586 potest
927 2496 1044 2560 servire
1066 2495 1134 2561 Dc-

101 2607 204 2672 mine.
228 2606 298 2673 Mon
312 2609 398 2674 enim
414 2621 518 2698 potest
532 2609 656 2676 duobus
671 2608 806 2676 dominis
821 2603 958 2672 servire²
976 2628 984 2670 ε
1003 2627 1067 2670 non
1081 2628 1136 2692 po·

101 2727 165 2782 test
181 2717 325 2782 Domino
334 2719 449 2782 servire
465 2731 497 2783 et
513 2740 712 2784 mammone.
731 2716 919 2783 Exeundum
934 2714 1031 2804 igitur
1044 2713 1136 2778 nobis

102 2837 150 2892 est
164 2827 207 2892 de
214 2824 362 2915 AEgypto
368 2851 377 2901 ;
391 2827 617 2916 relinquendus
631 2839 680 2893 est
695 2815 845 2903 mundus,
861 2825 892 2894 si¹
908 2824 1053 2892 volumus
1076 2824 1139 2891 Do·

103 2937 192 3002 mino
214 2936 346 3002 servire.
372 2935 608 3028 Relinquendus
631 2949 751 3014 autam,
775 2937 859 3012 dico,
884 2959 948 3002 non
970 2934 1055 3011 loco,
1081 2935 1137 3000 sed

104 3048 215 3112 animo
237 3067 246 3110 t
271 3069 336 3112 non
359 3047 470 3112 itinere
492 3047 738 3134 proficiscendo,
761 3047 817 3112 sed
839 3045 903 3112 fide
924 3044 1132 3133 proficiendo.

105 3157 189 3223 Audi
209 3155 405 3222 haeccadem
417 3155 573 3223 Joannem
590 3156 771 3222 dicentem:
789 3151 930 3230 «Filioli,
949 3151 1047 3219 nolite
1065 3151 1140 3219 diii-

107 3295 119 3326 ι
134 3289 212 3355 gere
229 3265 403 3342 mundum,
419 3287 522 3353 neque
540 3289 577 3331 ea
600 3287 671 3351 que
690 3263 722 3328 in
744 3263 865 3332 mundo
887 3273 973 3338 sunt,
990 3261 1143 3350 quoniam

112 3399 231 3441 somne
248 3373 339 3462 quod
358 3375 391 3438 in
408 3374 528 3440 mundo
542 3386 590 3438 est
606 3371 800 3438 desiderium.
812 3372 916 3437 carnis
933 3383 994 3445 est,
1011 3381 1043 3435 ct
1063 3369 1143 3435 desi

119 3485 261 3551 ‚derium
275 3483 475 3550 ochrnm'.
490 3512 505 3547 ι
521 3485 560 3548 Et
571 3483 647 3570 quid
660 3495 767 3548 tamen
783 3479 883 3547 dicit?
896 3479 1080 3559 Quomodo,
1095 3477 1145 3548 vei

117 3605 266 3681 quatenus
288 3591 450 3682 proficisci
473 3592 565 3682 jubet
582 3615 621 3657 ex
637 3587 789 3680 AE'gypto,
805 3590 967 3655 videamus
989 3611 997 3653 ι
1015 3586 1147 3668 «Viam,

111 3706 267 3794 adripuit,
281 3703 382 3770 trium
393 3702 517 3769 dierum
535 3702 651 3768 ibimus
669 3703 702 3767 in
720 3723 840 3776 eremo,
856 3709 888 3764 et
907 3698 951 3766 ibi
970 3695 1147 3764 immolabi-

112 3837 211 3882 smus
230 3813 375 3881 Domino
392 3811 460 3880 Deo
474 3810 643 3879 nostro‘.»
663 3809 743 3889 Qua
761 3820 808 3876 est
827 3809 874 3875 via
891 3806 988 3874 trium
1008 3807 1147 3886 dicrum,

144 3941 246 3993 sumu.
258 3957 282 4002 a,
297 3937 450 3990 1.-·²an.
464 3937 624 4001 xr1,ri.-³
639 3955 648 3990 ι
661 3937 735 3988 ioan.
750 3955 777 3996 u,
791 3935 831 3994 15,
845 3931 1026 3986 16.-⁶ssxod.
1038 3951 1078 3998 ιιι,
1091 3937 1129 3986 ιδ.
