2692 4610
348 310 394 351 vna
419 307 589 352 cortraco!
610 305 739 348 nonina
764 306 820 348 xn.
1044 283 1105 369 'adq

75 423 117 492 llli
131 448 210 514 ergo
226 445 294 490 non
310 423 431 490 hahent
453 424 606 513 scriptum
621 423 750 511 quiade
766 443 882 511 genere
897 397 1014 486 Cliriati
1031 420 1106 495 sint,

74 537 148 604 sicat
162 557 226 602 nec
242 557 313 600 esse
328 546 526 600 mernerunt.
542 532 606 600 Noa
621 544 728 598 autem
740 532 794 619 qui
810 531 873 596 hoc
887 531 1042 618 scripturn
1056 531 1109 597 ha·

75 649 196 722 lemna,
211 657 246 710 et
259 643 411 733 legimur,
426 643 619 732 gaudeamus
633 641 763 730 quidem
779 642 818 707 de
833 640 1018 730 dignatione
1035 642 1107 717 Dei,

82 755 135 822 ted
155 765 247 820 caute
262 766 293 819 et
313 751 449 820 sollicite
464 777 612 820 curemus
629 777 670 820 ne
686 775 744 818 nos
765 753 827 819 vite
844 765 950 818 nostra
966 764 999 816 et
1020 762 1110 816 actus

86 887 123 930 ac
137 887 239 932 morea
251 863 370 930 saciant
386 861 556 950 aliqnando
566 863 752 951 degeneres,
764 883 805 925 ne
815 873 848 925 et
863 859 924 926 hoc
940 861 1043 948 ipsum
1056 848 1112 924 no·

85 973 132 1038 bia
146 972 184 1038 ad
204 973 505 1038 condemnationem
526 972 673 1048 ducatur,
695 969 874 1058 quodcum
893 991 992 1058 genus
1014 969 1111 1034 simus

86 1084 207 1160 Christi,
222 1082 378 1171 indignis,
393 1095 426 1147 et
441 1082 544 1157 scedis,
557 1105 595 1147 nc
610 1080 775 1148 diabolicis
789 1081 911 1146 actibus
925 1079 1107 1144 serviamus.

84 1195 143 1275 Qui
165 1195 266 1260 habet
291 1216 369 1281 ergo
395 1215 556 1281 sponsam,
584 1215 717 1280 sponsus
742 1203 801 1256 est.
825 1189 924 1257 Audis
950 1188 1111 1277 quomodo

80 1329 212 1394 sponsus
229 1304 350 1370 dicitnr
366 1303 525 1379 Christus,
549 1325 663 1391 sponsa
678 1325 753 1368 vero
771 1303 841 1388 ejus
864 1300 966 1365 anima
985 1300 1112 1374 dicitnr,

82 1439 152 1503 quae
168 1415 244 1480 lidei
266 1411 467 1502 simplicitate
487 1425 520 1478 et
536 1423 668 1480 actuum
682 1413 819 1501 puritate
834 1411 1017 1497 incorrupta
1038 1433 1116 1499 pro-

85 1527 184 1590 batur
196 1535 229 1587 et
243 1525 336 1611 virgo.
356 1523 443 1588 Dicit
456 1512 542 1588 enim
555 1521 711 1588 Dominus
724 1531 758 1584 et
775 1543 834 1609 per
847 1520 1021 1586 daramium
1040 1541 1115 1608 pro-

87 1633 238 1720 phetam:
259 1633 392 1698 :Nonne
407 1633 489 1697 sicut
505 1632 670 1696 dominum
685 1653 738 1696 me
752 1644 787 1696 et
800 1645 924 1720 patrem
941 1629 1072 1704 vocasti,
1084 1641 1117 1693 et

85 1742 286 1831 »principem
305 1741 490 1831 virginitatit
505 1740 637 1806 tuae¹lr

90 1973 275 1991 mm
279 1973 326 1991 §M
331 1967 1072 1990 mmmmmmmmmmmww
1076 1969 1121 1987 m

402 2153 625 2228 HOMlLlA
664 2151 803 2228 Xlll².

95 2363 142 2420 De
154 2360 347 2442 drrhmseso's,
363 2376 389 2422 et
403 2363 529 2435 lucerna,
539 2377 564 2424 et
577 2363 755 2435 candelabro,
771 2377 796 2421 ct
808 2364 867 2422 olco
879 2364 919 2422 ad
930 2364 1034 2436 lumen,
1050 2365 1121 2423 etde

354 2475 450 2512 menso
461 2465 486 2510 ct
497 2453 617 2529 paratus
628 2454 823 2532 propositionis
829 2451 847 2512 ².

198 2651 397 2742 «Praecipe‘,
407 2653 531 2739 inquit,
543 2649 614 2717 liliis
625 2627 734 2727 lsrodl,
749 2663 783 2716 ut
795 2651 936 2718 delerant
945 2652 1005 2717 tibi
1018 2650 1122 2717 oleum

83 2794 96 2827 ι
112 2766 152 2830 de
165 2763 259 2830 olivis
272 2762 428 2827 mundum
440 2787 621 2851 expressum
635 2763 675 2828 ad
690 2760 811 2839 lumen,
826 2775 859 2826 ut
871 2759 979 2826 ardeat
994 2741 1123 2828 lucerna

84 2895 245 2962 asemper
259 2883 348 2937 extra
364 2871 468 2936 velum
485 2871 516 2937 in
530 2869 736 2937 tabernaculo
750 2871 939 2942 testimonii;
957 2883 989 2935 et
1007 2894 1124 2938 accen-

83 2984 197 3049 »dent
218 2981 307 3047 illam
327 2983 432 3047 Aaron
456 2994 487 3045 et
507 2979 562 3045 filii
586 2982 655 3068 ejus
677 3005 694 3044 a
717 3003 844 3068 vespere
862 2980 1008 3066 usquein
1032 3005 1124 3046 mane

84 3105 233 3158 »contra
265 3088 438 3156 Dominum
464 3087 691 3165 indesinenter,
719 3087 893 3178 legitimum
922 3089 1069 3155 aeternele
1092 3092 1125 3158 in

86 3199 291 3289 ‚progenies
316 3197 500 3264 vestraein
523 3194 714 3263 candelabro
733 3199 853 3262 mundo
875 3201 1054 3265 accendetis
1076 3198 1128 3264 lu-

86 3331 235 3374 »ccrnos
259 3319 372 3374 contra
392 3307 564 3371 Dominum
590 3329 689 3394 usque
718 3305 868 3371 mane⁶.»
894 3307 1129 3374 Candelabrum

76 3419 251 3508 ,mnndum
270 3417 429 3492 nominat,
445 3415 590 3484 lucernas
606 3415 736 3482 accendi
753 3438 811 3504 per
825 3416 1009 3504 pontificem
1024 3419 1129 3505 jubet,

95 3537 133 3591 et
153 3551 258 3593 earam
276 3525 388 3592 lumen
411 3525 581 3590 ministrari
600 3549 639 3590 ex
660 3521 730 3589 oleo
751 3526 836 3614 quod
860 3527 990 3592 datura
1013 3525 1135 3616 populo

91 3639 256 3727 praecepit.
274 3637 387 3724 ltaque
400 3635 460 3700 nisi
476 3633 599 3701 dederit
615 3633 720 3699 oleum
732 3633 880 3725 populus,
894 3637 960 3702 sine
972 3636 1070 3704 dubio
1082 3662 1136 3702 ex-

130 3801 246 3850 ¹Jerern.
263 3818 304 3858 m,
317 3797 342 3854 4.

123 3875 273 3934 ’Tom.ll‚
285 3891 313 3939 p.
329 3869 378 3929 254
389 3880 415 3920 et
428 3887 502 3935 seqq.
661 3868 714 3918 tlt.
732 3886 754 3928 1,
765 3871 789 3928 i,
800 3869 823 3917 5.
834 3885 861 3933 p.
876 3869 935 3928 254,
948 3872 1005 3918 255.

126 3951 229 4000 ’teria
245 3965 310 3998 xxiia
321 3955 348 3996 et
360 3959 428 3994 nav.
660 3943 670 3976 ⁵
682 3944 761 3992 Lavit.
774 3959 841 4004 xxiv,
856 3960 865 3992 1
881 3951 906 3992 rt
917 3959 990 4007 seqq.
