2744 4624
219 214 261 292 54
660 239 801 283 ortensis

129 419 130 422 Ἴ
216 351 400 412 ‘sanctorum
411 346 573 435 Scriptura
584 347 823 440 figuraliterper
834 353 1141 442 conjugiadesignat.
1153 351 1243 418 Unde

216 466 249 520 et
261 465 294 521 tu
306 466 395 543 potes
407 455 444 541 (si
453 456 511 544 ris)
524 455 744 544 hujuscemodi
754 461 938 549 nuptiarum
948 461 1079 525 maritus
1090 460 1241 530 existeres

216 575 249 628 et
263 564 363 649 (verbi
375 566 483 653 sauss)
498 565 523 628 si
535 563 781 653 hospitalitatem
793 569 928 638 libenter
938 591 1079 644 exerces,
1092 567 1175 634 bane
1185 568 1244 634 tibi

219 673 388 760 conjugem
408 673 564 738 videberis
581 678 794 764 assumpsisse.
816 678 899 744 Huic
913 678 940 743 si
954 677 1111 743 addideris
1130 699 1248 764 paupe-

219 803 290 845 rum
307 802 430 855 euram,
443 780 615 846 secundam
634 783 789 849 videberis
804 786 933 850 sortitus
948 807 1090 852 uxorem.
1107 783 1202 862 Quod
1220 783 1248 848 si

218 898 250 952 et
271 889 453 976 patientiam
478 889 536 955 tibi
557 892 669 980 jungas
690 904 722 957 et
745 893 1033 968 mansuetudinem,
1057 904 1249 979 caeterasque

218 996 365 1071 ¹virtutes,
376 1007 424 1060 tot
438 997 593 1063 videberis
605 1000 764 1088 accepisse
777 1023 889 1067 uxores
904 1013 982 1089 quot
992 1000 1159 1066 virtutibus
1174 1023 1250 1089 gau·

219 1103 285 1170 des.
298 1103 375 1169 Inde
387 1125 463 1194 ergo
474 1117 521 1170 est
533 1106 619 1193 quod
630 1104 798 1172 nonnullos
810 1108 1064 1175 Patriarobarum
1075 1105 1168 1173 simul
1179 1107 1251 1197 plu·

219 1236 270 1278 res
291 1211 438 1292 babuisse
462 1216 626 1304 conjuges,
644 1214 721 1281 alios
742 1215 899 1281 defunctis
917 1216 1074 1305 prioribus
1089 1217 1249 1305 accepisse

221 1324 309 1401 elias,
329 1325 492 1415 Scriptura
511 1339 742 1392 commemorat
762 1351 770 1392 ε
798 1339 834 1391 ut
852 1325 930 1393 illud
947 1325 1119 1416 figuraliter
1143 1327 1250 1395 indies

220 1435 379 1522 tur‚quod
387 1437 515 1522 quidam
527 1435 634 1524 plures
646 1434 739 1508 simul
750 1446 883 1525 possunt
890 1459 1038 1502 exercere
1048 1434 1249 1512 virtutes,alii

220 1566 286 1608 non
298 1545 384 1631 prius
396 1567 466 1631 qum
474 1556 650 1632 sequuntur
662 1544 815 1633 incipere,
825 1569 921 1633 quam
933 1545 1035 1633 priora
1045 1544 1249 1633 perduxerint

221 1653 263 1720 ad
273 1653 461 1742 perfeetum.
477 1654 555 1720 Inde
568 1654 703 1742 denique
719 1653 868 1722 Salomon
880 1653 986 1743 plnres
998 1653 1091 1720 simul
1101 1654 1245 1720 babuisse

220 1761 358 1828 retertur
369 1785 496 1838 uxores,
510 1762 561 1827 oui
573 1763 694 1829 dixerat
705 1764 877 1830 Dominus:
890 1792 903 1825 a
914 1763 1045 1852 Sapiens
1057 1775 1131 1829 ante
1140 1774 1171 1828 te
1181 1785 1243 1829 non

222 1869 309 1934 »furit
324 1868 406 1944 talis,
419 1882 451 1934 et
465 1883 536 1959 post
552 1883 582 1935 te
598 1895 662 1956 non
677 1871 793 1938 erit¹.›
810 1873 891 1952 Quia
908 1895 984 1960 ergo
996 1873 1130 1938 dederat
1144 1872 1173 1936 ei
1188 1871 1249 1938 Do-

221 1980 326 2045 minus
346 1977 582 2046 multitudinem
597 1981 786 2068 prudentiae,
806 1983 887 2046 sicut
906 2004 999 2048 arena
1020 1991 1068 2046 est
1088 1981 1197 2056 maris,
1215 1992 1251 2046 ut

222 2089 378 2177 judicaret
400 2089 554 2176 populum
576 2113 669 2155 suum
693 2090 725 2154 in
750 2090 916 2178 sapientia,
936 2091 1007 2156 ideo
1029 2088 1135 2178 plures
1156 2087 1253 2156 simul

222 2210 347 2287 poterat
360 2219 507 2266 exercere
523 2199 652 2264 virtutes
655 2244 777 2264 .........

240 2307 341 2376 ,.ιΕῑ
356 2306 475 2374 suetum
494 2305 576 2381 est²,
599 2307 721 2393 inquit,
740 2317 906 2394 postquam
926 2319 1069 2372 mortuus
1089 2321 1136 2374 est
1155 2308 1255 2400 Abra-

186 2499 189 2508 Ι
224 2443 237 2478 s
252 2415 340 2490 bam,
353 2415 514 2480 benedixit
526 2415 679 2480 Dominus
691 2415 779 2480 lsauo
792 2413 895 2481 filium
911 2417 992 2502 ejus,
1005 2426 1037 2479 et
1048 2412 1200 2481 habitavit
1211 2415 1253 2480 ad

225 2534 387 2614 »puteum
407 2521 589 2589 visionist»
604 2522 651 2586 Do
670 2535 772 2588 morte
794 2522 955 2588 Abraham
979 2520 1054 2609 quid
1075 2523 1166 2594 nobis
1187 2547 1254 2588 am·

226 2631 308 2721 plius
323 2629 494 2696 dicendum
506 2626 674 2717 est‚'quam
687 2655 790 2697 sermo
805 2630 933 2695 Domini
945 2630 977 2695 in
987 2628 1162 2716 Evangeliis
1178 2654 1254 2698 oon·

225 2741 306 2805 tinet
331 2739 439 2804 dicens
456 2761 464 2802 ι
482 2765 494 2798 a
512 2739 560 2804 De
583 2740 812 2806 resurreetione
836 2750 942 2803 autem
965 2748 1162 2803 mortuorum
1186 2760 1252 2804 non

228 2845 371 2935 »legistis
393 2847 554 2934 quomodo
574 2849 651 2914 dieit
665 2849 698 2913 in
714 2849 808 2921 rubo,
825 2847 911 2912 Deus
931 2845 1103 2920 Abraham,
1115 2857 1149 2910 et
1166 2846 1253 2911 Deus

229 2981 242 3016 ι
257 2954 357 3027 Isaac,
371 2963 403 3016 et
416 2953 502 3018 Deus
517 2952 641 3018 Jacob?
655 2953 740 3018 Deus
755 2963 861 3018 autem
884 2973 949 3018 non
970 2964 1018 3017 est
1039 2962 1253 3028 mortuorum,
1365 2991 1366 2996 κ

228 3090 241 3125 ι
253 3060 309 3128 sed
323 3060 477 3125 virorum.
492 3059 612 3126 Omnes
625 3060 711 3126 enim
726 3058 770 3124 illi
784 3059 908 3126 vivunt*
918 3059 932 3126 i
941 3089 953 3122 ι
963 3059 1118 3148 Optemus
1132 3081 1209 3147 ergo
1223 3071 1257 3123 et

228 3191 287 3234 nos
300 3167 521 3255 hujuscemodi
538 3179 687 3242 mortem,
704 3168 785 3234 sicut
800 3178 833 3233 et
850 3166 1018 3256 Apostolus
1033 3165 1124 3241 dicit,
1136 3178 1170 3230 ut
1182 3188 1256 3231 mo-

229 3279 348 3344 riamur
360 3289 503 3365 peccato,
513 3279 652 3345 vivamus
663 3290 770 3344 autem
778 3276 871 3344 Deo⁸.
880 3276 963 3342 Talis
974 3299 1111 3363 namque
1120 3273 1257 3342 Abrahae

230 3411 315 3456 mors
331 3385 532 3476 intelligenda
546 3401 607 3464 est,
621 3412 691 3476 quae
702 3388 735 3454 iu
747 3399 870 3454 tantum
882 3383 1058 3450 dilataverit
1069 3383 1155 3448 sinus
1172 3384 1257 3469 ejus,

231 3513 268 3562 ut
282 3519 391 3562 omnes
407 3496 507 3562 sancti
522 3498 577 3584 qui
591 3497 631 3561 de
646 3510 782 3584 quatuor
798 3507 888 3562 terras
903 3495 1044 3584 partibus
1060 3493 1201 3564 veniunt,
1225 3494 1260 3560 in

265 3699 417 3761 1ιΙίιιιιΙίρ.
429 3714 447 3758 ι,
465 3715 500 3746 ra.

266 3772 351 3820 ’Μ
365 3787 391 3834 p.
406 3787 446 3836 90,
459 3787 501 3835 9¹·

265 3845 349 3895 ³th
361 3859 419 3903 aar,
437 3859 473 3891 rr.
484 3871 514 3880 -
525 3842 535 3876 ⁸
548 3844 625 3892 Marc.
642 3860 687 3903 ιιι,
702 3843 740 3902 ab,
752 3853 776 3892 et
791 3843 852 3892 Luc.
864 3857 904 3900 ιι,
915 3840 994 3904 27.-
1007 3840 1015 3871 ⁶
1030 3855 1038 3886 t
1053 3837 1108 3886 Pet.
1124 3854 1151 3895 u,
1166 3835 1203 3892 ab.
