2644 4612
336 309 368 351 ut
391 307 550 352 caurrcuu
573 311 773 355 clurrcoauu
796 313 855 355 arn.
884 314 917 354 11.
1077 289 1139 373 475

1 463 3 498 r
112 432 180 498 nois
195 425 336 520 Engaddi
349 430 460 498 botrus
483 432 534 499 hic
548 432 663 500 floreus
685 435 867 501 nominatur
883 457 951 500 esso
967 457 975 499 ε
1000 432 1143 522 Engaddi

116 553 224 608 eutem
236 539 457 628 intorpretatur
473 541 583 610 oculus
597 542 777 608 tentationis
793 567 889 610 mcae:
904 544 928 608 si
945 541 1013 630 quis
1029 541 1144 628 estqui

117 647 310 716 intellectum
321 649 439 717 hahere
450 661 553 738 potest
566 649 724 737 quomodo
734 651 866 719 tentatio
878 663 926 716 cst
937 651 998 715 vita
1009 649 1144 714 hominis

0 789 1 818 r
120 779 215 848 super
230 769 365 835 terram,
380 770 413 824 at
428 757 574 849 intelligit
587 759 748 846 quomodo
762 759 832 848 quis
847 761 878 824 ln
895 761 962 826 Deo
981 759 1112 847 eripitur
1128 781 1145 822 a

1 895 7 939 t
121 866 309 942 tentatione,
327 877 359 930 et
373 867 427 954 qui
442 869 583 957 agnoscit
598 866 780 956 qualitatem
803 857 983 940 tentationis
999 891 1081 942 suco,
1101 865 1148 932 ita

0 1013 1 1024 κ
120 987 155 1038 ut
167 974 266 1064 possit
288 975 327 1040 dc
341 975 409 1064 ipso
425 976 506 1053 dici,
523 977 595 1064 quia
610 977 643 1043 in
658 977 707 1042 his
723 977 868 1044 omnibus
885 999 949 1046 non
965 974 1144 1065 peccaverit

116 1082 207 1151 labiis
219 1083 283 1156 suis
299 1107 406 1152 coram
420 1084 505 1163 Deo,
522 1086 597 1152 huic
608 1086 718 1153 botrus
736 1087 824 1176 cypri
841 1086 879 1152 de
893 1085 991 1158 vineis
1003 1082 1147 1172 Engaddi

1 1223 5 1260 ε
117 1190 256 1264 officitur
271 1193 403 1258 verbum
427 1193 496 1266 Dei.
520 1193 759 1260 Observandum
774 1206 880 1260 tamon
891 1204 938 1259 oet
953 1192 1147 1282 quod‘verha
1205 1180 1213 1194 '

0 1347 1 1358 r
118 1323 242 1390 sponsae
255 1300 299 1366 ita
314 1293 511 1378 reseruntur,
525 1313 607 1371 utet
622 1302 740 1369 nardus
754 1315 787 1367 ot
801 1300 1035 1390 alligamentum
1050 1310 1147 1388 guttae

0 1448 1 1451 ¹
119 1420 152 1476 ct
173 1410 284 1474 botrus
299 1409 389 1498 cypri
403 1410 461 1498 ipsi
481 1407 539 1476 soli
556 1410 637 1486 sint,
657 1421 766 1497 utpote
784 1433 853 1498 quae
868 1410 900 1477 iu
918 1408 976 1474 hos
992 1408 1056 1496 jam
1072 1430 1148 1495 pro-

0 1562 1 1581 r
121 1520 222 1592 lectus
233 1521 419 1588 ascenderit.
437 1520 511 1593 Sola
522 1522 607 1596 enim
619 1521 758 1610 perlecta
773 1522 876 1588 anima
887 1533 935 1586 ost
949 1543 1021 1608 quae
1031 1519 1074 1585 ita
1089 1517 1149 1584 ha*

125 1630 180 1694 het
192 1652 305 1717 purum
321 1640 354 1694 et
369 1641 537 1719 purgatum
552 1628 793 1699 odoramentum
808 1629 995 1702 minonem,
1009 1626 1150 1715 utpoesit

132 1737 216 1810 nauli
232 1749 260 1802 at
274 1749 386 1826 gutta,
403 1750 436 1802 ot
450 1738 538 1827 cypri
552 1760 591 1803 er
605 1737 701 1804 verbo
716 1737 774 1804 Dei
792 1736 992 1825 procedentis
1006 1734 1149 1830 fragrem·
1215 1808 1221 1828 Ι

129 1846 200 1914 tiam
211 1869 341 1936 capere,
356 1859 388 1913 et
399 1847 530 1944 gratiam
543 1846 638 1920 divini
650 1845 755 1918 odorio
766 1845 902 1916 haurire.
