2734 4594
170 330 177 342 “
243 243 303 321 146
687 261 830 306 unicurtis

237 383 375 470 sinque,
391 382 545 449 Dominus
561 384 601 449 ad
616 380 745 450 Gedeon
764 405 772 446 :
789 381 928 448 Omnem
944 383 1141 472 quicumque
1155 381 1272 452 lambet

237 514 372 579 »aquam
386 492 418 556 iu
428 489 535 578 lingua
544 540 553 566 ,
563 491 645 556 sicut
655 489 768 555 lambit
778 487 883 566 canis,
897 500 1014 554 statues
1022 514 1096 556 eum
1108 514 1269 559 seorsum:

235 611 289 664 set
306 621 433 665 omnem
449 598 503 684 qui
524 599 700 662 curvaverit
715 619 817 685 genua
838 619 895 661 sua
920 609 955 660 ut
974 598 1081 674 bibat,
1103 600 1270 666 transferes

166 771 169 780 ¹
236 729 342 770 neum.
360 707 400 769 Et
411 705 511 770 factus
526 715 590 780 est,
608 703 721 790 inquit,
735 725 889 768 uumerus
899 727 1012 769 eorum
1023 706 1078 793 qui
1091 704 1271 774 lamberunt

234 810 287 874 aiu
314 831 411 874 manu
425 831 539 894 aquam
563 806 610 873 vel
632 807 757 896 lingua,
774 807 908 874 trecenti
931 809 1000 874 viri.
1026 810 1141 875 Ceteri
1165 824 1270 880 autem

232 937 364 980 somnes
385 926 595 981 curvaverunt
615 938 718 1003 genua
740 939 815 991 sua,
842 926 876 979 ut
900 916 1048 1002 biberent
1069 941 1211 1005 aquam:
1236 934 1269 986 et

233 1019 333 1084 »dixit
344 1020 497 1084 Dominus
513 1018 554 1084 ad
566 1018 697 1084 Gedeou
712 1041 720 1082 t
734 1019 775 1083 lu
784 1020 934 1084 trecentis
948 1019 1022 1085 viris
1037 1020 1105 1086 istis
1120 1023 1175 1109 qui
1192 1022 1268 1090 lam-

232 1127 369 1191 aherunt
379 1126 411 1190 in
426 1148 523 1191 mauu
540 1148 673 1211 aquam,
689 1123 790 1191 salvos
805 1149 861 1191 vos
876 1125 990 1194 latiam
1002 1139 1053 1202 ,et
1064 1129 1190 1194 tradam
1201 1129 1267 1196 lla-

231 1234 324 1300 »dian
342 1235 374 1298 in
390 1257 519 1299 manum
533 1246 621 1298 tuam
632 1231 654 1298 ¹.
671 1234 730 1298 »ln
741 1233 889 1299 omnibus
907 1257 989 1323 pene
1012 1246 1158 1302 veterum
1174 1239 1266 1325 gestis

229 1341 379 1429 mysteria
391 1342 594 1430 designantur
604 1341 763 1430 ingentia,
781 1342 864 1406 sicut
875 1341 971 1407 etiam
985 1343 1019 1408 in
1029 1342 1094 1409 hoc
1109 1341 1183 1410 loco
1199 1345 1267 1412 lieri

230 1451 389 1526 videmus,
405 1451 478 1538 quia
494 1451 514 1514 ii
530 1450 584 1537 qui
600 1449 799 1516 descendunt
815 1450 854 1515 ad
869 1473 1007 1538 aquam,
1027 1451 1062 1516 id
1075 1463 1125 1518 est
1134 1498 1145 1528 ,
1158 1455 1213 1540 qui
1229 1455 1267 1520 ad

228 1555 373 1644 baptismi
385 1555 518 1642 gratiam
535 1553 683 1628 veniunt,
696 1575 762 1619 non
778 1553 895 1626 debent
905 1555 1071 1643 procidere
1084 1556 1117 1619 in
1126 1567 1264 1633 terram,

226 1682 288 1725 nec
305 1658 434 1724 lleetere
455 1681 560 1747 genua
573 1681 648 1733 sua,
667 1669 700 1722 et
719 1657 834 1727 cedere
854 1657 1080 1723 tentationibus
1107 1662 1262 1736 venturis,

225 1767 280 1832 sed
297 1778 379 1832 stare
390 1765 525 1830 firmiter
538 1778 571 1830 et
581 1777 776 1840 constanter,
789 1765 872 1830 sieut
887 1777 920 1829 et
936 1764 1095 1853 Propheta
1110 1767 1258 1833 dicebat:

232 1873 413 1938 «Demissas
427 1895 559 1947 manus,
575 1884 607 1936 et
619 1870 769 1938 dissoluta
783 1895 886 1959 genua
901 1870 1044 1961 erigite²,
1062 1887 1106 1947 et.
1120 1898 1257 1962 grassem

224 1991 368 2044 »rectum
379 1979 472 2044 sucite
480 1979 598 2044 semitis
606 1979 717 2070 vestris
728 1979 753 2042 ³.
763 2007 775 2039 a
786 1978 904 2044 Venisti
917 1979 957 2044 ad
969 2002 1086 2066 aquam
1096 1983 1254 2070 baptismi,

221 2085 306 2150 istud
327 2099 375 2151 est
396 2085 576 2151 certaminis
592 2095 625 2150 et
640 2107 755 2172 pugnae
777 2083 924 2172 spiritalis
948 2086 1098 2164 initium,
1114 2088 1179 2152 hinc
1194 2089 1248 2152 tibi

224 2193 389 2259 adversum
412 2192 571 2259 Zabulum
586 2192 726 2257 nuscitur
741 2215 854 2280 pugnae
869 2193 1075 2281 principium.
1096 2195 1126 2262 Si
1141 2195 1247 2258 remis-

221 2302 284 2365 sior
305 2301 419 2377 fueris,
442 2301 468 2366 si
490 2299 575 2364 ilecti
593 2296 686 2363 sacile
707 2300 868 2386 potueris,
893 2300 1056 2387 quomodo
1082 2301 1253 2390 pugnabis?

221 2408 393 2490 Quomodo
401 2407 497 2473 stabis
509 2406 657 2471 adsersus
669 2403 939 2471 astutiasZahulii’
950 2407 1121 2494 Propterea
1133 2422 1167 2473 et
1177 2409 1254 2498 Apo

220 2512 318 2579 stolus
334 2513 448 2580 clamat
466 2537 499 2577 :a
512 2513 600 2579 State
607 2535 702 2600 ergo:
718 2523 750 2576 et
766 2511 862 2577 nolite
876 2513 992 2578 iterum
1006 2514 1084 2602 jugo
1100 2517 1256 2582 servitutis
1328 2505 1335 2516 ⁸

224 2622 364 2688 »haerere
377 2622 401 2687 ‘.
420 2623 480 2686 »Et
495 2621 611 2684 iterum
624 2619 720 2684 dicit:
733 2621 838 2685 «State
850 2620 882 2684 in
897 2619 1034 2686 Domino
1049 2621 1071 2686 ⁶.
1087 2625 1152 2688 »Et
1166 2625 1254 2690 tertio

221 2733 317 2798 dicit:
330 2759 342 2793 ι
355 2729 516 2811 Quoniam
531 2739 608 2793 tunc
624 2729 776 2804 vivimus,
792 2729 817 2792 si
832 2751 887 2792 vos
898 2728 985 2794 statis
999 2729 1032 2794 in
1047 2730 1189 2796 Domino
1202 2732 1225 2796 ⁶.
1239 2760 1251 2792 a

221 2839 278 2904 llle
300 2840 397 2926 igitur
415 2834 608 2926 probabilis,
626 2833 679 2900 ille
694 2833 812 2900 electus
831 2847 896 2910 est,
921 2835 975 2922 qui
990 2847 1201 2925 posteaquam
1222 2841 1257 2905 ad

223 2969 320 3034 aquas
337 2943 485 3032 baptismi
506 2955 635 3008 ventum
652 2955 719 3018 est,
735 2941 820 3008 lleoti
845 2942 884 3007 ad
898 2944 1101 3010 necessitates
1117 2957 1258 3013 terrenas
1349 3027 1350 3030 Ἴ

223 3065 256 3118 et
270 3073 439 3140 corporeas
454 3051 572 3124 nescit,
589 3050 643 3135 qui
658 3050 740 3114 vitiis
756 3073 820 3114 nou
835 3048 995 3138 indulget,
1008 3073 1114 3140 neque
1129 3055 1173 3118 ob
1188 3077 1258 3144 pec·

223 3161 285 3227 cati
302 3159 386 3224 sitim
401 3159 551 3223 sternitur
562 3179 691 3245 pronus.
706 3157 769 3222 Sed
783 3168 816 3220 et
826 3157 912 3243 quod
922 3158 999 3223 dicit
1009 3182 1064 3223 eos
1076 3183 1177 3226 manu
1189 3211 1199 3236 ,
1212 3161 1257 3228 val

148 3316 152 3322 .
218 3243 328 3355 lingua
352 3289 465 3352 aquam
487 3263 652 3338 lambere,
674 3286 738 3328 uon
762 3264 879 3350 absque
901 3268 1089 3332 sacramenti
1118 3271 1256 3355 quadam

224 3372 430 3462 significantia
453 3372 517 3438 hoc
541 3371 619 3439 mihi
640 3371 765 3436 videtur
785 3372 958 3459 scriptum,
982 3371 1102 3440 scilicet
1119 3378 1210 3462 quod
1226 3391 1257 3442 ct

224 3505 321 3547 manu
339 3493 372 3546 et
392 3478 506 3576 lingua,
518 3479 642 3567 operari
670 3477 787 3544 debent
812 3477 927 3544 milites
951 3478 1085 3557 Christi,
1105 3482 1171 3550 hoe
1189 3495 1254 3558 est.

225 3615 321 3682 apere
334 3605 366 3656 et
377 3591 474 3658 verbo
489 3615 497 3656 ε
516 3591 612 3680 quia«
627 3571 792 3677 quidoeet
806 3602 838 3655 et
849 3590 1004 3668 sacit,hic
1016 3613 1151 3681 maguus
1165 3617 1258 3662 roca·

259 3750 1257 3822 ¹Jud.v11‚5,6,7.-²laai.xxxv‚3.-¹llehr.zrr‚13.—¹Gal.v‚r.

226 3849 279 3884 -l
290 3845 380 3908 Philip.
395 3859 436 3902 rr,
450 3857 471 3890 r.
483 3836 550 3889 -=⁶r
566 3841 649 3888 Tlreas.
664 3857 709 3900 ru,
729 3843 753 3887 8.
