2682 4594
190 199 252 262 nod
637 214 779 257 eruemus

188 353 239 404 tus
252 350 371 413 noster,
383 350 417 402 et
431 337 533 404 omnis
550 359 654 402 sermo
666 346 760 424 atquc
773 335 875 402 omnis
889 335 1038 424 cogitatio
1050 335 1235 400 inveniatur

188 449 222 512 in
238 447 436 535 subjectione
454 444 581 510 Christi.
598 443 695 523 Quod
715 444 740 508 si
754 442 835 508 forte
851 443 948 517 dicis,
965 443 1043 529 quid
1059 443 1190 531 prodest
1207 445 1234 506 si
1337 445 1338 460 ¹

190 578 276 620 nunc
292 554 455 637 subjectus
470 551 549 627 sim,
564 574 637 616 cum
654 551 720 638 jam
735 564 809 616 ente
823 539 1024 638 peccaverim
1039 562 1072 614 et
1086 575 1238 638 praeven-
1335 559 1338 662 p

190 675 241 726 tus
261 661 320 726 sim
340 660 371 726 in
390 658 536 725 delictis?
555 659 621 723 sine
644 659 835 724 dubiosum
862 657 1074 746 deliquimus,
1096 660 1238 746 subjecti
1337 715 1338 728 .

191 793 256 834 non
276 768 393 832 fuimus
409 768 494 842 Deo,
512 767 567 832 sed
588 789 663 832 cum
679 766 847 832 desivimus
872 763 1049 840 adelictis,
1071 778 1151 831 tunc
1173 766 1239 830 ini-

193 878 273 942 tium
296 875 501 965 subjectionis
524 876 715 962 occepimus.
739 873 821 938 Cum
844 896 921 962 ergo
946 874 1053 940 timori
1074 874 1134 938 Dei
1157 875 1238 938 sub-

193 984 268 1072 jecti
281 1005 414 1074 peccare
426 1005 584 1048 cessamus
596 1031 605 1058 ,
618 995 694 1048 tunc
708 983 803 1047 etiem
817 981 966 1048 frducinm
979 982 1155 1071 accipimus
1166 1005 1238 1070 pos-
1337 965 1338 992 ³

193 1092 287 1158 cendi
302 1114 361 1178 pro
376 1089 497 1156 delictis
517 1090 674 1178 prioribus
692 1090 826 1156 venium.
845 1090 956 1155 Donec
977 1103 1084 1154 sutem
1106 1113 1229 1177 perma-
1337 1135 1338 1200 q

195 1222 307 1265 nemus
337 1201 369 1264 in
392 1197 530 1274 delictis,
559 1197 674 1264 frustra
697 1199 819 1264 veniam
845 1199 1005 1286 poscimus
1029 1197 1233 1264 delictorum.

198 1307 287 1373 Unde
301 1320 334 1372 ct
348 1307 479 1373 memini
495 1329 546 1371 me
561 1306 743 1394 frequenter
755 1306 868 1371 dixisse
882 1303 1006 1381 advos,
1020 1307 1095 1393 quin
1110 1307 1236 1371 veniam

198 1414 387 1481 delictorum
404 1426 481 1480 tnnc
500 1415 585 1504 digni
603 1415 781 1504 poscimus,
802 1437 877 1480 cum
898 1413 991 1502 longe
1011 1415 1104 1502 positi
1123 1440 1142 1480 a
1161 1437 1238 1502 pec·
1337 1421 1338 1442 .

199 1535 289 1599 cato,
312 1522 398 1588 illum
418 1546 529 1590 vocem
549 1546 716 1611 possumus
734 1522 861 1596 dicere,
877 1549 890 1582 ι
906 1522 951 1588 Ne
970 1523 1155 1586 memineris
1178 1523 1239 1586 ini·
1335 1547 1338 1640 p

201 1632 356 1719 »quitates
376 1643 497 1696 nostrus
515 1630 690 1717 antiquos¹.
710 1629 806 1695 »Non
823 1630 900 1694 dixit
916 1652 968 1695 eos
986 1651 1063 1716 quos
1085 1629 1238 1706 fecimus,
1337 1657 1338 1666 ¹

201 1741 257 1805 sed
279 1762 332 1804 eas
354 1763 432 1827 quas
454 1738 623 1825 aliquando
644 1737 786 1803 fecimus.
810 1737 962 1804 Subditus
984 1760 1060 1826 ergo
1085 1749 1156 1802 esto
1178 1739 1241 1803 Do-

202 1847 308 1921 mino,
327 1858 360 1909 et
379 1846 542 1932 subjectus
563 1843 629 1909 noli
649 1867 792 1932 peccare.
815 1845 906 1910 'func
931 1846 1062 1910 obsecre
1085 1867 1159 1910 eum
1181 1869 1240 1933 pro

204 1949 327 2017 delictis
342 1952 526 2039 praeteritis,
543 1965 575 2037 et
588 1952 732 2040 antiquis.

248 2061 289 2124 ll.
302 2086 315 2119 ι
327 2059 373 2126 Ne
388 2058 552 2124 aemulatus
567 2059 663 2124 fueris
677 2082 751 2124 eum
767 2062 820 2147 qui
836 2073 1042 2149 prosperatur
1056 2062 1086 2124 in
1100 2062 1141 2124 rie
1157 2083 1231 2132 soa,

206 2169 259 2232 rin
274 2167 403 2232 homine
419 2166 552 2233 faciente
568 2167 797 2254 iniquitatem².
817 2169 1002 2235 »Describit
1017 2193 1054 2233 ea
1070 2191 1137 2256 quse
1152 2168 1241 2232 ecci-
1336 2171 1338 2240 l

205 2275 285 2340 dunt
299 2275 492 2340 hominibus.
511 2276 708 2364 Frequenter
722 2277 807 2341 enim
827 2277 852 2341 si
867 2276 1029 2342 videamus
1047 2277 1195 2364 iniquum
1211 2277 1245 2341 in
1337 2287 1338 2296 ’

205 2384 362 2472 prosperis
378 2384 592 2456 successibus,
609 2395 642 2448 et
657 2384 689 2449 in
705 2407 741 2449 ea
757 2407 851 2472 quom
868 2387 990 2450 ducunt
1006 2383 1158 2450 felicitate
1176 2386 1246 2449 rius

204 2492 361 2580 positum,
386 2490 652 2567 scandalizemur,
676 2503 709 2556 et
734 2491 912 2581 periculum
933 2492 1008 2558 fidei
1032 2493 1247 2566 incurrimus,

207 2612 301 2686 etque
313 2599 344 2663 in
362 2597 459 2664 corde
472 2611 579 2663 nostro
594 2600 762 2664 adversum
772 2600 910 2665 divinam
925 2600 1160 2688 providentiam
1174 2625 1251 2668 con-

208 2707 383 2793 querimur,
407 2707 547 2772 dicentes
565 2730 573 2772 ε
591 2708 669 2795 quid
687 2708 815 2795 prodest
835 2709 918 2797 juste
938 2708 1054 2798 cgere?
1071 2711 1159 2788 Ecce
1175 2712 1249 2798 justi

208 2810 418 2886 tribulantur,
435 2811 488 2878 hic
505 2812 639 2900 injustos
658 2811 791 2878 feliciter
814 2815 886 2903 egit.
910 2815 1049 2902 lnjustus
1072 2827 1140 2892 est,
1161 2815 1250 2880 etad

209 2939 348 2982 summos
369 2916 490 2982 divitias
509 2918 671 3005 pervenit,
691 2918 850 2984 honorum
870 2943 906 2984 ac
927 2931 1122 3008 potestatum
1143 2920 1251 2987 excel-

210 3047 280 3089 sum
307 3023 433 3090 culmen
455 3026 616 3099 ascendit,
634 3025 771 3090 fortassis
794 3025 907 3090 melius
927 3037 975 3091 est
1000 3027 1161 3115 injustum
1185 3053 1253 3094 esse

210 3155 306 3218 quum
321 3133 450 3218 justum.
471 3134 547 3198 llaec
561 3131 695 3197 infirmae
710 3144 742 3197 et
756 3133 880 3222 fragiles
896 3135 1009 3199 enimse
1029 3136 1127 3200 etiem
1146 3138 1170 3200 si
1189 3161 1252 3202 non

211 3261 267 3303 ore
285 3238 464 3326 proferunt,
486 3241 518 3303 in
538 3240 636 3306 corde
654 3264 711 3305 suo
726 3252 833 3305 tomen
855 3240 1043 3330 loquuntur,
1066 3266 1142 3307 cum
1164 3245 1255 3307 vidc-

212 3347 275 3412 rint
291 3346 413 3433 iniquos
428 3349 586 3436 prosperis
602 3350 799 3414 successibus
815 3372 907 3438 ogere
923 3349 955 3414 in
972 3350 1021 3413 vie
1036 3374 1103 3415 suo.
1123 3353 1163 3415 Et
1182 3351 1254 3415 ideo

213 3457 304 3522 nobis
321 3458 459 3522 mandati
471 3457 566 3546 hujus
579 3458 702 3524 medela
714 3460 889 3534 succurrit,
907 3482 947 3524 ne
962 3483 1037 3524 cum
1054 3459 1125 3525 lraec
1141 3461 1254 3524 videri-

214 3585 304 3638 mus,
321 3561 523 3638 aemulemur,
541 3565 573 3628 id
591 3577 695 3628 estne
714 3565 872 3630 irritemus
888 3566 1062 3630 Dominum
1084 3567 1253 3631 adversum

215 3691 272 3733 nos
288 3666 447 3754 loquendo
464 3666 536 3732 talia
556 3669 587 3733 in
604 3669 753 3734 cordibus
773 3671 887 3736 nostris
905 3694 913 3734 :
931 3671 985 3736 sed
1003 3672 1182 3760 recogitare
1199 3671 1255 3734 de-

252 3807 260 3840 ¹
278 3812 363 3860 Palm.
375 3827 489 3870 nxnrrrr,
502 3811 525 3860 8.
540 3839 572 3846 -—
583 3806 593 3839 ²
605 3812 643 3860 ld.
659 3825 752 3873 xxm,
764 3829 787 3880 7.
842 3865 846 3874 ,
