2744 4600
250 313 310 392 546
689 329 829 372 omonnrs

247 481 295 524 ses
311 457 474 530 describit,
490 455 656 544 aspiciunt.
680 455 760 521 Nam
779 454 819 518 de
838 452 896 519 illis
912 452 1041 541 quidem
1056 447 1272 516 mansionibus
1350 438 1354 481 ²

248 577 325 656 q‘uns
349 567 460 630 animae
480 587 612 654 corpore
634 576 747 640 exuta,
769 565 834 630 imo
858 585 990 652 eorpore
1011 585 1069 626 suo
1091 584 1201 626 rursus
1223 561 1272 624 in-

248 679 332 742 dutae
352 676 505 742 babiturae
521 687 607 751 sunt,
625 675 778 739 Dominus
799 673 1015 762 pronuntiavit
1034 673 1066 736 in
1088 667 1271 758 Evangelio,

216 799 219 805 “
248 787 355 853 dicens
373 810 382 850 ε
402 783 529 849 :Multae
543 786 721 849 mansiones
737 795 810 848 sunt
825 784 909 872 apud
919 782 1043 848 Patrem
1055 804 1176 848 meum.
1191 779 1269 846 Alio

249 926 261 959 »
277 898 353 986 quin
366 895 503 960 dicerem
517 893 617 968 vobis,
627 881 905 992 Vadostlpraeparo
916 893 1002 957 vobis
1015 892 1213 956 mansionem
1222 889 1263 952 ¹.»

248 1005 330 1070 Sunt
340 1025 415 1093 ergo
428 999 535 1066 maltae
551 1000 610 1066 illae
623 1002 802 1068 mansiones
814 1026 884 1089 quae
900 1001 940 1066 sd
955 1001 1081 1068 Patrem
1093 1002 1228 1074 ducant,
1240 1001 1269 1062 in

248 1116 361 1204 quibus
379 1111 507 1200 singulis
524 1111 600 1200 qaid
616 1133 731 1187 oausae,
748 1111 824 1198 quid
844 1109 985 1176 utilitatis
1007 1111 1118 1175 enimse
1134 1131 1272 1176 eommo-

246 1226 338 1302 ratio‚
350 1223 466 1313 quidve
476 1222 662 1302 eruditionis
679 1235 733 1286 aut
745 1221 981 1286 illuminationis
994 1221 1139 1310 accipiat,
1153 1221 1215 1285 seit
1223 1215 1272 1284 ille

246 1334 330 1399 solus
345 1330 442 1397 lutari
457 1329 563 1394 saeculi
579 1331 684 1406 Pater,
703 1332 756 1420 qui
767 1317 816 1396 ait
832 1333 871 1396 de
893 1333 1075 1420 semetipso,
1092 1331 1167 1418 quia
1190 1351 1270 1418 «ego

246 1467 343 1509 »sum
359 1444 485 1508 ostium.
502 1440 603 1507 Nemo
619 1441 705 1506 venit
721 1441 761 1505 ad
776 1439 914 1516 Patrem,
932 1441 991 1506 nisi
1005 1465 1063 1531 per
1077 1465 1129 1506 me
1144 1439 1167 1505 ².
1183 1469 1198 1502 ι
1211 1440 1272 1518 Qui

244 1555 383 1620 fortassis
392 1556 422 1620 in
434 1554 482 1619 his
494 1551 623 1641 singulis
634 1553 848 1618 mansionibus
861 1553 1151 1641 unicuiqueanimae
1159 1551 1273 1616 ostium

245 1663 313 1739 liet,
341 1675 376 1728 ut
398 1684 454 1751 per
474 1662 578 1749 ipsum
596 1661 704 1735 intret,
724 1672 756 1725 et
775 1683 831 1749 per
848 1661 951 1748 ipsum
966 1673 1068 1736 exeat,
1087 1671 1119 1725 et
1135 1658 1273 1724 inveniat

162 1833 165 1842 .
245 1795 374 1863 pascua,
389 1783 421 1836 et
435 1772 550 1836 iterum
564 1772 660 1836 intret
671 1769 713 1836 ad
725 1769 832 1846 aliam,
845 1783 876 1836 et
888 1769 962 1836 inde
978 1771 1016 1836 ad
1029 1770 1123 1836 aliam
1139 1769 1275 1835 mensio

245 1905 333 1957 nem,
351 1904 514 1970 usquequo
531 1881 571 1946 ad
588 1881 691 1968 ipsum
708 1879 869 1968 perveniat
884 1879 1020 1945 Patrem.
1040 1878 1104 1946 Sed
1119 1901 1175 1944 nos
1190 1899 1276 1966 pene

244 1993 446 2058 immemores
469 1990 659 2079 praelationis
684 2002 813 2066 uostrae,
839 1990 943 2056 subito
966 1991 1109 2056 auditum
1132 2003 1272 2054 uestrum

245 2103 285 2168 ad
301 2100 362 2168 alta
383 2115 415 2168 et
435 2099 557 2168 excelsa
580 2101 783 2166 surreximus.
803 2102 870 2166 lmo
891 2085 1153 2166 vero'reaeamus
1176 2100 1219 2165 ad
1239 2122 1273 2163 es
1305 2076 1310 2087 .

244 2235 313 2300 qnae
330 2213 413 2278 inter
427 2233 484 2276 nos
499 2221 532 2273 et
546 2210 580 2274 in
595 2211 686 2275 nobis
702 2220 866 2299 geruntur.
895 2208 932 2275 ln
955 2209 1091 2298 AEgypto
1111 2223 1206 2276 erunt
1218 2207 1276 2274 lilii

243 2318 352 2394 lsrael,
369 2320 402 2384 ia
418 2318 567 2407 operibns
581 2317 752 2384 Pharaonis
767 2319 847 2407 regis
859 2317 927 2384 luto
940 2318 1085 2386 solatore
1096 2319 1278 2408 affligeban-

242 2439 307 2502 tur,
325 2427 427 2492 donee
441 2427 681 2516 ingemiscentes
698 2425 871 2492 clamarent
886 2428 925 2492 ad
940 2427 1125 2506 Dominum,
1139 2441 1174 2492 et
1185 2453 1276 2494 exau

243 2536 333 2601 diens
347 2529 625 2626 gemitum'edium
642 2537 782 2600 mitteret
799 2537 845 2600 eis
859 2538 992 2602 verbum
1009 2561 1103 2602 suam
1118 2561 1179 2626 per
1193 2539 1280 2624 bloy-

243 2667 323 2722 som,
339 2657 372 2711 et
382 2646 533 2711 educeret
544 2669 598 2711 eos
611 2646 650 2710 de
662 2643 813 2735 Aigyptos
829 2645 868 2710 Et
884 2669 940 2712 nos
955 2669 1031 2737 ergo
1047 2671 1123 2713 oum
1134 2671 1281 2715 essemus

243 2757 277 2823 in
293 2757 441 2847 AEgypw,
458 2759 568 2824 mundi
583 2758 656 2823 dico
672 2759 767 2846 hujus
783 2759 943 2824 erroribus
967 2770 1000 2823 et
1024 2760 1216 2848 ignorantiae
1237 2773 1282 2824 te

244 2859 367 2944 nebris,
388 2879 554 2954 operantes
578 2889 673 2955 opera
700 2865 829 2940 diaboli,
852 2877 884 2932 ot
906 2867 938 2930 in
960 2867 1230 2956 concupisoentiis
1250 2881 1287 2932 et

245 2973 459 3065 vuluptatibus
485 2976 603 3050 earnis,
630 2977 795 3042 miseratus
822 2987 870 3040 est
892 2975 1045 3042 Dominus
1072 2977 1283 3064 afflictionem

244 3097 398 3163 nostram,
414 3099 447 3152 et
468 3086 552 3152 misit
572 3084 715 3153 Verbum
736 3109 829 3150 suum
851 3087 1047 3176 unigenitum
1068 3085 1204 3161 Filium,
1226 3087 1287 3174 qui

244 3217 301 3259 nos
318 3196 357 3260 do
373 3195 547 3285 ignorantia
563 3196 678 3260 erroris
693 3205 818 3283 ereptos
834 3197 873 3260 ad
890 3194 994 3262 lacem
1012 3197 1123 3262 divinae
1134 3194 1216 3284 legis
1229 3195 1291 3260 ad·

246 3306 384 3372 duceret.

289 3413 354 3482 Sed
372 3415 649 3503 primoomnium,
673 3417 795 3482 intuere
818 3415 959 3504 mysterii
980 3416 1157 3480 rationem:
1177 3437 1287 3502 quam

245 3525 299 3614 qui
311 3523 477 3614 diligenter
491 3525 715 3601 observaverit,
735 3526 767 3592 in
783 3524 953 3613 Scripturis
969 3523 1108 3588 inveniet
1123 3523 1156 3588 in
1169 3545 1287 3612 egres·

246 3634 333 3698 sione
358 3616 496 3698 liliorum
529 3631 624 3699 lsrael
657 3634 695 3700 de
724 3631 874 3722 AEgypto,
910 3631 1116 3720 quadraginta
1144 3643 1178 3694 et
1204 3631 1296 3694 dnus

244 3741 367 3807 habitas
389 3763 458 3807 esse
477 3741 673 3814 mansioness
700 3753 731 3806 et
757 3764 882 3807 rursum
911 3741 1065 3808 adventus
1089 3739 1223 3804 Domini
1256 3751 1307 3805 et

245 3849 412 3916 Solvatoris
441 3852 538 3916 nostri
565 3852 597 3916 in
625 3851 710 3918 hune
733 3851 901 3927 mnndum,
925 3871 982 3940 per
1007 3847 1221 3938 quadraginta
1257 3861 1307 3914 et

282 3979 804 4045 ΗΜ.κιν,α.-ἳ1(1.κ,9,οῑιιν,6.
