2748 4596
256 285 296 328 20
705 275 847 326 olintum

252 410 339 498 quod
353 431 425 498 pars
441 429 593 495 aquarum
610 404 757 470 Jordauis
779 415 941 493 mergatur
963 405 995 468 in
1017 426 1124 479 mare,
1148 417 1247 493 atque
1260 406 1291 470 in

253 516 497 584 amaritudinem
506 512 666 603 profluat,
682 536 755 600 pars
773 535 848 577 roro
867 513 899 577 in
915 509 1084 577 dulcedine
1098 525 1290 600 perseveret.

252 628 285 692 Si
301 626 512 690 enimomnes
527 621 581 710 qui
601 620 818 708 baptizantur,
841 631 1005 708 acceptam
1025 619 1161 685 eoelestis
1185 622 1293 709 gratia

252 729 453 795 dulcedinem
465 726 681 798 custodirent,
698 731 731 790 et
746 723 850 790 nullus
867 725 899 789 in
914 736 1120 812 pennatorum
1135 726 1294 790 amaritu-

253 839 361 903 dinem
372 848 564 910 uerteretur,
585 857 649 899 non
668 833 778 922 utique
793 845 875 898 essct
890 833 1042 920 scriptum
1050 834 1128 920 quia
1143 857 1216 922 pars
1232 834 1294 900 fln-

253 1056 377 1121 videtur
389 1055 422 1118 in
433 1053 482 1118 his
494 1053 596 1118 verbis
613 1051 844 1139 baptizatorum
856 1050 988 1116 varietas
1001 1050 1179 1139 designari,
1198 1075 1293 1138 quam

253 1164 384 1252 quidem
396 1185 454 1227 nos
470 1160 575 1248 (qnod
590 1181 665 1224 eum
681 1157 790 1224 dolore
802 1161 1040 1246 commemoro)
1054 1181 1137 1246 saepe
1149 1158 1294 1224 videmus

254 1272 398 1338 occidere
409 1321 418 1344 ,
430 1282 466 1334 ut
481 1269 514 1334 hi
531 1267 584 1356 qui
603 1278 747 1332 sanctum
763 1268 918 1354 baptisma
940 1278 1200 1354 consequuntur,
1219 1289 1293 1332 cuna

249 1403 284 1446 so
309 1401 434 1445 rursum
461 1377 501 1442 ad
520 1375 645 1464 negotia
663 1372 770 1440 saeculi
796 1385 829 1439 et
854 1373 1018 1438 illecebras
1041 1373 1211 1439 libidinum
1232 1387 1293 1440 tra-

252 1489 351 1561 dunt,
365 1499 398 1551 et
413 1505 488 1550 cum
503 1483 639 1549 avaritiae
653 1480 770 1546 salsum
783 1480 933 1569 poculum
947 1480 1082 1572 bibpnt,
1098 1481 1131 1545 in
1143 1505 1183 1547 ea
1195 1507 1294 1571 aqua-

252 1605 424 1683 rumparte
439 1593 632 1665 formentur,
646 1613 716 1678 quac
728 1590 761 1654 in
774 1611 861 1654 mare
879 1587 1030 1676 prolloit,
1048 1601 1143 1676 atque
1158 1591 1192 1654 in
1207 1591 1292 1656 salsis

145 937 149 950 ⁵
254 948 347 1034 minis
363 944 434 1012 salsi
445 946 545 1010 maris
564 943 740 1032 gurgitibus
758 941 868 1008 fuisset
889 943 1048 1008 immersa.
1068 943 1109 1008 Et
1127 943 1200 1008 ideo
1215 943 1294 1008 mibi
1363 971 1364 1004 r

250 1703 403 1769 lluctibus
415 1701 537 1788 deperit
552 1721 560 1762 τ
577 1719 649 1786 pars
665 1719 739 1763 vero
751 1695 802 1763 illa
818 1719 888 1785 quae
898 1719 971 1761 cum
981 1694 1154 1762 stabilitate
1166 1721 1292 1787 parma.
1363 1777 1364 1788 ἵ

252 1825 327 1887 net,
344 1823 377 1874 et
392 1809 591 1876 dulcedinem
606 1829 693 1872 suam
706 1815 827 1877 seruat.
840 1805 981 1894 designet
992 1805 1113 1893 eosqui
1126 1820 1288 1895 acceptum
1363 1831 1364 1838 ¹

251 1921 310 1988 Dei
325 1941 442 1985 munus
458 1912 723 1982 indeclinabiliter
733 1926 852 1978 tenent.
868 1915 1007 1979 Etrecte
1021 1937 1167 2002 unapars
1176 1926 1220 1978 est
1230 1937 1286 1978 eo-

251 2050 322 2093 rum
338 2025 390 2114 qui
407 2023 586 2099 salvantur,
603 2023 674 2111 quio
691 2037 723 2086 et
737 2022 826 2110 panis
839 2044 920 2086 unus
932 2033 996 2097 est,
1012 2022 1065 2109 qui
1079 2022 1119 2087 de
1132 2021 1214 2088 coslo
1226 2023 1293 2088 des-

251 2136 377 2211 ceradit,
393 2146 426 2200 et
437 2132 576 2199 dathuic
592 2130 712 2196 mundo
730 2129 843 2206 vitam,
860 2142 892 2194 et
905 2127 985 2195 fides
997 2153 1058 2196 una
1068 2143 1137 2224 est,
1150 2143 1184 2197 et
1196 2155 1293 2196 unum

251 2244 428 2334 baptisma,
446 2252 477 2307 et
494 2263 575 2306 unus
594 2238 721 2328 spiritns
737 2260 799 2325 quo
817 2260 932 2304 omnes
954 2250 1106 2328 potantur
1125 2240 1159 2305 in
1175 2241 1294 2330 baptis-

251 2377 325 2429 mo,
341 2363 373 2416 et
390 2373 470 2415 unus
486 2349 571 2415 Deus
587 2359 676 2436 pater
691 2347 845 2412 omnium.
861 2343 985 2411 lntereu
997 2346 1205 2414 sacerdotalis
1219 2348 1294 2414 ordo

251 2474 316 2537 est,
332 2472 364 2524 et
378 2458 534 2525 Leviticus
546 2506 554 2532 ,
567 2456 622 2543 qui
635 2455 696 2519 iter
710 2455 856 2520 ostendat
871 2453 989 2543 populo
1004 2455 1082 2531 Dei,
1096 2456 1153 2543 qui
1168 2458 1249 2522 exiit
1258 2457 1295 2521 de

253 2570 401 2658 AEgyptu.
431 2566 493 2654 lpsi
523 2565 609 2629 enim
636 2575 710 2628 sunt
730 2562 783 2650 qui
809 2561 945 2627 edocent
969 2562 1123 2652 populum
1144 2565 1235 2630 exire
1260 2565 1296 2630 de

254 2678 392 2766 AEgypto
405 2725 414 2752 ,
428 2674 468 2739 de
483 2672 644 2738 erroribus
663 2669 782 2736 scilicet
796 2670 928 2746 mundi,
951 2683 983 2734 et
1002 2672 1136 2736 transire
1152 2695 1215 2761 per
1229 2697 1297 2738 ero-

256 2809 346 2852 mum
362 2795 503 2857 vastam,
520 2780 553 2845 id
567 2790 615 2844 cst
630 2778 841 2843 tentationum
857 2801 971 2866 genera
988 2773 1111 2844 diversa
1131 2791 1297 2847 transcur-

256 2917 343 2969 rere,
357 2914 461 2980 neque
480 2888 588 2954 noceri
607 2910 623 2951 a
643 2885 861 2974 serpentibus,
877 2887 931 2972 qui
948 2898 1022 2951 sunt
1035 2909 1163 2953 morsus
1178 2890 1300 2954 daemo-

250 3025 348 3075 num,
376 3010 408 3064 et
433 2995 587 3063 malarum
617 2994 854 3082 suggestionum
877 3017 997 3058 venena
1022 2995 1132 3059 vitare.
1154 2997 1300 3076 Quodsi

253 3108 363 3196 uliquis
375 3107 455 3170 sorte
465 3125 632 3193 percussus
648 3101 743 3165 luerit
757 3101 790 3166 in
805 3122 913 3165 eremo
927 3124 943 3166 a
960 3113 1125 3189 serpente,
1145 3115 1179 3167 ut
1198 3118 1301 3170 osten·

252 3219 328 3282 dant
342 3215 371 3280 ei
390 3235 507 3278 aereum
522 3222 702 3298 serpentem
726 3209 758 3273 in
779 3231 877 3273 eruce
899 3231 1112 3296 suspensum:
1130 3235 1235 3299 quem
1249 3211 1301 3300 qui

255 3324 384 3397 viderit,
400 3323 433 3387 id
444 3333 509 3396 est,
526 3320 579 3407 qui
595 3317 765 3402 crediderit
776 3317 808 3381 in
824 3339 898 3381 enm
913 3317 1003 3404 cujus
1013 3315 1152 3405 liguram
1168 3343 1300 3410 serpeus

253 3433 306 3500 ille
318 3431 537 3502 monstrabat,
553 3425 709 3492 diabolica
723 3448 782 3513 per
797 3426 858 3490 hoc
873 3447 992 3490 venena
1008 3423 1163 3514 diffugiet.
1186 3429 1303 3494 Sacer-

1360 3259 1363 3414 l

253 3539 365 3609 dotalis
385 3551 417 3605 et
439 3535 595 3604 Leviticus
618 3533 697 3598 ordo
718 3544 789 3608 est,
814 3532 868 3620 qui
891 3543 973 3597 astat
996 3555 1079 3597 arcae
1103 3534 1301 3602 Testamenti
1361 3581 1362 3602 i

252 3647 399 3722 Domini,
423 3646 454 3709 in
477 3666 540 3729 qua
562 3640 612 3706 lex
633 3640 690 3706 Dei
710 3651 856 3728 portatur
874 3639 941 3705 sine
957 3639 1075 3716 dubio,
1092 3654 1128 3705 ut
1149 3642 1214 3730 ipsi
1231 3643 1303 3708 illu-

252 3759 375 3828 minent
394 3749 547 3841 populum
570 3748 788 3816 demandatis
811 3747 889 3823 Dei,
912 3747 994 3814 sicut
1007 3747 1167 3837 Propheta
1189 3751 1267 3816 dicit
1292 3775 1302 3815 :

261 3867 430 3932 «Lucerna
440 3857 575 3948 pedibus
586 3856 665 3922 meis
679 3857 811 3922 verbum
833 3867 941 3932 tuum,
962 3855 1115 3932 Domine,
1135 3870 1167 3922 et
1191 3857 1308 3924 lumen

1359 3937 1362 3998 l

1358 4143 1362 4192 l

1362 1949 1364 2046 l

1362 2179 1364 2236 t

1360 2363 1363 2444 l
