2744 4600
260 242 324 318 514
703 261 845 308 otiosius

260 387 366 468 potest
380 375 478 446 homo
490 374 588 444 homo
600 375 676 454 diol,
690 379 853 448 scdhomo
865 390 1003 454 tautum.
1016 378 1156 444 et'homo
1168 376 1289 442 animu-

261 487 320 554 lis:
341 487 414 574 quio
431 483 485 550 ille
499 483 644 560 interior,
661 488 714 554 cui
733 491 837 555 vocius
852 500 884 554 ct
902 485 1039 554 nobilius
1055 485 1153 552 homo
1173 505 1288 552 nonen

261 609 322 671 ost,
338 594 458 683 sopitus
474 595 508 660 in
522 617 560 660 co
576 605 625 660 est
640 595 819 664 carnalibus
836 597 931 672 vitiis,
948 607 980 662 ct
996 595 1107 661 mundi
1121 595 1220 681 hujus
1235 615 1289 658 cu-

261 707 305 770 ris
320 725 358 770 oc
370 701 633 768 sollicitudinibus
646 703 794 779 obrutus,
805 706 845 768 itn
860 703 939 768 utin
950 725 989 768 co
1001 726 1062 770 nec
1072 701 1212 768 nominis
1225 701 1290 786 ojus

262 809 374 877 haberi
392 809 490 898 possit
506 805 683 897 appellatio.
705 810 798 877 Unde
814 812 1046 900 mingendum
1060 822 1109 876 est
1123 810 1290 894 uuicuique

265 929 424 991 nostrum,
437 928 473 981 ut
484 917 509 981 si
525 917 607 984 lorto
620 917 705 982 videt
720 918 752 984 in
763 943 798 986 sc
810 904 992 986 interiorem
1002 920 1166 986 hominem
1181 939 1289 1006 pecca-

266 1041 373 1098 torum
385 1026 531 1092 sordibus
544 1037 577 1090 ct
588 1026 735 1094 vitiorum
747 1029 916 1096 ruderibus
927 1049 1112 1119 oppressum
1123 1029 1242 1116 jacere,
1256 1027 1292 1091 oi

152 1199 157 1208 .
265 1138 328 1204 tius
343 1138 383 1203 ub
398 1159 436 1202 oo
453 1135 574 1202 auferat
590 1159 701 1206 omncs
716 1139 945 1216 immundities,
960 1140 1053 1206 citius
1067 1150 1159 1204 eruat
1169 1159 1245 1204 cum
1257 1137 1291 1202 sl

267 1247 355 1316 omni
362 1247 602 1333 inquinamento
614 1247 718 1312 cannis
726 1261 759 1311 ot
767 1248 940 1336 sanguinis,
948 1259 1152 1314 convertatur
1160 1247 1292 1333 uliquau·

268 1358 309 1424 do
324 1357 367 1422 ad
382 1354 614 1445 poenitentimn,
630 1368 757 1422 novocet
771 1357 813 1422 od
827 1381 861 1422 so
881 1357 1068 1424 memorium
1082 1355 1154 1430 Dei,
1173 1369 1294 1421 revocet

268 1488 357 1554 spem
369 1462 488 1530 salutis.
504 1463 576 1530 Non
587 1463 878 1532 cnim'extrinseous
890 1463 1017 1532 oliundo
1028 1465 1202 1551 quaerondo
1214 1475 1294 1536 sunt,

263 1573 325 1640 sod
344 1573 427 1638 intra
448 1593 506 1636 nos
528 1581 576 1636 cst
593 1570 701 1638 solutis
722 1575 861 1651 occasio,
879 1574 961 1642 sicut
974 1584 1007 1638 ct
1020 1572 1178 1639 Dominus
1201 1574 1294 1639 dixit:

271 1709 291 1746 ι
301 1685 386 1750 Ecce
401 1680 488 1748 enim
502 1703 636 1768 rognum
651 1681 709 1750 Dei
725 1685 806 1750 intra
826 1707 881 1752 vos
896 1695 944 1751 est
957 1682 982 1748 ¹.
995 1711 1008 1747 ι
1029 1683 1115 1749 lntm
1130 1705 1192 1749 nos
1211 1706 1298 1750 nnn·

270 1815 333 1882 que
347 1803 396 1856 ost
410 1789 624 1862 conversionis
639 1789 782 1868 facultas.
809 1791 892 1860 Cum
915 1792 1003 1858 enim
1019 1813 1195 1858 convorsus
1215 1793 1301 1880 ingo-

271 1901 402 1974 mueris.
415 1893 518 1964 solvus
533 1898 607 1974 oris,
620 1911 653 1965 ct
667 1913 745 1968 tunc
756 1903 874 1990 potesis
891 1903 985 1990 digne
997 1899 1160 1969 Altissimo
1172 1903 1303 1968 reddere

261 1999 346 2078 'toto
356 2021 427 2086 tun,
442 2021 475 2072 et
488 2009 586 2076 homo
602 2009 698 2078 homo
712 2010 875 2100 appelari.
894 2012 1013 2082 Votum
1029 2023 1136 2078 autem
1151 2023 1215 2088 ost,
1233 2035 1302 2080 oon

273 2119 394 2208 aliquid
411 2118 451 2184 de
470 2119 585 2186 nostris
603 2118 765 2188 elicuimus
787 2120 865 2188 Dco.
884 2119 962 2190 Vult
983 2142 1092 2209 ccgou
1109 2122 1205 2188 nobis
1222 2122 1301 2211 prim

273 2227 393 2318 aliquid
407 2229 552 2317 occipere
567 2226 666 2306 Deus,
682 2241 715 2294 st
729 2229 772 2294 ito
793 2229 885 2296 nobis
904 2227 1022 2318 aliquid
1044 2231 1112 2317 ipso
1133 2229 1260 2318 largiri,
1274 2242 1304 2295 ut

274 2340 358 2406 dono
380 2359 436 2404 suo
452 2348 485 2404 et
500 2361 631 2406 munero
654 2340 850 2406 merentibus
869 2350 903 2406 ct
921 2363 986 2406 non
1014 2339 1185 2406 incultis
1203 2339 1304 2430 largiri

275 2447 430 2514 videatur.
446 2445 534 2524 Quid
549 2458 656 2512 cutem
667 2460 716 2514 est
727 2448 815 2535 quod
826 2447 894 2514 vult
905 2448 1050 2536 occipere
1061 2471 1080 2512 a
1093 2450 1191 2514 nobis
1200 2447 1307 2516 Domi

279 2556 362 2624 Audi
377 2555 549 2643 Scriptores
563 2556 753 2624 sententium
768 2577 776 2622 ε
793 2557 858 2624 «m
875 2579 974 2630 nono,
988 2555 1193 2640 lonschqnid
1201 2556 1310 2622 Domi-

280 2693 295 2733 ι
310 2688 371 2732 nus
382 2663 468 2730 Deus
483 2674 557 2728 tuus
568 2663 700 2750 poscito
715 2674 761 2738 tc,
773 2663 833 2728 nisi
849 2674 884 2728 ut
899 2665 1009 2730 timess
1021 2663 1198 2732 Dominum
1211 2665 1311 2732 Deum

279 2801 294 2835 s
308 2779 458 2849 tunmsot
472 2767 617 2836 ambules
631 2771 664 2836 in
680 2772 827 2838 omnibus
843 2773 900 2839 viis
916 2775 997 2860 ojus,
1010 2786 1043 2839 et
1056 2770 1168 2864 diligas
1183 2799 1264 2843 oum
1278 2799 1311 2841 ex

282 2893 378 2948 stoto
403 2879 500 2947 corde
524 2892 594 2956 tuo,
616 2890 649 2944 et
667 2903 708 2946 cn
728 2891 793 2948 toto
813 2883 918 2950 animo
940 2895 1008 2959 tuo,
1028 2895 1062 2948 et
1081 2906 1120 2948 ex
1138 2887 1221 2951 totis
1246 2886 1314 2953 viri-
1352 2897 1354 2980 J

283 2992 375 3056 »bus
388 2971 450 3054 tuis
463 2986 521 3052 'is
541 2989 617 3054 Hoeo
641 2999 715 3056 sunt
741 3009 816 3078 crgo
837 3007 908 3079 qum
934 2991 1019 3058 Deus
1037 2995 1140 3081 poscit
1166 3018 1185 3059 a
1213 2997 1315 3062 nobis
1353 3055 1354 3072 p

283 3101 362 3180 Quae
388 3098 414 3164 si
435 3122 502 3164 non
516 3098 604 3187 prius
633 3097 815 3176 offeramus,
840 3101 879 3166 sb
902 3100 971 3190 ipso
1001 3101 1197 3191 accipiemus
1232 3103 1319 3170 nihil.

284 3207 432 3296 Legimus
454 3217 488 3270 et
512 3207 547 3272 in
567 3205 631 3272 olio
659 3204 731 3274 loco
747 3230 754 3272 ε
773 3209 877 3274 «Dato
901 3207 1033 3298 glorium
1065 3210 1147 3286 Deo,
1179 3229 1216 3278 ot
1247 3214 1320 3279 Dato

285 3313 581 3404 »magnificentium
605 3314 703 3381 θεῶ.
725 3343 739 3378 s
757 3314 790 3381 Si
809 3317 960 3384 dederitis
986 3316 1132 3406 gloriam,
1159 3321 1322 3412 recipietis

285 3423 428 3515 glorium.
445 3423 499 3490 Sic
514 3423 599 3491 onim
615 3424 692 3490 elicit
707 3424 774 3514 ipse
789 3425 874 3492 Deus
890 3449 898 3490 s
918 3453 931 3488 s
947 3426 1171 3496 Glorificontcs
1187 3454 1250 3498 mo
1266 3430 1322 3520 glo

286 3562 300 3596 ι
315 3531 446 3599 cilicobo
460 3530 483 3595 ⁸.
498 3561 510 3592 n
534 3531 601 3620 Ego
613 3556 687 3600 vcro
704 3533 792 3628 uico,
803 3536 890 3623 quod
904 3547 938 3601 ct
952 3538 977 3603 si
994 3537 1166 3605 offeremus
1181 3543 1217 3608 oi
1235 3542 1323 3630 justi

286 3643 363 3710 tiam
374 3653 527 3716 nostram,
543 3642 736 3730 accipiemus
748 3644 787 3709 nb
804 3645 871 3732 ipso
887 3645 1041 3732 justitiam
1054 3646 1123 3712 Dei.
1139 3648 1181 3713 Et
1199 3650 1233 3714 si
1249 3649 1325 3714 offe·
1353 3693 1354 3700 κ

287 3773 395 3818 mmue
410 3749 439 3814 oi
459 3759 615 3826 nostrum,
630 3751 663 3817 id
677 3763 738 3828 ost,
758 3755 899 3842 conponis
913 3755 1103 3831 castitatem.
1123 3758 1330 3848 accipiemus

320 3879 330 3911 ⁴
343 3877 402 3927 Luc.
416 3878 677 3938 xs11,ni.-²Deut.
691 3896 715 3942 x,
729 3899 766 3931 η.
779 3912 809 3921 -
823 3883 963 3947 Horam,
976 3886 1011 3936 16.
1024 3915 1054 3925 --
1068 3887 1077 3919 ⁴
1093 3905 1103 3936 ι
1116 3887 1181 3952 Reg.
1196 3907 1232 3946 n,
1242 3889 1283 3938 So.
