2744 4624
213 287 256 364 dd
661 311 804 357 antennis

213 420 267 484 dat
283 422 339 488 tibi
354 427 426 512 quia
443 427 539 492 debes
554 440 586 492 et
597 439 632 493 tu
647 432 801 494 renovari.
819 430 889 496 Non
904 442 1069 518 permanet
1080 427 1132 493 ille
1147 429 1179 492 in
1196 450 1245 492 re·

212 532 345 607 teribus,
359 558 398 598 ne
409 549 441 599 et
454 546 487 600 tn
498 550 585 602 vetas
596 537 693 603 homo
705 563 900 628 permaneas.
917 540 963 604 De
975 537 1055 604 coelo
1068 539 1136 603 lame
1148 535 1247 624 loqui·

213 650 278 714 tur,
293 654 327 704 at
338 654 371 707 et
382 655 417 706 tu
429 645 598 733 imaginem
610 645 746 712 coelestis
756 650 902 736 accipias.
920 648 1087 735 Numquid
1103 647 1159 710 tibi
1175 669 1248 732 pro·

215 749 284 814 dest
299 751 324 814 si
344 753 429 818 Deus
444 755 573 820 innovet
594 758 830 842 promissiones,
846 767 880 821 et
893 768 928 819 tn
948 775 1012 819 non
1026 752 1205 817 innovetis?
1221 755 1246 816 si

214 856 266 922 ille
279 859 318 924 de
333 860 414 927 coelo
428 863 588 952 loquatur,
602 877 633 930 et
651 879 683 929 tu
702 868 741 932 de
756 879 840 931 terra
854 864 987 930 audias?
1000 862 1086 942 Quid
1103 862 1159 926 tihi
1176 883 1248 947 pro-

215 967 285 1034 dest
296 971 321 1033 si
333 969 417 1036 Deus
430 996 463 1036 se
475 975 654 1059 juramento
666 975 865 1063 constringit,
877 986 910 1039 et
925 987 959 1036 ta
977 973 1046 1037 hoec
1057 970 1145 1058 quasi
1160 991 1249 1034 cont·

213 1097 344 1142 munem
359 1079 490 1146 audiens
511 1080 648 1146 fabulam
668 1083 832 1147 transeas?
854 1082 962 1161 Quare
976 1101 1041 1145 non
1064 1077 1248 1144 consideras

211 1183 299 1270 quod
320 1195 450 1272 propter
468 1199 499 1252 te
515 1189 599 1253 Deus
621 1190 716 1253 etiam
735 1213 772 1254 en
793 1213 863 1277 quse
880 1203 1000 1253 nature
1017 1211 1081 1251 sace
1098 1197 1171 1272 apta
1183 1187 1248 1250 mi-

213 1292 299 1357 nime
317 1294 474 1371 videntur,
488 1295 710 1384 amplectitur?
720 1298 740 1363 J
744 1319 834 1362 araxe
850 1297 966 1364 dicitur
980 1297 1077 1369 Deus,
1096 1306 1130 1358 ut
1144 1307 1178 1358 tu
1192 1319 1248 1360 an·

213 1401 302 1466 diens
317 1425 431 1490 paveas
446 1417 478 1470 et
494 1407 702 1482 intremiscat,
718 1419 750 1472 et
766 1419 853 1471 metu
870 1417 1090 1472 consternatus
1106 1404 1247 1489 inquiras

214 1511 290 1597 quid
308 1510 386 1578 illud
405 1526 527 1578 tantum
548 1527 597 1579 est
614 1538 671 1601 pro
691 1539 754 1602 quo
770 1515 856 1580 Deus
876 1516 982 1603 jurare
1000 1513 1125 1578 dicitur.
1147 1511 1247 1576 Fiunt

213 1641 289 1707 ergo
310 1619 391 1696 ltaec,
409 1634 443 1686 ut
465 1634 498 1687 tu
519 1635 658 1687 attentus
679 1636 712 1687 et
732 1623 885 1696 sollicitus
898 1623 968 1697 lias,
981 1633 1014 1687 et
1035 1621 1164 1686 audiena
1185 1621 1243 1685 tibi

211 1730 487 1816 repromissionem
507 1731 609 1818 parari
629 1732 661 1795 in
678 1730 779 1805 coelis,
793 1729 899 1819 vigiles
920 1742 952 1794 et
973 1729 1113 1826 requiras
1131 1739 1242 1815 quate·-

212 1862 271 1904 nus
300 1839 411 1905 divinis
436 1841 698 1929 promissionibus
723 1842 835 1929 dignus
860 1841 985 1906 existas.
1013 1838 1238 1905 Verumtamen

209 1945 296 2034 hunc
307 1946 413 2014 locam
426 1960 457 2013 et
468 1948 637 2037 Apostolus
653 1950 891 2037 interpretatur,
905 1949 1026 2022 dicens,
1039 1948 1112 2034 quia
1123 1973 1135 2005 ι
1146 1946 1245 2013 Abra·

210 2086 223 2121 s
240 2059 288 2146 liae
301 2060 445 2148 promisit
460 2061 557 2137 Deus,
573 2072 606 2126 et
621 2062 732 2126 semini
745 2063 815 2150 ejus
830 2083 838 2125 τ
857 2084 921 2125 non
937 2061 1014 2124 dixit
1026 2069 1058 2124 et
1070 2057 1243 2123 seminibus

210 2168 325 2253 »quasi
342 2168 375 2231 in
391 2167 510 2242 multis,
527 2169 583 2234 sed
599 2182 750 2258 tanquam
773 2170 806 2235 in
828 2193 904 2244 ano,
922 2180 954 2234 et
973 2169 1083 2234 semini
1102 2180 1172 2242 tao,
1189 2167 1245 2254 qui

210 2288 286 2342 sest
310 2275 481 2341 Christus¹.
497 2305 510 2338 s
529 2277 576 2342 De
599 2277 724 2342 Christo
745 2301 820 2367 ergo
842 2278 983 2344 dicitur:
1007 2274 1245 2363 «Multiplicans

211 2384 457 2474 »multiplicabo
479 2409 587 2452 semen
616 2400 721 2463 tuum,
742 2400 774 2453 et
800 2389 861 2454 crit
892 2389 974 2454 sicut
996 2385 1093 2452 stelle
1115 2383 1186 2451 coeli
1212 2385 1246 2449 in

213 2493 454 2572 multitudine,
472 2509 504 2560 et
527 2497 609 2562 sicut
623 2521 716 2563 arena
741 2522 812 2586 quae
833 2510 881 2562 est
904 2498 943 2562 ad
969 2519 1057 2560 oram
1081 2493 1240 2559 maris2.»

211 2603 290 2682 Quis
304 2604 369 2690 jam
386 2599 579 2691 expositione
596 2605 726 2693 indiget,
745 2617 779 2667 ut
797 2603 876 2668 sciat
895 2623 1004 2664 semen
1028 2599 1145 2663 Christi
1161 2620 1244 2686 quo-

96 2757 100 2764 ·
209 2710 306 2777 modo
320 2707 561 2797 multiplicetur,
574 2712 629 2799 qui
641 2713 726 2776 videt
737 2734 754 2774 a
767 2709 884 2774 finibus
896 2719 987 2771 terne
1000 2729 1098 2792 usque
1109 2708 1153 2769 ad
1164 2705 1246 2770 fines

214 2829 306 2882 terrae
316 2830 519 2908 propagatam
531 2821 788 2909 praedicationem
803 2813 973 2904 Evangelii,
982 2828 1014 2879 et
1024 2812 1146 2878 nullum
1158 2835 1243 2900 pene

169 2964 173 2980 ι
212 2949 280 2992 esse
293 2927 357 3014 jam
369 2925 475 2994 locum
491 2930 545 3016 qui
561 2951 626 2993 non
640 2949 749 2992 semen
762 2925 847 2990 verbi
863 2922 1058 3011 susceperit?
1068 2924 1140 2988 Hoc
1156 2943 1244 2986 nam·

213 3059 275 3122 que
287 3036 362 3100 etin
374 3037 469 3102 initiis
480 3038 590 3102 mnndi
602 3035 876 3123 praefigurabatur,
886 3057 961 3098 cum
973 3035 1134 3101 diceretur
1142 3032 1219 3100 Adae
1231 3055 1243 3096 s

218 3143 383 3208 «Crescite
394 3157 426 3208 et
437 3141 721 3230 multiplicamini¹.
732 3171 746 3204 ι
756 3143 852 3222 Quod
863 3156 896 3208 et
910 3145 1012 3232 ipsum
1023 3145 1100 3212 dicit
1112 3145 1245 3232 Aposto-

210 3247 291 3326 lus⁴,
302 3251 332 3315 in
342 3250 469 3316 Christo
481 3252 542 3316 dici
554 3262 587 3314 et
598 3251 630 3314 in
643 3248 794 3317 Ecclesia.
805 3252 903 3331 Quod
912 3265 1020 3318 autem
1032 3255 1128 3320 dixit:
1141 3254 1244 3320 asicat

212 3357 334 3425 »stellae
347 3358 417 3425 coeli
433 3359 465 3423 in
480 3357 696 3436 multitudine,
713 3389 726 3424 a
741 3375 773 3427 et
787 3363 905 3450 adjecit
922 3365 1048 3428 sesicut
1062 3386 1156 3428 arena
1174 3385 1247 3449 quoe

210 3480 286 3534 »eat
300 3469 340 3532 ad
356 3491 445 3534 oram
460 3470 555 3537 maris
570 3471 826 3548 innumerabilis3
841 3501 855 3535 s
869 3472 1000 3538 fortasse
1015 3474 1144 3562 quidem
1159 3472 1246 3537 dicat

214 3575 326 3664 aliquis
351 3575 486 3643 coelestis
515 3581 639 3646 numeri
665 3581 801 3670 figuram
824 3584 1075 3649 Christianorum
1105 3581 1244 3670 populo,
1291 3597 1298 3614 '

210 3707 313 3754 arenae
327 3687 421 3754 maris
437 3687 572 3756 ludaico
588 3694 768 3758 convenire.
787 3693 854 3781 Ego
869 3705 976 3758 tamen
994 3693 1057 3760 hoc
1072 3691 1171 3780 magis
1186 3715 1243 3780 pu-

211 3809 256 3875 to,
269 3796 355 3884 quod
368 3809 538 3887 utrumque
551 3799 730 3890 exemplum
743 3802 868 3890 utrique
884 3801 1000 3890 populo
1016 3800 1113 3888 possit
1127 3800 1240 3886 aptari.

240 3922 343 3976 ¹Gatar.
356 3941 395 3985 nr,
412 3925 448 3975 16.
459 3953 489 3964 -
499 3925 510 3960 ²
522 3929 615 3978 Genea.
627 3944 689 3988 xxu,
705 3929 801 3994 17.-¹
816 3929 856 3978 ld.
868 3945 885 3987 ι,
899 3927 936 3976 28.
951 3955 981 3964 -
992 3927 1000 3959 ⁶
1011 3927 1077 3990 Epla.
1095 3941 1118 3984 v,
1131 3923 1171 3972 52·
