2748 4596
242 259 285 332 lo
521 271 525 278 “
698 277 839 321 onronms

245 395 308 464 t‘am
323 399 426 487 gravis
451 399 605 464 acerbitas
622 399 679 464 ista
701 401 834 488 peccati.
861 399 979 464 lllultus
997 400 1097 466 decor
1109 413 1154 465 est
1166 403 1257 471 i'nrer·
1344 409 1346 418 ⁴

243 507 309 583 bis,
325 519 358 572 et
375 506 476 573 multa
496 509 529 572 in
545 506 810 597 Philosophorum
828 506 875 573 vel
888 507 1067 577 Rhetorum
1086 513 1258 580 sermonibus

244 615 463 704 pulchritudo,
480 618 533 703 qui
549 639 660 682 omnes
676 615 855 682 decivitate
871 629 943 681 sunt
953 617 1095 708 deflebo,
1104 619 1136 683 id
1148 632 1201 695 est,
1211 621 1259 687 bu·
1342 625 1347 720 l

243 727 292 812 jus
305 726 415 790 mundi
426 725 581 790 homines.
598 725 631 790 Si
648 748 724 813 ergo
741 725 880 790 invenias
897 726 982 815 apud
997 724 1193 815 Philosophus
1202 725 1259 817 per·

243 857 330 898 versa
346 834 492 921 dogmata
511 831 663 898 luculenti
689 833 845 897 sermonis
869 835 1095 899 assertionibus
1114 835 1260 912 decorata,

243 943 300 1007 ista
312 954 360 1007 est
373 941 479 1030 lingua
496 962 601 1008 aurea.
618 941 687 1006 Sed>
700 940 770 1008 vide
787 964 827 1006 ne
845 953 876 1005 te
893 943 1029 1030 decipiat
1042 941 1144 1030 fulgor
1154 946 1257 1033 aperis,

244 1073 283 1114 ne
303 1062 335 1114 te
354 1050 455 1138 rapiat
478 1049 632 1114 sermonis
651 1047 736 1113 aurei
756 1048 959 1136 pulchritudo
978 1073 986 1114 τ
1003 1064 1178 1127 memento,
1196 1054 1258 1140 quia

242 1157 334 1222 lesus
347 1158 513 1222 anathema
526 1157 615 1245 jussit
629 1179 696 1221 esse
705 1178 800 1221 omne
809 1179 921 1222 aurum
933 1157 1059 1244 quodin
1071 1157 1194 1224 Jericho
1205 1161 1261 1226 lue-

241 1267 281 1331 rit
294 1268 469 1334 inventum.
487 1267 663 1354 Sipodtam
675 1263 786 1353 legeris
798 1264 967 1331 modulatis
985 1266 1142 1342 versibus,
1153 1280 1183 1332 et
1197 1293 1263 1359 prae
1348 1351 1349 1356 η

241 1373 359 1463 lulgido
374 1371 515 1440 carmine
525 1373 609 1438 Deos
625 1373 770 1460 Deasque
782 1385 964 1448 texentem,
981 1396 1020 1439 ne
1035 1372 1265 1443 delecteriselo·
1347 1405 1349 1416 ⁴

240 1483 376 1572 quentiae
398 1481 559 1547 suavitate.
586 1480 707 1568 Lingua
722 1503 816 1545 aurea
833 1493 907 1545 est:
931 1481 955 1545 si
978 1502 1049 1546 eam
1070 1482 1225 1550 sustuleris
1238 1499 1267 1550 et

240 1588 380 1676 posueris
391 1587 425 1651 in
437 1582 642 1651 tabernaculo
655 1596 711 1648 tuo
725 1610 732 1648 :
752 1585 776 1647 si
794 1585 1005 1650 introduxeris
1017 1585 1050 1650 in
1066 1601 1221 1654 cortuum
1234 1615 1266 1655 ca

239 1721 309 1785 quac
321 1697 362 1762 ab
375 1693 434 1759 illis
450 1704 649 1766 asseruntur,
664 1690 785 1779 pollues
802 1715 929 1758 omnem
946 1691 1121 1760 Ecclesiam
1137 1697 1263 1762 Domini.

242 1807 312 1870 lloc
327 1804 402 1868 lecit
416 1798 523 1866 infelix
538 1798 742 1875 Valentinus,
758 1811 791 1864 et
806 1799 975 1875 Basilides,
994 1801 1056 1866 hoc
1067 1801 1143 1866 lecit
1153 1817 1186 1868 et
1198 1805 1265 1869 llar-

244 1910 314 1974 cion
334 1905 511 1972 hacreticus.
529 1905 639 1968 Furati
654 1915 727 1968 sunt
744 1904 792 1968 isti
808 1902 929 1992 linguas
949 1927 1059 1970 aureas
1074 1905 1114 1969 de
1130 1905 1266 1981 Jericbo,

242 2027 275 2080 ot
286 2013 549 2102 Philosophorum
566 2013 657 2078 nobis
670 2035 735 2077 non
746 2023 848 2076 rectus
861 2012 893 2077 in
908 2010 1064 2078 Ecclesias
1077 2013 1273 2081 introducere

243 2123 349 2189 conati
368 2133 441 2186 sunt
457 2134 576 2196 sectas,
596 2132 629 2184 ct
646 2118 787 2208 polluere
803 2142 930 2184 omnem
950 2119 1125 2185 Ecclesiam
1139 2123 1273 2187 Domini.

244 2233 306 2300 Sed
319 2237 375 2298 n'os
391 2230 571 2320 praeccdens
587 2241 712 2317 patrum
730 2249 900 2316 sequamur
915 2227 1112 2317 exemplum,
1127 2230 1279 2296 discutia-

242 2364 312 2414 mus
329 2337 507 2427 diligentius
518 2361 559 2402 ne
570 2337 640 2424 quis
656 2336 872 2401 absconditam
888 2336 921 2402 in
933 2335 1140 2424 tabernaculo
1156 2361 1217 2404 suo
1229 2341 1281 2408 ha-

240 2450 314 2514 beat
328 2446 558 2511 Jerichontiam
574 2444 732 2533 linguam,
748 2457 781 2508 et
796 2444 982 2531 abjiciamus
997 2443 1117 2511 malum
1133 2469 1174 2510 ex
1191 2449 1285 2512 nohis

241 2557 314 2646 ipsis
327 2605 336 2630 ,
348 2556 421 2643 quia
440 2554 535 2619 etiarn
552 2553 576 2617 si
592 2576 649 2616 nos
661 2575 839 2627 cessamus,
858 2565 968 2640 arguet
979 2554 1082 2628 Deus,
1103 2555 1147 2620 ita
1165 2568 1204 2620 ut
1219 2557 1286 2645 ipsa

243 2675 354 2753 sponte
370 2661 560 2728 confiteatur
573 2671 606 2724 et
622 2660 725 2726 dicat:
743 2659 879 2724 Furatus
896 2683 966 2725 sum
978 2659 1119 2749 linguam
1132 2687 1287 2737 aur-enm,

242 2785 274 2838 et
299 2769 449 2839 dextralia
468 2767 580 2857 pura¹.
606 2766 701 2832 Vides
721 2768 901 2854 cujusmodi
923 2767 1042 2832 furatus
1065 2780 1113 2832 est
1138 2769 1290 2836 lurtum?

244 2879 383 2969 linguam
405 2877 528 2942 furatur
549 2887 580 2940 et
604 2872 754 2938 dextralia
776 2899 866 2963 pura.
892 2876 972 2942 Pura
998 2887 1104 2960 autem
1130 2877 1293 2944 dextralia

241 2991 317 3053 'sunt
329 3009 424 3074 opera
437 2986 468 3050 in
482 2983 597 3071 quibus
613 2982 754 3047 divinum
770 2980 848 3047 nihil
864 2983 1026 3058 miscetur,
1044 2984 1099 3048 sed
1116 2996 1229 3051 totum
1244 3009 1296 3052 se-

246 3095 385 3160 cundum
397 3092 559 3157 hominem
571 3091 700 3178 geritur.
719 3089 863 3175 Denique
877 3101 908 3153 et
921 3091 1075 3154 nostrisin
1091 3091 1299 3181 disputatio-

247 3203 340 3268 nibus
359 3200 455 3266 moris
473 3213 521 3263 est
540 3199 664 3272 dicere,
685 3197 756 3283 quia
774 3196 937 3261 Christum
959 3220 1022 3262 non
1040 3221 1161 3285 purum
1184 3201 1303 3267 homi-

247 3330 321 3372 nem
346 3303 500 3376 dicimus,
520 3303 576 3367 sed
597 3303 699 3366 Deum
725 3311 757 3364 ot
784 3299 945 3366 hominem
969 3301 1179 3369 confitemur.
1213 3305 1304 3372 lllud

246 3423 351 3477 autem
368 3411 451 3498 quod
468 3411 508 3474 dc
524 3408 653 3474 Jericho
665 3408 803 3483 furatur,
820 3431 935 3496 purum
947 3431 1014 3473 esse
1030 3408 1163 3487 dicitur,
1187 3413 1225 3478 id
1239 3427 1304 3485 est,

249 3522 315 3585 sine
331 3521 415 3594 Deo,
432 3541 502 3606 quae
521 3517 628 3603 utique
645 3516 759 3580 furanti
775 3517 877 3580 extitit
897 3539 990 3582 causa
1006 3519 1143 3604 peccati.
1163 3521 1216 3585 Et
1230 3521 1311 3586 ideo

249 3650 307 3692 nos
327 3624 404 3692 nihil
425 3645 541 3714 purum
562 3635 593 3686 ct
609 3624 783 3687 humanum
808 3623 846 3687 dc
869 3623 995 3688 Christo
1016 3625 1223 3702 sentiamus,
1254 3629 1313 3692 sed

250 3738 351 3802 Deum
369 3734 486 3821 pariter
502 3743 594 3818 atque
615 3732 777 3796 hominem
802 3729 976 3806 fateamur,
996 3731 1069 3818 quia
1089 3744 1122 3796 ct
1138 3736 1317 3822 sapientis

286 3875 293 3908 ¹
310 3879 360 3924 Jos.
375 3887 481 3926 arran.
