2660 4610
205 274 268 348 toa
650 285 793 330 οιιιιιιιιι

201 415 287 479 mirre
302 421 547 499 regenerantur,
572 403 761 470 rationabile
779 415 812 468 et'
834 403 901 468 sine
923 401 998 468 dolo
1014 401 1152 468 efficitur
1170 401 1238 469 luce

200 521 249 588 bis
265 541 340 586 vero
351 518 405 604 qui
421 516 625 582 infirmantur
640 513 673 578 in
685 510 813 598 aliquo,
830 509 915 576 olera
935 533 968 575 se
983 512 1107 600 praebet
1118 510 1158 575 ad
1172 509 1243 575 bos-

201 627 364 718 pitalitatis
376 623 547 692 amicitiam
563 633 595 686 et
614 621 759 708 gratiam.
779 619 834 684 llis
854 642 929 684 vero
940 620 995 708 qui
1010 643 1071 708 pro
1083 617 1243 705 possibili-

197 745 263 800 tate
285 730 449 804 sumendi,
467 727 656 792 exercitatos
680 725 799 790 habent
824 747 935 790 seusus
956 724 997 790 ad
1018 723 1244 788 discretionem

201 839 277 907 boui
297 850 330 904 et
347 835 439 910 mali,
458 835 566 900 cibum
579 856 612 898 se
632 831 770 896 solidum
785 828 936 918 praebet¹.
958 831 1063 918 siqui
1082 853 1163 894 vero
1179 842 1245 894 sunt

199 950 252 1038 qui
264 946 396 1012 exierint
409 945 448 1008 de
466 942 622 1030 AEgypto,
637 952 669 1004 et
685 938 785 1004 secuti
804 938 987 1004 columnam
1001 938 1085 1026 ignis
1104 949 1144 1002 et
1158 939 1244 1004 nubit

204 1059 237 1124 in
252 1076 396 1121 eremum
413 1051 575 1124 venerint,
593 1049 633 1116 de
649 1046 730 1114 coelo
741 1048 781 1113 ud
798 1046 867 1114 illos
882 1047 1066 1122 descendit,
1086 1048 1243 1112 minutum

201 1175 233 1228 et
248 1157 396 1226 subtilem
408 1158 452 1222 eis
468 1156 612 1243 praebens
628 1153 737 1218 cibum
751 1150 892 1239 angelico
903 1150 1068 1234 similem,
1086 1152 1138 1218 itu
1151 1165 1185 1216 ut
1196 1177 1243 1240 pa-

202 1293 276 1336 nem
291 1263 487 1355 Angelorum
504 1261 675 1330 manducet
691 1260 800 1340 homo.
824 1261 929 1326 llabet
943 1273 977 1326 et
992 1258 1071 1326 alias
1088 1259 1207 1326 multas
1216 1260 1242 1327 in

204 1376 376 1463 corrrctipso
393 1384 487 1460 atque
508 1372 691 1435 innumeras
710 1349 856 1433 ciborum
874 1367 1090 1444 differentias,
1107 1392 1189 1455 quas
1202 1371 1242 1434 in-

201 1485 296 1552 terim
311 1479 393 1572 pelle
409 1480 479 1567 quis
499 1490 532 1543 et
553 1499 651 1542 carne
674 1475 860 1562 ossibusque
879 1475 1009 1541 indutus
1029 1488 1064 1542 et
1081 1478 1242 1543 neuim-

201 1616 277 1683 pere
292 1613 357 1657 non
365 1597 478 1677 potest.
499 1584 562 1664 Qui
576 1594 683 1649 autem
699 1583 813 1671 dignus
826 1582 921 1650 luerit
931 1583 1038 1648 redire
1046 1595 1084 1648 et
1096 1607 1237 1650 mcum

202 1700 347 1788 Christo,
364 1687 481 1785 quique
497 1692 529 1756 in
544 1713 643 1780 purvo
666 1689 769 1755 fidelis
787 1691 931 1756 inventus
955 1690 1176 1756 constituetur
1192 1717 1237 1757 su·

204 1802 391 1898 permulta,
407 1799 460 1867 ille
471 1799 612 1888 gustabit
626 1809 658 1862 et
675 1797 778 1885 capiet
794 1797 989 1885 voluptatem
1007 1799 1157 1874 Domini,
1169 1822 1231 1886 pe·-

203 1919 317 1984 ductus
341 1911 380 1976 ad
409 1909 516 1974 locum
538 1905 711 1995 quemdam
735 1907 789 1992 qui
812 1929 870 1993 pro
890 1906 1084 1992 hujusmodi
1105 1909 1223 1972 ciborum

207 2022 306 2111 copiis
319 2030 352 2085 et
364 2013 583 2089 varietatibus,
601 2013 786 2080 deliciorum
802 2013 986 2080 nominatur
996 2013 1106 2080 locus.
1116 2015 1225 2101 Propter

210 2130 339 2219 quodet
356 2126 388 2191 iu
400 2125 489 2190 Eden
505 2122 627 2212 positus
649 2121 781 2196 dicitur,
799 2121 885 2209 quod
904 2119 1036 2188 delicias
1056 2123 1178 2188 indicat.
1189 2121 1231 2186 lbi

208 2238 294 2302 enirn
306 2235 429 2300 dicetur
441 2231 481 2299 nd
492 2254 587 2304 eum,
606 2226 782 2294 ‹Deliciare
794 2228 827 2294 iu
842 2228 990 2294 Domino.
1004 2257 1018 2290 u
1043 2229 1233 2296 Deliciabitur

212 2356 397 2410 autemnon
419 2339 451 2407 in
468 2361 532 2405 uuo
549 2335 615 2401 solo
637 2334 751 2400 edendi
769 2336 978 2423 gustandique
1004 2360 1123 2412 sensu,
1145 2336 1198 2403 sed
1216 2349 1243 2400 et

211 2452 321 2519 auditu
340 2445 540 2514 deliciabitur
553 2455 586 2507 et
598 2443 665 2508 visu
679 2454 711 2506 et
724 2453 811 2506 tactu
825 2443 1026 2531 odoratuque
1038 2443 1244 2511 deliciabitur.

212 2562 248 2626 ln
269 2559 401 2623 odorem
414 2574 551 2640 namque
574 2549 725 2638 unguenti
747 2550 818 2636 ejus
839 2563 959 2616 curret.
978 2551 1020 2616 Et
1036 2553 1084 2619 ita
1109 2555 1248 2618 omnibus

211 2667 354 2734 sensibus
372 2662 435 2726 suis
456 2657 656 2724 deliciabitur
673 2658 705 2722 in
729 2658 827 2722 verbo
843 2659 899 2722 Dei
920 2659 1018 2745 isqui
1037 2661 1083 2728 ad
1097 2685 1252 2728 summam

211 2768 412 2865 perfectionis
433 2791 470 2832 uo
493 2765 699 2832 beatitudinis
724 2765 854 2834 venerit,
877 2765 969 2831 Unde
985 2780 1020 2832 et
1036 2769 1071 2834 in
1093 2769 1147 2835 bis
1168 2771 1254 2858 positi

212 2883 310 2955 locis,
327 2879 536 2966 deprecamur
552 2873 710 2938 auditores
725 2871 862 2947 horum,
881 2885 914 2938 ut
930 2875 1134 2943 mortificent
1146 2903 1259 2944 carua-

215 2991 260 3056 les
275 3007 401 3056 sensus.
414 3005 454 3047 ne
470 2981 600 3068 quidex
618 2980 655 3044 iis
671 3003 741 3066 quae
757 2979 922 3056 dicuntur,
940 2985 1124 3050 secundum
1142 3009 1259 3076 narpo-

216 3099 260 3164 ris
280 3105 386 3160 motus
400 3087 576 3178 excipiant,
592 3087 646 3154 sed
669 3084 738 3150 illos
754 3085 922 3152 diviniores
937 3088 1100 3156 interioris
1119 3092 1262 3160 bominis

213 3207 255 3274 ad
265 3205 335 3269 haec
349 3198 502 3288 capienda
523 3219 633 3262 sensus
655 3195 829 3259 exibeant:
855 3196 937 3261 sicut
960 3196 1115 3266 Salomon
1145 3204 1262 3268 edocet

214 3337 293 3387 nos,
311 3310 442 3375 dicens:
467 3306 624 3372 «Sensum
645 3313 751 3368 autern
771 3303 912 3370 divinum
930 3305 1071 3372 invenies
1083 3307 1106 3373 ².
1119 3337 1134 3368 ι
1165 3313 1209 3376 Et
1232 3323 1266 3374 ut

216 3418 332 3491 Paulus
359 3437 485 3503 quoque
505 3413 544 3478 ad
564 3413 714 3478 llebroeos
729 3411 840 3478 scribit
857 3412 899 3478 de
912 3413 1061 3502 perlectis
1081 3416 1093 3500 (
1100 3430 1136 3480 ut
1164 3443 1265 3509 supra

218 3523 473 3596 memorinvimus
486 3522 497 3609 )
512 3520 565 3606 qui
580 3519 767 3584 exercitatos
781 3518 901 3584 habent
915 3542 1026 3586 sensus
1041 3523 1080 3587 ad
1093 3523 1267 3591 diseretio-

216 3658 290 3702 uem
300 3632 374 3708 boni
384 3630 433 3694 vel
442 3626 533 3694 mnli⁸
547 3627 808 3692 :osteudensesse
816 3628 849 3691 in
857 3627 988 3694 bomine
996 3642 1110 3717 praeter
1117 3631 1187 3698 bos
1195 3657 1269 3700 ror

216 3764 330 3835 poreos
342 3759 450 3806 sensus
461 3784 470 3811 ,
483 3735 623 3821 quinque
638 3733 715 3799 elios
729 3733 931 3802 nibilominus
941 3738 996 3825 qui
1009 3739 1163 3806 exercitio
1177 3766 1266 3830 qua·

253 3883 349 3934 afflbf,
362 3897 386 3943 v,
400 3883 482 3939 14-
495 3871 591 3925 ²va.
603 3892 635 3935 ιι,
651 3871 716 3924 5.-
728 3871 738 3905 ⁸
749 3875 824 3924 Hebr.
837 3893 859 3936 r,
877 3882 918 3938 rt.
