2644 4612
297 271 329 314 aa
355 267 516 312 cancrena
541 265 744 312 caasacoauu
768 271 828 313 aaa.
855 269 903 312 ιιι.
1060 247 1124 332 495

89 409 118 463 et
135 419 213 462 ecce
237 393 287 459 alii
307 393 361 481 qui
385 393 530 459 allerunt.
550 392 613 457 Sed
636 393 667 457 in
691 393 739 457 lais
755 395 808 480 qai
825 393 961 459 allorunt
979 405 1033 457 aut
1051 391 1124 457 mali
1146 401 1155 413 ⁸

92 518 162 570 sunt
184 503 323 576 fractus,
344 513 399 568 ant
417 501 502 565 boni.
523 499 582 569 llio
597 522 673 588 ergo
696 523 809 587 sponsa
829 499 960 586 (idest,
983 498 1124 566 Ecclesia

92 611 225 699 Christi)
244 607 425 675 confirmari
441 630 474 672 se
491 605 647 695 postulat,
663 619 696 672 et
711 604 857 672 reclinari
877 608 1006 695 quidem
1029 631 1125 697 super

94 743 186 785 unam
200 719 349 784 arborem
363 714 491 782 meliam
508 715 692 780 afferentem
708 715 829 780 fructus
851 719 951 780 bonos
968 729 1021 781 :et
1039 728 1126 781 recte

95 851 130 893 ac
149 836 379 913 competenter.
408 824 511 910 Super
530 823 580 888 his
603 823 688 888 onim
711 823 919 888 confirmatur
940 836 973 887 et
996 823 1130 911 stipatur

93 931 250 1006 Ecclesia,
278 931 332 1021 qui
361 931 393 995 in
417 931 507 995 honis
528 931 676 1019 operibus
699 930 890 996 fructificant
912 943 944 994 et
966 942 1124 996 crescunt.

91 1041 176 1123 Quid
199 1051 305 1106 autem
321 1051 369 1103 est
389 1039 476 1124 quod
492 1038 523 1102 in
539 1037 697 1125 myrrhis,
714 1037 915 1103 infructuosis
933 1035 1054 1103 scilicet
1077 1061 1130 1102 ar·

91 1148 222 1229 boribus
241 1145 422 1212 confirmari
443 1142 508 1209 malt
524 1144 622 1209 odore
638 1143 705 1209 solo
722 1145 954 1233 gaudentibus?
969 1147 1036 1234 Ego
1052 1149 1130 1233 puto

96 1255 180 1343 quod
194 1257 269 1319 istos
285 1253 339 1341 qui
356 1252 423 1318 solo
439 1253 537 1317 odore
551 1253 707 1341 gaudent,
720 1265 752 1317 et
768 1254 906 1320 necdum
922 1253 1044 1318 sanctus
1056 1253 1130 1319 fidei

95 1363 251 1438 afferunt,
276 1360 346 1426 illos
368 1362 452 1427 dicat
469 1385 548 1448 quos
566 1358 681 1425 Paulus
697 1361 737 1426 ad
757 1361 942 1426 'Corinthios
965 1361 1131 1436 scribens,

96 1472 172 1536 dicit
186 1495 218 1535 :a
236 1470 299 1551 Qui
315 1469 464 1534 invocant
479 1491 596 1534 nomen
616 1468 743 1535 Domini
759 1470 858 1534 nostri
873 1469 951 1534 Jesu
968 1469 1084 1535 Christi
1101 1470 1133 1533 ia

99 1579 205 1644 »omni
218 1576 288 1643 loco
303 1578 444 1666 ipsorum
456 1589 488 1640 et
504 1589 648 1642 nostrum
658 1575 680 1640 ¹.
696 1577 779 1642 »Pro
797 1601 835 1640 eo
851 1599 927 1664 ergo
942 1576 1028 1664 quod
1042 1575 1134 1642 invo-

104 1695 177 1750 cant
191 1707 305 1750 nomen
324 1683 451 1751 Domini
470 1683 569 1749 nostri
586 1684 662 1748 Jesu
680 1684 817 1760 Christi,
835 1682 1001 1750 habentia
1019 1696 1136 1749 semet-

103 1791 175 1878 ipsis
188 1792 293 1856 odoris
305 1793 477 1878 quamdam
487 1815 526 1856 ex
546 1792 612 1880 ipsa
628 1793 826 1857 invocatione
845 1792 982 1858 nominis
999 1793 1131 1858 suavita·

99 1912 174 1963 tem.
196 1900 257 1964 Pro
273 1923 311 1964 eo
327 1921 403 1965 vero
418 1900 505 1987 quod
524 1923 588 1964 non
606 1923 681 1966 cum
701 1901 787 1966 omni
805 1897 921 1966 fiducia
940 1913 972 1964 et
992 1899 1137 1966 libertate

97 2007 258 2072 accedunt
280 2007 321 2072 ad
344 2006 458 2082 sidem,
475 2003 578 2070 nullos
599 2007 673 2072 lidci
696 2007 831 2073 afferunt
854 2007 985 2074 fructus.
1014 2010 1051 2074 la
1065 2006 1139 2074 loco

96 2113 163 2180 hoc
183 2133 351 2199 possumus
365 2133 424 2176 nos
443 2112 697 2178 catechumenos
710 2112 861 2178 Ecclesiae
874 2114 1065 2202 intelligere,
1085 2139 1139 2180 su-

97 2242 158 2309 per
174 2241 253 2306 quos
276 2241 315 2282 ea
337 2231 427 2306 parte
449 2217 552 2305 aliqua
573 2219 803 2285 confirmantur
826 2221 984 2286 Ecclesiae.
1014 2223 1142 2287 Habent

97 2326 188 2390 enim
212 2337 244 2388 et
264 2323 297 2390 in
320 2325 395 2414 ipsis
420 2346 484 2390 noa
506 2349 619 2413 parum
641 2325 784 2400 fiducias,
805 2337 837 2389 et
862 2327 927 2414 spei
950 2325 1140 2414 plurimam,

100 2433 190 2521 quod
203 2445 235 2496 at
249 2432 307 2520 ipsi
326 2431 403 2498 fiant
414 2429 588 2519 'aliquando
605 2435 733 2498 arbores
747 2431 935 2507 fructiferae,
947 2445 979 2497 et
994 2432 1143 2520 planten-

98 2553 154 2606 tur
171 2541 203 2604 in
215 2539 359 2628 paradiso
372 2539 432 2605 Dei·
443 2543 483 2605 ab
495 2540 563 2627 ipso
575 2539 712 2628 agricola
727 2552 827 2630 patre.
845 2541 913 2629 lpse
928 2543 1012 2606 enim
1028 2543 1140 2628 estqui

99 2647 227 2738 plantat
243 2648 425 2736 hujusmodi
442 2649 570 2713 arbores
586 2648 619 2712 in
636 2645 778 2713 Ecclesia
791 2648 927 2723 Christi,
943 2671 1013 2735 qaae
1028 2661 1076 2713 est
1090 2673 1145 2737 pa-

100 2755 228 2822 radisus
240 2754 447 2821 deliciarum:
467 2757 549 2821 sicut
564 2766 596 2820 et
611 2756 766 2820 Dominus
782 2756 859 2822 dicit
877 2779 885 2820 :
903 2755 1040 2821 «Omnis
1056 2755 1145 2844 plaa-

104 2865 209 2930 ntatio
233 2887 327 2952 quam
347 2888 412 2930 non
429 2863 580 2952 plantavit
599 2864 692 2930 Pater
712 2885 803 2929 meus
825 2864 988 2939 coelestis,
1002 2865 1145 2931 eradica·
1231 2933 1234 2938 ,

2 3045 3 3052 ¹
104 2974 217 3039 »bitur
227 2971 249 3036 ².
263 3000 276 3034 a
289 2973 431 3061 Stipatur
449 2993 525 3061 ergo
545 2971 685 3038 Ecclesia
709 2985 741 3037 et
764 2973 846 3038 inter
869 2971 978 3038 naelies
999 2985 1032 3037 et
1050 2997 1146 3060 super

2 3073 3 3166 ]
104 3082 191 3170 ipsus
207 3081 384 3169 requiescit.
404 3082 484 3160 Quae
499 3077 601 3146 meliae
616 3079 676 3144 ille
692 3081 839 3168 putandae
858 3091 930 3145 sunt
946 3081 1058 3146 animae
1075 3104 1146 3168 quaa

2 3183 4 3276 ᾗ
106 3189 250 3275 quotidie
266 3189 456 3254 innovantur
468 3189 508 3253 ad
520 3187 689 3277 imaginem
700 3189 769 3274 eius
781 3189 834 3276 qui
849 3188 967 3255 creavit
982 3211 1045 3256 eas.
1061 3190 1145 3268 Quia

110 3296 198 3360 enim
220 3319 276 3386 per
295 3295 530 3361 innovationem
552 3297 600 3360 sui
620 3296 789 3384 imaginem
812 3308 959 3384 reparant
981 3295 1036 3362 lilii
1068 3297 1145 3370 Doi,

2 3399 4 3414 ’
111 3404 227 3468 morito
253 3416 285 3468 et
311 3405 384 3491 ipsae
409 3404 535 3468 arbores
562 3403 665 3469 melite
691 3401 901 3492 appellantur,
927 3406 999 3492 quia
1025 3415 1057 3468 et
1080 3403 1148 3490 ipse

108 3534 244 3599 sponsus
262 3535 372 3576 earum
387 3512 419 3576 in
435 3510 650 3598 superioribus
666 3512 771 3578 dictus
786 3525 852 3588 est,
869 3514 950 3578 sicut
966 3511 1062 3577 arbor
1081 3531 1148 3576 me-

2 3623 3 3633 ’
106 3619 152 3684 lia
167 3641 235 3683 esse
250 3620 282 3684 in
296 3618 386 3707 lignis
402 3617 506 3706 sylvae.
526 3620 566 3683 Et
582 3642 621 3684 ne
638 3621 761 3684 mireris
776 3622 801 3686 si
816 3621 900 3686 idem
919 3621 984 3708 ipse
1002 3631 1035 3682 et
1052 3621 1148 3684 arbor

2 3791 4 3806 ν
107 3729 183 3793 vitae
198 3738 230 3792 et
251 3727 372 3794 diversa
389 3726 449 3792 alia
471 3728 607 3804 dicatur,
628 3751 703 3794 eum
719 3730 803 3796 idem
817 3743 849 3796 ct
872 3727 961 3818 panis
986 3749 1095 3802 verus,
1115 3741 1148 3795 et

116 3932 122 3941 ¹
151 3880 160 3913 ¹
180 3873 608 3939 reor.1,2.—²Mauh.xv‚13.
