2644 4612
324 309 354 352 rx
379 308 540 352 csxrxcuu
564 309 767 354 cxxrxcoauu
790 312 850 354 axa.
879 312 912 354 11.
1075 291 1139 368 465

102 439 181 512 lixit,
194 457 268 501 cum
282 431 537 500 distinctionibus
551 434 653 522 parvis
665 445 697 498 et
710 435 829 522 exiguis
847 437 977 523 argenti.
997 436 1073 501 Haec
1088 459 1143 502 au-

106 560 171 611 tem
192 565 263 633 quae
282 565 339 631 per
360 543 464 629 ipsum
486 541 658 608 Dominum
676 553 821 607 nostrum
842 543 952 608 Jesum
977 542 1140 608 Christum

5 651 9 690 ²
106 654 221 720 tradita
237 663 327 726 sunt,
345 649 377 714 in
393 673 470 716 auro
486 673 560 715 vero
574 660 607 714 et
622 661 752 739 argento
768 648 868 715 solido
883 647 1037 718 collocata
1054 664 1138 717 sunt.

5 759 7 796 ⁵
108 763 182 828 Haec
198 761 281 826 onim
296 781 366 846 quse
379 782 436 848 per
451 759 569 824 amicos
580 759 685 848 spousi
701 758 783 824 iacta
801 770 867 833 est,
884 759 1057 824 similitudo
1074 761 1142 826 auri

5 869 9 908 ¹
109 893 181 936 cum
204 868 456 932 distinctionibus
480 868 619 956 argenti,
645 890 709 932 non
733 868 764 932 in
784 869 973 956 sempiterna
995 891 1143 936 mansura

4 983 7 1020 ¹
105 977 322 1066 promittitur:
337 976 393 1043 sed
404 988 528 1065 tempus
539 977 566 1041 ei
580 976 727 1042 statuitur
736 977 776 1042 ab
789 974 849 1041 illis
860 977 933 1066 ipsis
946 977 1142 1055 dicentibus,

4 1071 6 1126 ’ἓ
111 1085 309 1172 «Usquequo
327 1108 382 1149 rex
400 1085 439 1150 sit
455 1085 486 1150 ia
504 1085 650 1150 recubitu
667 1108 724 1149 suo
734 1083 756 1149 ¹.
773 1113 784 1144 ι
809 1085 890 1150 Cum
906 1085 992 1151 euim
1013 1109 1142 1152 recum-

4 1201 6 1239 ἱ
101 1195 184 1259 bens
208 1193 373 1258 dormierit
394 1204 430 1257 ut
447 1191 515 1268 leo,
539 1205 571 1257 et
594 1205 629 1258 ut
647 1191 770 1258 catulus
792 1191 908 1269 leonis,
931 1206 963 1258 et
984 1207 1056 1282 post
1075 1195 1144 1262 haec

3 1341 4 1348 κ
102 1301 304 1367 suscitaverit
322 1323 395 1367 eum
420 1312 527 1389 pater,
550 1313 583 1366 et
604 1300 810 1366 resurrexerit
830 1325 846 1365 a
868 1302 1020 1378 mortuis,
1045 1304 1070 1367 si
1091 1303 1145 1391 qui

101 1409 222 1475 fuerint
233 1409 412 1476 conformes
423 1409 661 1475 resurrectionis
676 1409 765 1498 ojus,
787 1408 851 1497 jam
867 1432 931 1474 non
950 1410 982 1475 iu
998 1409 1147 1475 similitu-

105 1516 182 1583 dine
198 1517 288 1593 auri,
308 1517 342 1583 id
361 1528 409 1582 est
424 1539 489 1583 uon
508 1517 541 1582 in
563 1539 671 1582 rerum
695 1515 907 1605 corporalium
926 1516 1015 1583 cultu
1035 1541 1147 1584 manc-

107 1629 212 1692 bunt:
231 1624 287 1690 sed
310 1647 423 1691 aurum
439 1647 549 1690 verum
565 1627 606 1691 ab
621 1625 696 1714 ipsis
718 1625 912 1714 percipient,
934 1625 1099 1692 crudentes
1114 1640 1147 1692 et

111 1744 269 1822 sperantes
283 1755 349 1798 nou
364 1755 400 1798 ca
415 1757 486 1821 quae
501 1734 659 1808 videntur,
676 1733 732 1799 sed
742 1757 813 1822 quse
828 1756 891 1798 uon
907 1734 1067 1810 videntur,
1085 1758 1146 1801 nec

108 1863 181 1929 quaa
198 1840 334 1905 interris
350 1853 441 1918 sunt,
458 1842 514 1906 sed
532 1864 602 1928 quae
625 1841 657 1906 iu
674 1839 781 1917 ooelis,
806 1843 860 1907 ubi
880 1841 1025 1908 Christus
1047 1856 1095 1908 est
1114 1843 1145 1909 in

105 1949 237 2015 dextera
246 1950 305 2015 Dei
316 1949 445 2025 sedens,
457 1961 490 2014 ct
501 1950 625 2026 dicent,
638 1949 711 2038 quia
725 1950 814 2015 «etsi
828 1951 1032 2038 cognovimus
1043 1951 1148 2017 Chris-

102 2070 199 2122 »tum
216 2056 385 2145 aliquando
400 2059 574 2123 secundum
587 2080 736 2131 carnem,
753 2057 808 2122 sed
826 2081 913 2125 nunc
927 2059 992 2147 jam
1009 2083 1073 2124 non
1088 2083 1149 2124 no-

103 2165 234 2230 scimus
249 2164 301 2230 ’.ι
329 2166 399 2232 Non
423 2189 497 2254 crgo
519 2167 583 2253 jam
606 2165 861 2231 distinctionibus
879 2166 982 2254 parvis
1006 2167 1147 2256 argenti,

104 2273 212 2340 sedin
232 2272 430 2340 latitudinem
454 2273 569 2338 diffuso
591 2284 720 2337 utentur
742 2283 882 2361 argento.
910 2273 1048 2339 Audient
1063 2275 1149 2340 enim

105 2384 196 2470 quod
213 2382 245 2446 in
268 2380 319 2448 illa
342 2382 410 2448 auri
432 2381 635 2447 similitudine
653 2393 740 2471 petra
759 2406 829 2469 quae
850 2383 937 2469 sequi
960 2381 1093 2457 dicitur,
1118 2395 1150 2447 et

104 2503 222 2580 potum
242 2488 359 2578 populo
382 2491 540 2578 praebere,
566 2488 711 2554 Christus
727 2500 795 2566 est,
816 2499 848 2552 et
870 2513 958 2553 mare
975 2490 1150 2578 baptismus

101 2612 176 2674 est,
192 2610 225 2663 et
247 2599 347 2663 nubes
368 2597 501 2686 Spiritus
521 2598 656 2663 Sanctus
670 2609 735 2672 est,
754 2607 786 2661 ct
804 2620 919 2662 manna
942 2599 1073 2663 verbum
1092 2598 1150 2662 Dei

103 2719 178 2782 cst,
202 2718 234 2771 et
255 2729 351 2794 agnus
376 2705 499 2794 paschae
522 2704 657 2770 salvator
677 2715 741 2779 est,
759 2716 791 2770 et
813 2706 938 2794 sanguis
957 2706 1029 2794 agni
1048 2707 1150 2794 passio

1 2885 2 2888 ,
107 2815 231 2882 Christi
247 2827 313 2890 est,
338 2825 370 2879 et
390 2813 494 2880 velum
512 2814 598 2902 quod
620 2824 668 2878 est
685 2813 717 2878 in
733 2815 849 2879 sanctis
868 2825 1070 2890 sauctorum,
1087 2838 1151 2903 quo

109 2924 219 2990 diviua
238 2921 312 2998 illa,
334 2936 367 2987 et
390 2945 503 2988 arcana
524 2923 730 3010 tegebantur,
753 2945 828 2987 cam
847 2923 916 3012 ejus
936 2933 1006 2986 est:
1031 2920 1153 3009 aliaque

1 3088 3 3105 ‚
111 3031 283 3094 innumera
301 3049 339 3091 ex
360 3027 429 3114 ejus
452 3026 681 3092 resurrectione
699 3027 872 3115 patebunt,
895 3049 959 3090 non
980 3026 1044 3113 jam
1059 3050 1154 3115 parva
1200 3033 1206 3046 '

111 3151 149 3204 ut
169 3138 255 3226 prius
275 3137 494 3212 distinctione,
519 3136 574 3200 sed
596 3134 744 3202 latissima
766 3135 962 3224 expositione
983 3137 1151 3225 patefacta.

1 3317 2 3320 ,
113 3247 233 3314 Adhuc
246 3257 352 3312 autem
365 3256 401 3309 ut
413 3243 526 3310 clarius
539 3242 594 3310 liat
610 3244 696 3331 quod
712 3244 811 3308 dicit:
835 3243 1030 3333 «Usquequo
1046 3269 1102 3310 rex
1116 3247 1155 3310 sit

119 3355 176 3418 siu
196 3355 341 3421 recubitu
358 3353 473 3429 suo⁸,s
497 3353 594 3418 etiam
617 3353 656 3417 de
679 3352 818 3417 secunda
839 3351 967 3419 Balaam
988 3353 1154 3442 prophetia

116 3463 244 3552 quaeda
267 3462 394 3528 Christo
411 3463 454 3527 ita
474 3461 635 3536 continet,
658 3460 854 3548 proferemus
876 3484 884 3525 :
913 3460 1085 3537 «Or-ictuc,
1107 3460 1156 3525 iu-

1 3627 2 3630 ,
114 3571 224 3658 aquit,
245 3570 334 3636 stella
357 3593 395 3635 ex
416 3570 537 3643 Jacob,
558 3582 590 3634 ot
611 3569 693 3633 exiet
708 3567 805 3633 homo
823 3568 864 3633 de
880 3569 999 3634 semiue
1016 3569 1103 3656 ejus,
1123 3581 1156 3634 et

111 3682 356 3749 »dominabitur
383 3681 528 3770 gentibus
556 3678 674 3744 multis.
707 3677 904 3745 Exultabitur
929 3680 998 3767 Gog
1023 3691 1156 3767 regnum

114 3823 130 3856 s
142 3792 234 3880 ejus,
247 3803 279 3856 et
290 3802 411 3856 crescet
423 3811 555 3878 regnum
566 3789 645 3878 ejus.
660 3787 745 3852 Deus
756 3787 871 3853 educet
882 3811 954 3853 eum
967 3811 1006 3852 ex
1018 3785 1155 3876 AEgypto

153 3937 427 3996 ¹Cunt.1‚1a.-²2
449 3939 592 4001 Cor.v,1ti
614 3935 785 3995 -³Csnt.r.
809 3957 846 3987 ra.
