2744 4624
299 309 304 318 '
416 329 448 373 ra
473 327 606 372 onnasru
629 327 758 372 nouauit
784 329 841 372 vn.
1114 331 1153 394 aq

106 449 157 516 lus
172 473 181 514 :
194 476 207 508 r
219 449 285 515 Lac
299 447 390 514 vobis
403 447 476 512 dedi
493 461 616 535 potum,
630 471 695 513 non
706 468 822 512 escam.
839 445 989 512 Nondum
1001 447 1086 512 enim
1098 471 1153 536 po·

106 589 120 620 s
140 558 266 632 teretis,
280 556 336 620 sed
352 579 414 622 nec
432 555 539 622 adhuc
552 555 680 644 quidem
697 555 837 644 potestis.
852 555 893 622 Et
907 578 966 643 ego
983 578 1046 620 non
1062 560 1150 644 potui

108 699 123 730 ι
139 666 231 754 loqui
242 665 328 731 vobis
341 665 432 753 quasi
445 661 673 753 spiritualibus,
686 666 741 730 sed
751 665 840 753 quasi
852 663 1045 740 carnalibus,
1060 667 1149 753 quasi

114 807 129 839 ι
146 775 280 864 parvulis
295 777 325 841 in
342 775 473 840 Christo
485 773 506 838 ¹.
523 773 661 840 »Dicant
677 775 767 840 nobis
780 774 828 838 isti
842 776 894 862 qui
908 773 1093 862 simpliciter
1105 777 1150 842 in·

118 884 215 973 telligi
230 885 338 950 volunt
353 882 536 972 Scripturas
554 883 687 959 divinas,
704 884 841 971 quid-est
855 907 889 948 :a
905 883 976 950 Non
991 885 1080 973 potui
1098 907 1150 950 vo·

119 994 192 1059 »bis
209 993 294 1080 loqui
311 992 400 1080 quasi
416 989 644 1080 spiritualibus,
667 991 723 1056 sed
739 990 828 1077 quasi
845 990 1036 1066 carnalibus,
1061 993 1149 1079 quusi

114 1134 127 1164 ι
144 1101 283 1191 parvulis
299 1103 332 1168 in
350 1101 499 1174 Christ03
513 1099 563 1166 lac
578 1101 667 1166 vobis
684 1113 796 1189 potum
809 1101 894 1177 dedi,
908 1087 972 1167 non
987 1101 1118 1168 escam?
1131 1111 1154 1164 ν’

110 1211 291 1278 Possuntne
307 1211 378 1277 baeo
392 1208 579 1298 simpliciter
596 1210 697 1298 accipi
707 1209 732 1273 l

160 1323 225 1388 Sed
239 1323 366 1388 interim
378 1322 546 1386 redeamus
562 1319 602 1385 ad
613 1343 650 1384 ea
668 1319 753 1384 undo
765 1319 894 1406 digressi
907 1342 1027 1384 sumus.
1046 1318 1145 1386 Laeta-

116 1445 173 1498 tur
190 1431 365 1506 Abraham,
382 1443 414 1494 et
428 1430 608 1496 convivium
624 1428 699 1494 facit
721 1451 873 1518 magnum
895 1429 927 1495 in
949 1428 999 1492 die
1016 1451 1079 1516 qua
1095 1430 1151 1493 de-

123 1538 209 1628 pulit
225 1562 242 1604 a
260 1537 340 1604 lacte
360 1539 445 1605 lsaac
462 1539 564 1604 fitium
584 1562 689 1605 suum.
715 1538 790 1603 Post
811 1538 881 1604 haec
900 1537 982 1602 ludit
1001 1539 1102 1615 lsaac,
1118 1551 1150 1604 et

117 1646 202 1712 ludit
217 1670 291 1712 oum
307 1645 429 1712 ismael.
452 1648 639 1736 Indignatur
655 1648 731 1714 Sara
754 1647 839 1735 quod
855 1646 938 1712 lilius
959 1647 1081 1714 ancillae
1095 1649 1147 1717 lu-
1188 1703 1193 1714 .
1262 1680 1264 1684 ¹

113 1757 171 1821 dat
182 1778 257 1821 cum
269 1753 335 1820 lilio
348 1755 468 1832 liberae,
479 1768 512 1822 et
523 1755 627 1822 lusum
641 1741 916 1846 illum'perniciem
929 1771 1018 1848 putat
1026 1784 1036 1833 ς
1049 1761 1151 1825 consi·

112 1866 195 1932 lium
212 1867 267 1931 dat
282 1863 432 1942 Abrahae,
447 1879 479 1932 et
495 1867 597 1932 dicit:
615 1868 727 1955 «Ejice
743 1866 890 1933 ancillam
905 1880 937 1932 et
954 1865 1055 1933 tilium
1067 1870 1147 1956 ejus.

112 2005 126 2038 ι
143 1975 216 2042 Non
230 1977 315 2041 euim
327 1975 428 2040 hares
441 1976 502 2041 erit
514 1974 597 2042 tilius
609 1975 731 2042 ancillas
744 1999 815 2042 cum
826 1975 1113 2042 liliomeolsaac².»
1123 2025 1145 2042 ..

158 2086 201 2150 Et
224 2085 362 2160 tamen⁸,
379 2085 556 2150 secundum
577 2110 613 2152 ea
638 2107 707 2174 quae
730 2087 844 2173 scripta
868 2097 954 2160 sunt,
970 2108 1034 2150 non
1058 2085 1148 2151 video

112 2195 192 2282 quid
209 2196 343 2260 moverit
365 2193 477 2282 Sanam
493 2206 528 2260 ut
543 2193 644 2260 filium
660 2192 783 2260 ancillae
804 2195 935 2288 juberet
946 2193 1068 2282 expelli.
1085 2194 1150 2259 Lu-

115 2305 215 2369 debat
229 2327 304 2370 cum
318 2302 384 2368 filio
399 2326 457 2367 suo
472 2304 568 2369 lsaac.
586 2303 672 2381 Quid
687 2302 808 2369 laeserat
824 2316 878 2368 aut
891 2303 967 2390 quid
981 2316 1148 2378 nocuerat,

109 2415 138 2480 si
153 2411 312 2480 ludebat?
328 2414 428 2493 Quasi
449 2434 513 2478 non
532 2412 643 2479 hocin
659 2424 749 2478 astute
765 2412 816 2478 illa
832 2411 929 2478 etiam
943 2425 1067 2500 gratum
1082 2436 1150 2478 esse

106 2524 274 2600 debuerit,
293 2523 378 2612 quod
398 2521 508 2588 luserit
523 2521 606 2587 filius
621 2522 743 2589 ancillae
761 2546 835 2588 cum
851 2521 917 2586 filio
932 2521 1048 2590 liberte.
1066 2521 1148 2588 Tum

110 2633 229 2698 deinde
241 2646 275 2698 et
286 2631 476 2722 Apostolum
488 2633 599 2707 miror,
609 2633 663 2722 qui
676 2631 785 2698 ludum
798 2632 885 2698 hunc
898 2631 1150 2720 persecutionem

107 2743 345 2832 pronuntiavit,
358 2742 466 2807 dicens
480 2763 487 2805 :
502 2741 590 2806 «Sed
601 2743 684 2807 sicut
697 2752 772 2806 tunc
784 2743 809 2806 is
821 2741 875 2830 qui
890 2740 1067 2806 secundum
1084 2763 1150 2806 car-

104 2875 214 2917 »nem
232 2857 329 2917 natus
343 2849 444 2914 fuerat
464 2852 713 2939 persequebatur
728 2873 802 2914 eum
822 2851 875 2937 qui
893 2849 1067 2914 secundum
1090 2851 1151 2938 spi-

108 2990 121 3024 ι
133 2962 252 3036 ritum,
267 2961 309 3025 ita
321 2972 352 3026 et
364 2959 505 3035 nunc⁴,»
516 2983 590 3025 cum
603 2959 711 3048 utique
724 2957 809 3024 nulla
821 2959 998 3048 persecutio
1008 2958 1149 3026 Ismadlis

106 3073 284 3136 adversum
300 3069 387 3134 lsanc
403 3081 488 3134 mota
505 3068 672 3145 reseratur,
693 3068 750 3133 uisi
766 3068 820 3133 hic
834 3067 918 3133 solus
932 3065 1025 3132 ludus
1045 3067 1149 3133 infan-

105 3180 169 3248 tiae.
189 3180 262 3246 Sed
278 3178 440 3244 videamus
458 3179 532 3265 quid
549 3179 580 3244 in
597 3178 659 3244 hoc
675 3176 751 3242 ludo
769 3175 956 3242 intellexerit
971 3174 1100 3254 Paulus,
1117 3192 1149 3243 ot

104 3291 182 3380 quid
196 3290 365 3378 indignata
381 3289 421 3356 sit
438 3287 525 3353 Sara.
541 3287 692 3377 Superius
709 3289 773 3375 jam
790 3296 982 3377 exponentes
1001 3287 1149 3375 spiritua-

107 3398 191 3476 liter,
210 3396 288 3463 loco
305 3397 428 3462 virtutis
440 3397 603 3484 posuimus
616 3397 737 3462 Seram.
754 3395 785 3461 Si
798 3419 873 3485 ergo
885 3417 959 3461 caro
976 3397 1068 3483 cujus
1079 3420 1149 3484 pen·

113 3530 220 3572 sonam
232 3507 320 3596 gerit
331 3505 459 3582 lsmadl,
468 3506 522 3596 qui
534 3505 710 3571 secundum
723 3529 850 3572 carnem
862 3505 1016 3578 nascitur,
1027 3504 1149 3593 spiritui

109 3617 311 3693 blandiatur,
325 3617 378 3704 qui
397 3628 444 3682 est
463 3616 563 3692 Isaac,
575 3627 608 3681 et
625 3613 816 3684 illecebrosis
834 3640 908 3683 cum
928 3639 968 3681 eo
991 3615 1151 3703 deceptio-

144 3805 153 3836 ¹
170 3806 256 3854 tCor.
273 3823 312 3864 ur,
330 3820 351 3865 t,
366 3822 390 3858 a.
403 3803 533 3853 -2Gen
548 3822 599 3865 xxi,
612 3823 635 3855 a.

143 3877 198 3927 ⁸5-
214 3881 241 3929 5·
255 3895 281 3942 r»
299 3895 340 3943 79·

145 3953 154 3984 ⁴
167 3953 255 4001 Galat.
266 3969 302 4010 rr,
315 3968 356 4018 aq.
