2702 4610
217 231 259 318 94
383 199 391 216 ι
659 247 804 294 carensis

221 397 234 430 s
249 364 405 455 AEgypti⁴.
419 365 521 432 »lstss
532 365 718 434 obstetrices
733 365 881 435 dixerunt
892 377 965 436 ante
975 390 1033 436 nos
1047 363 1190 456 quidam,
1204 391 1258 433 ra·

222 472 379 541 tionabiiis
397 474 582 540 eruditionis
597 474 732 540 sormam
748 486 866 542 tonare.
881 475 1076 542 Obstetriccs
1087 478 1173 542 enim
1186 499 1258 542 me·

221 585 300 652 dicae
313 583 456 672 quaedam
469 596 555 659 sunt,
568 595 675 650 ettam
686 584 844 653 masculos
859 599 1025 654 nascentes
1040 609 1136 674 quum
1151 586 1260 654 foemi-

221 694 400 763 nassorent.
410 692 554 758 Eruditio
563 715 638 780 ergo
647 694 704 761 istu
712 695 889 762 communis
896 695 1089 762 rationabilis
1098 697 1257 772 scientias,

220 804 261 868 ad
279 825 407 869 omnam
422 802 654 890 propemodum
670 803 812 890 pervenit
827 825 968 880 sonsum,
984 827 1095 870 omncs
1110 805 1257 883 iustruit,

223 934 333 981 omnes
348 911 442 976 soret.
467 910 501 976 Si
524 910 595 996 quis
616 909 648 976 in
668 933 705 978 ea
720 909 815 976 virilis
831 912 928 978 animi
947 912 1054 988 suerit,
1070 924 1102 977 ct
1117 913 1259 980 voluerit

224 1021 363 1088 coelestia
379 1044 518 1109 quaererc
534 1033 566 1086 et
581 1021 685 1098 divina
706 1023 831 1097 sectari,
851 1022 948 1088 veluti
965 1023 1141 1090 medicatus
1158 1034 1192 1090 et
1207 1027 1259 1091 so·

222 1130 530 1221 tusperhujusmodi
540 1129 1001 1205 eruditionem,addirinorum
1013 1130 1257 1220 intelligentiam

224 1243 362 1330 paratior
377 1242 491 1306 veniet.
513 1240 578 1306 Uno
591 1251 638 1304 est
653 1242 738 1306 enim
753 1239 838 1306 velut
853 1231 960 1328 passe'r
971 1263 1042 1328 quas
1053 1240 1184 1306 celsiora
1197 1243 1257 1308 do-

224 1362 288 1426 cet,
300 1363 332 1415 et
349 1346 588 1418 rationabilibus
603 1348 755 1416 doctrinm
771 1349 883 1437 peums
898 1349 930 1415 in
945 1347 1045 1414 altum
1060 1347 1165 1414 volare
1181 1371 1256 1438 prc-

221 1473 312 1526 vocst
326 1459 457 1524 animos.
478 1455 546 1522 Alia
562 1480 632 1544 quae
648 1459 765 1522 rubens
775 1469 835 1532 cst,
854 1455 902 1522 rel
918 1457 1109 1534 verecunda,
1125 1459 1256 1526 moralis

221 1581 283 1644 est,
294 1590 399 1632 moros
416 1565 592 1652 componit,
607 1566 830 1632 verecundiam
843 1565 949 1641 docet,
961 1565 1096 1632 instituit
1106 1567 1254 1635 honesta·

224 1692 300 1744 tom.
321 1675 396 1742 Mihi
415 1689 534 1749 tamen.
553 1675 702 1781 ‹puoniam
718 1675 793 1740 dicit
813 1675 853 1741 de
873 1676 921 1741 his
940 1675 1104 1764 Scriptura
1118 1677 1186 1764 quia
1210 1678 1250 1742 ti-

225 1789 354 1856 ruehant
370 1785 485 1858 Deum,
502 1795 534 1848 et
548 1805 613 1851 non
630 1782 773 1850 fecerunt
788 1795 945 1872 precepta
960 1785 1041 1872 regis
1056 1783 1192 1873 AEgypti,
1202 1787 1248 1850 vi-

224 1896 340 1962 dentur
359 1892 545 1958 obstetrices
564 1891 630 1956 istae
652 1891 722 1956 duae
743 1893 907 1980 utriusque
921 1893 1101 1958 testamenti
1116 1893 1252 1982 figuram

224 2023 360 2075 servare,
380 2012 413 2064 et
435 1998 575 2086 Sephora
596 2021 665 2086 quae
683 2023 791 2087 pusscr
818 2000 1054 2088 interpretatur.
1072 2002 1160 2090 Legi.
1181 2027 1254 2090 quae

222 2106 391 2198 spiritualis
407 2118 468 2184 est,
486 2129 578 2196 posse
593 2107 729 2178 conferri
738 2133 747 2181 ς
767 2108 855 2174 Phua
878 2133 966 2185 vcro,
983 2133 1053 2197 quse
1069 2112 1188 2178 rubeus
1202 2111 1254 2178 rol

224 2217 400 2285 rerccundu
426 2227 486 2291 est,
513 2215 653 2282 indicere
668 2216 849 2306 Evangelia,
868 2241 938 2305 quae
959 2219 1075 2284 Christi
1102 2219 1257 2309 sanguino

224 2329 353 2402 rubent,
375 2337 407 2390 ot
423 2347 481 2413 por
493 2325 677 2394 universum
696 2328 852 2398 mundum
868 2329 1020 2416 passionis
1038 2330 1108 2417 ejus
1125 2327 1257 2396 rutilant

224 2455 348 2506 cruore.
367 2437 416 2502 Ab
432 2435 481 2501 his
498 2458 575 2524 ergo
590 2437 702 2505 animae
718 2460 788 2525 qun
801 2451 975 2504 nascuntur
989 2439 1022 2504 in
1037 2438 1191 2515 Ecclesia,
1205 2463 1258 2504 re-

225 2549 273 2618 lut
291 2545 515 2617 obstetricibus
534 2546 747 2618 medicantur,
771 2547 843 2632 quin
869 2571 907 2611 ex
931 2549 1167 2637 scripturarum
1187 2548 1258 2615 lec-

226 2659 310 2725 tionc
326 2667 441 2722 cuncta
457 2655 489 2718 in
504 2675 557 2718 cas
572 2654 758 2720 cruditionis
773 2655 929 2722 medicina
948 2658 1122 2724 confertur.
1140 2658 1259 2724 Tentat

226 2779 332 2832 tamen
346 2763 466 2828 Pharao
483 2782 539 2849 per
553 2762 621 2828 haeo
636 2785 750 2829 necare
762 2763 911 2831 Ecclesia
922 2767 1093 2844 masculos,
1105 2791 1182 2835 cum
1191 2780 1256 2835 stu·

227 2875 322 2943 diesis
337 2874 515 2961 quibusque
536 2872 569 2937 in
585 2872 757 2961 Scripturis
777 2875 889 2943 divinis
910 2879 1075 2944 baeroticos
1094 2901 1204 2945 sensus
1225 2894 1258 2944 et

226 3007 370 3074 pervorsa
391 2981 537 3070 dogmata
555 2982 702 3068 suggerit.
728 2982 792 3048 Sed
812 2995 873 3049 stat
887 2985 1050 3050 immobile
1065 2986 1257 3052 fundamen·

225 3106 296 3158 tum
312 3090 380 3158 Dei.
400 3089 526 3180 Timent
540 3088 625 3158 enim
641 3091 826 3158 obstetrices
841 3091 958 3169 Deum,
977 3093 1008 3158 id
1031 3106 1091 3169 est,
1107 3095 1257 3172 timorem

228 3203 285 3269 Dei
301 3202 434 3270 docent3
453 3197 548 3285 quia«
562 3198 687 3267 initium
702 3200 861 3288 sapientias
875 3203 970 3266 timor
984 3203 1111 3282 Domini
1122 3204 1144 3270 ¹.
1161 3233 1175 3266 ι

273 3312 336 3378 Sed
350 3321 419 3398 post
435 3306 521 3374 haec⁸
536 3309 589 3375 ubi
601 3309 677 3378 vidit
690 3309 811 3378 Pbsreo
822 3312 908 3398 quod
926 3335 984 3400 por
994 3313 1180 3392 obstetrices
1192 3337 1257 3382 non

230 3431 333 3510 posset
354 3439 468 3482 necare
492 3415 649 3486 masculos
671 3417 781 3494 lsrael,
801 3421 992 3508 «precepit,
1019 3424 1142 3507 iuquit,
1169 3424 1258 3490 omni

228 3525 372 3617 »populo
394 3525 502 3592 dicens
520 3549 528 3590 :
546 3525 650 3596 Omne
672 3525 880 3594 masculinum
903 3530 1127 3618 quodcumque
1145 3543 1258 3597 natum

263 3685 362 3734 ‘Euod
376 3681 632 3747 r,17.-²Psni.ox,
647 3701 685 3733 ro.

258 3763 268 3796 ³
282 3763 312 3812 N.
324 3762 382 3822 Μ.
397 3777 423 3825 p.
445 3759 499 3820 rhd,
516 3760 566 3808 155.
