2744 4624
423 323 456 364 ns
481 321 604 366 uxoouu
627 322 757 366 nostum
782 323 805 364 1.
1090 307 1132 390 89

87 461 149 505 rex
163 437 306 529 AEgypst,
323 452 356 506 ει
372 440 442 528 ipse
456 451 487 504 te
504 440 588 529 cogit
604 440 644 505 ad
660 462 755 528 opere
780 461 850 514 sus,
870 441 985 528 etipse
1007 450 1039 504 te
1059 437 1134 502 lucit

87 546 228 613 laterem
243 548 300 614 sibi
316 549 444 636 opercri
466 557 499 611 ει
518 546 630 612 lutum.
650 548 720 636 lpsc
736 547 853 635 estqui
869 561 914 622 ιε,
930 545 1133 634 superpositis

90 657 257 745 magistris
271 666 302 723 et
315 650 571 745 compulsoribus
581 657 622 722 ud
636 679 732 745 opera
744 669 882 733 terrene,
894 656 1000 745 flagris
1012 677 1051 720 ec
1060 677 1133 720 ver-

94 766 231 830 beribus
246 767 318 854 egit,
334 777 369 831 ut
384 765 524 831 aedilices
542 764 584 830 illi
600 767 751 832 civitates.
773 767 844 854 lpse
866 778 914 832 εει
933 767 986 852 qui
1009 777 1043 838 te
1059 763 1133 830 lecit

105 873 279 940 discurrere
293 897 350 963 per
364 875 529 949 saeculum,
546 876 641 941 maris
656 899 696 941 ac
710 887 801 942 terrae
811 874 966 941 elemento
977 899 1035 962 pro
1047 873 1132 960 cupi·
1199 929 1201 936 ,

102 983 199 1048 ditate
214 987 350 1049 turbore.
369 985 442 1073 lpse
456 997 506 1050 est
520 986 572 1050 hic
588 983 717 1072 AEgypti
734 1007 802 1060 rex,
818 985 872 1071 qui
888 996 920 1049 tc
940 983 1044 1048 forum
1059 979 1132 1072 pul-

96 1113 165 1157 sare
186 1091 293 1158 litibus
311 1093 400 1170 fucit,
423 1107 456 1160 et
476 1118 535 1182 pro
555 1095 667 1183 exiguo
686 1106 779 1159 terrae
799 1095 918 1181 cespite
938 1095 1132 1182 propinquos

95 1201 207 1287 jurgiis
222 1201 363 1291 fatigare,
376 1215 422 1277 et,
435 1213 469 1268 ut
480 1203 522 1268 ita
536 1202 653 1278 dicum,
666 1203 803 1268 castitati
817 1202 969 1278 insidiari,
983 1202 1131 1288 decipere

94 1307 326 1384 innocentiam,
343 1311 429 1376 domi
443 1310 540 1386 feda,
553 1311 628 1376 foris
640 1309 794 1386 crudelia,
807 1311 889 1375 intra
905 1311 1131 1378 conscientium

97 1413 258 1502 llsgitiosc
280 1417 485 1484 committere.
511 1419 594 1483 Cum
616 1440 692 1505 ergo
715 1417 792 1483 teles
812 1417 927 1482 videris
941 1429 1031 1482 actus
1049 1429 1131 1491 tuos,

105 1523 188 1589 scito
200 1535 231 1588 ιε
242 1525 307 1612 regi
319 1523 462 1613 AEgpptio
473 1523 621 1601 militare,
634 1526 721 1613 quod
732 1533 779 1590 est
791 1524 902 1590 mundi
917 1524 1012 1610 hujus
1023 1523 1133 1611 spiritu
1155 1610 1159 1620 Ι

104 1632 165 1718 egi.
184 1632 219 1696 Si
236 1655 307 1697 vero
322 1645 353 1697 et
368 1631 483 1720 aliquid
498 1633 538 1700 de
554 1636 618 1700 hoc
632 1635 728 1699 etium
743 1632 835 1699 altius
851 1632 1052 1697 sentiendum
1071 1643 1131 1706 est,

97 1751 205 1826 potest
217 1741 314 1805 rideri
325 1765 380 1805 rex
391 1743 516 1828 istequi
527 1743 628 1808 nescit
645 1741 777 1830 loseph,
791 1738 948 1814 diabolus,
958 1767 971 1800 s
983 1739 1132 1827 insipiens

95 1873 110 1906 ι
128 1845 184 1910 tte
205 1849 266 1931 qui
286 1847 363 1912 dixit
379 1849 411 1913 in
428 1851 525 1915 corde
540 1873 597 1915 suo
617 1872 625 1913 :
646 1849 716 1915 Non
732 1861 781 1914 est
795 1847 936 1943 Deus¹,»
951 1848 1037 1937 genti
1053 1872 1129 1921 suae,

97 1951 161 2021 hoc
176 1967 238 2030 cst,
253 1959 401 2044 apostatis
414 1958 554 2047 Angelis,
571 1957 723 2046 colloqui,
739 1971 772 2025 et
784 1959 890 2026 dicere
906 1981 914 2023 ε
929 1985 942 2018 t
957 1958 1039 2024 Ecce
1053 1981 1129 2047 gens

96 2093 109 2124 ι
122 2063 261 2130 filiorum
282 2064 380 2132 lsrael
395 2089 510 2157 magna
525 2069 696 2136 multitudo
715 2080 775 2145 est,
789 2097 802 2132 r
818 2069 857 2133 de
874 2069 923 2134 his
938 2067 1059 2134 scilicet
1075 2070 1130 2156 qui

96 2186 227 2262 possunt
239 2188 345 2241 mente
358 2166 463 2242 Deum
474 2179 599 2255 videre,
611 2205 624 2238 s
636 2190 668 2243 et
678 2179 838 2266 potentior
849 2191 896 2243 est
905 2179 1004 2244 nobis.
1017 2176 1130 2244 Venite

103 2311 116 2344 ι
131 2284 235 2370 itaque
249 2285 543 2354 circumscribamus
557 2287 627 2353 illos
643 2311 684 2354 ne
702 2287 782 2354 sorte
798 2290 988 2362 increscant,
1006 2299 1128 2353 etcum

99 2421 113 2454 ι
128 2393 279 2456 acciderit
292 2396 381 2461 nohis
395 2392 530 2471 bellum,
543 2397 741 2462 consentient
752 2409 786 2462 et
797 2395 830 2462 hi
843 2419 917 2462 cum
929 2395 1127 2469 adversariis,

94 2511 156 2564 »et
170 2515 385 2590 expugnantes
410 2527 467 2570 nos
487 2506 617 2572 exibunt
632 2507 672 2570 de
687 2518 771 2570 terre
794 2515 912 2570 nostra.
935 2530 948 2565 r
966 2504 1030 2568 Sed
1045 2504 1129 2572 uude

93 2609 155 2675 hoc
180 2611 278 2675 sentit
300 2611 467 2679 diabolus?
486 2616 570 2680 unde
589 2613 735 2703 intelligit
753 2616 826 2704 quic
851 2636 963 2702 magne
991 2634 1068 2700 gens
1091 2611 1130 2675 sit

92 2717 200 2793 lsruiil,
221 2732 254 2784 ει
275 2720 343 2807 ipso
359 2720 484 2797 fortior,
504 2725 563 2788 nisi
580 2725 652 2810 quia
669 2748 749 2812 saepe
765 2745 951 2811 congressus
964 2733 1025 2796 est,
1046 2742 1128 2806 saepe

91 2825 201 2892 hahuit
217 2824 393 2903 luctamen,
405 2843 437 2894 et
448 2853 530 2918 saepe
541 2844 708 2919 superatus
720 2831 791 2897 estl
803 2830 870 2896 Scit
881 2830 967 2894 enim
979 2841 1011 2894 et
1022 2829 1125 2918 ipsum

90 2933 188 2999 Jacob
205 2932 365 3000 luctatum
382 2959 462 3011 esse,
477 2950 511 3001 ει
526 2937 686 3026 adjutorio
702 2938 814 3026 Augcli
831 2937 1003 3004 obtinuisse
1019 2937 1126 3001 adver·
1160 3007 1161 3011 Ἰ

90 3045 220 3118 sarium,
233 3057 268 3108 ει
279 3045 445 3111 invaluisse
457 3069 531 3112 cum
547 3048 624 3114 Deo.
641 3049 712 3115 Non
725 3047 836 3113 dubito
853 3047 930 3135 quin
945 3056 977 3109 ει
992 3043 1127 3110 eliorum

89 3165 275 3218 sanctorum
288 3156 424 3220 senserit
438 3152 612 3232 luctamen,
629 3170 661 3222 et
676 3153 849 3245 spiritualia
865 3151 1030 3242 pertulerit
1044 3177 1125 3245 sepe

90 3263 279 3336 certamine,
299 3274 333 3326 et
347 3264 422 3328 inde
445 3262 530 3328 dieat
549 3266 621 3351 quin
643 3287 719 3352 gens
741 3261 880 3328 filiorum
902 3257 998 3326 lsrael
1012 3283 1125 3350 magno

94 3379 137 3430 est
150 3367 252 3445 uelde,
270 3381 304 3434 et
321 3368 403 3434 valet
424 3393 518 3458 super
533 3395 600 3436 nos.
623 3372 734 3437 Sedet
750 3369 829 3436 illud
848 3370 933 3457 qued
949 3370 1052 3443 timet,
1068 3393 1126 3434 ne·

97 3477 213 3561 qusndo
229 3479 361 3543 eveniat
375 3478 420 3543 eis
435 3477 568 3554 bellum,
581 3493 614 3546 et
629 3481 830 3547 consentiunt
845 3476 1030 3544 adversariis
1040 3478 1124 3566 ejus,

94 3595 123 3646 et
137 3585 265 3650 devictis
280 3587 329 3651 eis
348 3586 511 3652 discedunt
526 3589 566 3655 de
583 3602 664 3654 terro
680 3613 750 3665 sus,
774 3587 900 3667 videtur
921 3584 1000 3650 mihi
1022 3610 1061 3650 ex
1076 3587 1124 3650 his

87 3714 153 3778 quae
174 3693 296 3758 sanctis
320 3693 513 3760 Patriurchis
535 3696 584 3761 vel
603 3697 767 3786 Prophetis
791 3695 830 3760 de
846 3693 984 3759 adventu
1008 3694 1123 3759 Christi

84 3823 317 3889 nonnunquam
336 3802 475 3870 indicata
495 3805 632 3884 luerunt,
656 3806 867 3894 precessisse,
892 3813 924 3867 et
943 3802 1017 3868 inde
1043 3802 1122 3866 scire

123 3929 200 3978 ¹l'sal.
215 3946 273 3989 xus,
291 3947 312 3981 ι.
326 3929 378 3968 ---²
389 3931 472 3980 Exod.
486 3951 503 3984 ι,
515 3949 539 3996 9,
555 3949 590 3981 ro.
