2744 4600
250 227 314 313 [476
575 320 584 338 Ι
694 255 838 297 onrosms
1356 267 1358 326 t

250 367 472 442 fornicatione,
486 393 556 456 quat
567 371 687 457 species
703 373 799 436 hebet
816 370 989 460 plurimas:
1006 393 1140 459 quarum
1157 395 1222 436 una
1240 384 1296 434 est

250 475 319 544 lraec
335 503 406 566 quat
425 481 457 542 in
473 480 703 544 consuetudine
717 483 759 546 ob
775 479 939 568 corporale
955 492 1100 569 stuprum
1115 479 1295 546 fornicatio

252 588 443 652 nominatur.
467 591 534 676 Ego
549 613 624 653 vero
639 588 747 678 legens
761 587 964 678 Apostolum,
984 615 1058 656 cum
1074 591 1233 655 venissem
1251 591 1295 654 ad

250 719 324 762 eum
340 696 447 762 locum
463 699 496 762 in
510 722 574 785 quo
587 699 683 764 dicit:
697 726 709 760 ι
722 700 787 778 Qui
798 721 833 764 se
847 697 951 788 jungit
963 701 1112 774 Domino,
1125 721 1210 765 unus
1223 700 1295 786 spi-

252 835 265 866 »
282 807 361 872 ritus
372 818 435 880 est;
458 827 500 883 ot,
516 811 616 896 quise
630 809 735 899 jungit
749 810 908 876 meretrici
926 833 1026 876 unum
1038 833 1155 898 corpus
1167 820 1220 873 est
1231 807 1258 882 ¹,
1271 835 1285 868 ι

251 918 432 999 querebam
449 918 474 982 si
491 931 539 984 est
553 917 672 1005 aliquid
686 916 772 984 eliud
789 919 929 984 medium
945 931 1060 1007 praeter
1080 917 1155 992 hoo,
1173 930 1211 980 ut
1235 927 1293 981 out

253 1025 388 1090 Domino
409 1027 480 1112 quis
496 1028 657 1116 jungetur,
673 1041 730 1094 aut
748 1030 924 1101 meretrici;
945 1039 978 1094 ct
993 1053 1051 1117 pro
1069 1028 1187 1093 virilius
1205 1029 1288 1092 meis

252 1134 436 1211 discutiens,
453 1137 646 1224 profundum
662 1139 737 1204 sotis
752 1156 785 1204 et
802 1141 1004 1204 reconditum
1021 1140 1051 1202 in
1068 1138 1104 1202 iis
1123 1137 1234 1202 verbis
1248 1139 1292 1201 in-

253 1245 514 1332 tuebarApostoli
524 1270 664 1322 sensum,
673 1249 726 1334 qui
740 1248 781 1312 ita
794 1248 965 1323 definierit,
975 1247 1173 1336 quodomnis
1182 1247 1291 1310 anima

253 1365 307 1418 out
323 1355 459 1420 Domino
475 1359 646 1443 conjuncte
663 1359 714 1431 sit,
732 1372 786 1422 aut
800 1359 959 1426 meretrici
974 1383 982 1422 :
996 1370 1029 1422 et
1043 1353 1184 1422 intellexi
1201 1355 1291 1443 quod
1310 1433 1313 1438 Ι
1352 1431 1355 1439 ,

255 1464 426 1530 Dominum
443 1466 572 1551 quidem
588 1467 701 1532 dixerit
716 1469 846 1532 virtutes
862 1491 932 1556 quae
949 1467 1094 1532 Christus
1113 1478 1175 1540 est,
1195 1465 1292 1530 idest

252 1574 399 1648 verbum,
422 1575 620 1661 sapientiam,
645 1576 822 1651 veritatem,
840 1578 1006 1664 justitiam,
1027 1589 1206 1663 censuque
1227 1574 1291 1638 hu-

254 1683 409 1768 jusmodi3
429 1688 629 1752 meretricem
645 1710 852 1763 vero,omnes
866 1688 1058 1752 econtrario
1074 1683 1200 1750 malitie
1213 1707 1290 1771 spe-

254 1793 327 1858 cies.
347 1795 416 1858 Hoc
432 1793 527 1860 otiam
542 1796 626 1882 opud
643 1794 846 1862 Salomonem
863 1797 925 1862 diei
941 1793 1081 1882 intelligo
1098 1795 1131 1860 in
1147 1791 1291 1879 eoquod

254 1904 298 1966 ait
309 1903 349 1967 de
360 1905 539 1979 meretrice,
549 1906 621 1992 quia
637 1927 718 1993 «per
729 1905 880 1999 fenestras
895 1905 1047 1993 prospicit
1063 1903 1095 1967 in
1108 1900 1244 1991 plateas,
1257 1911 1290 1966 et

255 2041 267 2074 ι
284 2013 309 2076 si
322 2035 416 2099 quem
428 2013 542 2080 viderit
552 2015 768 2104 insipientium
781 2013 1105 2088 adolescentulorum,
1115 2024 1148 2078 et
1160 2014 1287 2100 inopem

256 2151 268 2182 ι
285 2143 434 2186 sensuum
448 2134 663 2188 transeuntem
675 2124 762 2210 juxta
775 2121 906 2212 angulos
916 2120 1287 2208 domussuae,etloquen

257 2259 269 2292 s
285 2242 349 2296 tem
365 2232 397 2298 in
413 2233 552 2298 tenebris
568 2233 765 2319 vespertinis,
782 2255 858 2298 cnm
876 2231 1036 2298 silentium
1052 2231 1147 2296 fuerit
1162 2243 1290 2296 noctur·

257 2370 269 2402 s
286 2363 377 2418 mim,
391 2339 439 2408 vel
455 2339 556 2429 caligo
573 2342 675 2406 noctis
690 2365 697 2406 ε
713 2340 827 2408 mulier
841 2353 949 2406 eutem
968 2341 1108 2408 occurrit
1123 2340 1152 2404 ei
1170 2341 1291 2405 naseos

258 2480 270 2512 n
285 2451 423 2539 speciem
435 2450 623 2526 meretricis,
639 2473 709 2536 quas
722 2449 798 2542 lacit
812 2451 964 2542 juvenum
982 2449 1107 2515 evolare
1124 2449 1223 2514 corda
1234 2449 1285 2512 ’.ι

257 2561 333 2626 ttaee
351 2582 427 2648 ergo
443 2583 513 2647 quae
530 2559 646 2624 dicitur
658 2559 819 2633 meretrix,
835 2559 901 2646 ipse
921 2571 969 2623 est
988 2557 1106 2624 malitia
1119 2581 1129 2629 t
1143 2569 1177 2622 et
1192 2560 1250 2643 qni
1262 2580 1293 2622 se

257 2671 392 2755 junxerit
409 2668 485 2734 huie
501 2670 672 2744 meretrici,
689 2693 788 2734 unum
804 2691 920 2756 corpus
935 2665 1063 2734 malitiae
1076 2665 1229 2732 officitur.
1250 2666 1294 2732 Si-

257 2793 311 2844 cut
326 2803 402 2868 ergo
417 2779 471 2866 qui
487 2801 520 2844 se
536 2779 639 2866 jungit
656 2779 783 2844 Christo
794 2777 944 2851 Domino,
954 2765 1059 2866 jungit
1070 2798 1102 2840 se
1114 2775 1291 2862 sapientie,

258 2889 362 2978 jungit
377 2913 411 2956 se
426 2889 566 2973 justitiae,
582 2888 686 2975 jungit
705 2911 738 2952 se
758 2885 879 2974 pietati,
898 2896 929 2948 ct
947 2885 1083 2959 veritati,
1098 2893 1131 2950 et
1151 2882 1294 2948 cumbis

259 3000 407 3064 omnibus
422 3021 504 3063 unus
519 2997 655 3068 efficitur
678 2997 805 3083 spiritus
820 3018 828 3060 :
842 2995 884 3058 ite
906 3007 939 3056 et
960 2995 1014 3078 qui
1036 3017 1070 3058 se
1091 2992 1197 3079 jungit
1218 2991 1295 3057 huic

217 3151 221 3159 ·
261 3107 432 3182 meretrici,
448 3107 551 3195 jungit
563 3130 597 3171 se
607 3105 825 3193 impudicitias,
839 3103 1006 3191 impietati,
1019 3102 1192 3188 iniquitati,
1208 3123 1295 3168 men·

260 3219 363 3294 dacio,
388 3231 420 3282 et
445 3216 537 3284 simul
553 3215 700 3282 omnibus
721 3229 928 3305 peccatorum
949 3211 1052 3287 malis,
1077 3233 1151 3278 cum
1177 3213 1294 3298 quibus

260 3349 360 3394 unum
375 3349 490 3415 corpus
505 3327 652 3394 efficitur.
1113 3373 1116 3378 -

303 3435 530 3502 Verumtamen
545 3463 557 3494 a
571 3435 721 3525 applicuit
732 3434 827 3502 lsro'e'l
843 3437 875 3500 in
889 3431 1021 3498 Settin³.
1032 3463 1046 3496 s
1056 3435 1091 3498 ln
1102 3434 1295 3522 interpreta-

261 3546 347 3610 tione
370 3546 599 3612 Hebreicorum
624 3547 788 3610 nominum
810 3544 914 3614 Snttin
931 3545 1108 3612 invenimus
1129 3543 1162 3607 in
1186 3540 1295 3630 liugan

261 3666 367 3720 nostra
383 3656 619 3744 responsionem
638 3654 684 3720 vel
700 3654 923 3720 refutationem
941 3653 1015 3720 tlici.
1035 3649 1198 3740 Applicuit
1221 3673 1296 3739 erpo

259 3763 355 3838 lsrael
370 3766 410 3830 ad
424 3764 674 3853 responsionem,
692 3762 740 3834 vel
756 3762 990 3830 refutationem.
1009 3761 1080 3830 Non
1096 3762 1180 3827 bene
1192 3758 1297 3848 sppli-

294 3897 301 3928 ¹
315 3914 323 3944 ι
336 3897 394 3943 Gor.
407 3913 440 3954 vr,
457 3912 464 3942 ι
471 3912 494 3958 7,
509 3903 533 3942 et
548 3894 585 3942 ιθ.
598 3923 627 3931 -
641 3893 651 3926 ²
664 3897 736 3944 l'rur.
750 3911 794 3955 ru,
804 3895 830 3954 6,
841 3913 864 3958 7,
877 3897 901 3954 8,
912 3912 936 3958 9,
953 3910 989 3942 ro.
1000 3891 1047 3931 „t
1061 3892 1137 3946 Num.
1151 3907 1208 3946 nr,
1228 3907 1251 3940 1.
