2692 4610
338 349 370 392 rr
394 346 564 392 savrrrcuu
588 347 718 390 unauna
743 346 799 388 xu.
1020 323 1080 402 245

43 464 123 530 »dos
138 487 179 530 ex
190 464 345 530 fratribus
360 467 424 532 auis
435 465 479 529 ’.ι
494 465 618 544 Quibus
630 465 803 530 iratribus?
817 463 865 530 De
876 463 991 551 qussrus
1004 461 1081 527 dixit

44 595 114 638 cum
125 575 354 640 resurrexisset
369 599 386 640 a
403 575 536 640 mortuis
550 597 558 637 :
571 571 683 640 «Vade
697 576 739 640 ad
753 574 865 639 fratres
876 595 976 647 meos,
987 583 1019 637 et
1031 571 1082 636 dic

46 684 137 748 seis:
154 685 304 750 Ascendo
314 685 357 750 ad
372 685 499 749 Patrem
514 706 622 748 meum
638 695 671 747 et
685 685 727 749 ad
741 695 862 772 patrem
876 694 1029 755 vestrum,
1041 681 1083 745 ed

52 791 185 856 »Deum
199 815 306 858 meum
322 805 355 857 et
370 791 473 857 Deum
489 801 630 857 vestrum
643 789 666 856 ².
679 819 691 850 s
714 790 747 856 Si
762 803 869 856 autem
885 791 930 855 vis
947 813 985 856 ex
1000 790 1083 853 anti-

51 900 124 987 quis
144 898 253 967 litteris
270 901 395 967 discere
413 901 525 966 iratres
544 899 634 975 Jasu,
652 900 721 989 lego
740 901 924 966 vicesimum
944 899 1084 989 primunr

51 1006 222 1096 psalmum,
236 1009 290 1074 ubi
301 1031 341 1072 ex
352 1031 486 1096 persona
503 1007 621 1074 Christi
633 1009 750 1073 dicitur
762 1028 771 1071 a
784 1007 951 1072 «Narrabo
968 1029 1085 1072 nomeu

53 1148 66 1178 ι
82 1129 171 1182 tuum
186 1119 338 1184 [ratribus
353 1119 444 1192 meis,
460 1118 493 1182 in
509 1118 614 1182 medio
629 1115 779 1182 Ecclesiae
791 1115 927 1180 laudabo
939 1115 1000 1180 te'.
1013 1144 1026 1176 s
1039 1117 1087 1180 Ex

48 1226 200 1292 fratribus
211 1249 289 1314 ergo
301 1225 366 1290 suis
379 1248 511 1314 magnus
522 1205 686 1299 estiiesus,
699 1247 738 1288 ex
749 1223 798 1289 bis
810 1224 863 1310 qui
880 1224 966 1312 prius
981 1224 1088 1314 magui

46 1336 178 1400 suerunt
194 1331 364 1422 appellati:
383 1345 415 1398 et
431 1334 514 1399 sicut
530 1344 694 1421 pastorum
713 1348 820 1420 pastor
834 1343 894 1408 est,
910 1343 942 1396 ot
958 1333 1089 1421 pontifi-

50 1467 128 1510 cum
144 1441 300 1530 pontifex,
315 1454 347 1507 et
363 1441 595 1508 dominantium
612 1441 772 1516 domiuus,
785 1452 817 1506 et
832 1465 942 1530 regum
958 1465 1031 1514 rerer
1047 1443 1089 1506 ita

54 1566 90 1618 et
106 1573 297 1642 magnorum
310 1573 442 1638 maguus
462 1563 509 1615 est
526 1569 534 1612 ε
554 1560 586 1614 et
601 1548 673 1616 ideo
687 1549 789 1623 addit,
805 1573 949 1640 magnus
962 1573 1003 1616 eac
1018 1549 1091 1636 fra-

57 1663 172 1730 tribus
180 1661 259 1728 ruis.

98 1771 177 1836 Post
193 1771 260 1836 baec
275 1795 361 1847 sero,
383 1771 475 1846 «cui,
497 1771 619 1857 inquit,
640 1771 778 1839 infusum
797 1786 845 1839 est
860 1771 966 1840 oleum
986 1773 1090 1840 chris·

53 1911 66 1944 s
82 1881 180 1948 matis
199 1904 296 1969 super
310 1893 408 1968 caput
422 1882 491 1968 ejus
505 1879 552 1945 ’.ι
568 1882 658 1947 Istud
672 1879 777 1948 oleum
797 1881 859 1948 noli
875 1883 1037 1970 requirere
1058 1882 1091 1946 in

54 1991 163 2065 terris,
181 1989 272 2077 quod
292 2011 389 2076 super
410 2001 506 2077 eaput
528 1989 706 2056 infunditur
726 1991 831 2080 magui
850 1991 1034 2068 sacerdotis,
1059 2004 1094 2055 ut

55 2099 111 2164 bat
127 2099 300 2164 Christus:
319 2098 376 2163 sed
390 2099 415 2164 si
433 2098 571 2174 videtur,
585 2099 670 2166 disce
686 2124 704 2165 a
720 2099 874 2190 propheta
889 2099 989 2166 David
1008 2101 1094 2166 istud

58 2207 171 2272 oleum
183 2204 274 2292 quale
289 2207 348 2272 sit:
367 2233 381 2266 ι
396 2204 552 2281 Dilexisti,
565 2209 690 2293 inquit,
704 2209 871 2298 justitium,
883 2219 916 2273 et
929 2209 1022 2274 odisti
1038 2209 1096 2274 iui-

63 2344 77 2376 ι
94 2315 267 2401 quitatem,
280 2328 443 2404 propterea
458 2315 546 2380 unxit
562 2326 594 2380 te
609 2319 696 2382 Deus
707 2319 792 2382 Deus
804 2329 877 2380 tuus
896 2315 966 2382 oleo
981 2315 1096 2382 laetitiae

64 2453 79 2484 s
97 2445 168 2513 prae
190 2422 391 2511 participibus
417 2423 479 2488 tuis
491 2423 513 2486 ⁶.
530 2452 543 2484 s
559 2423 648 2488 Istud
673 2435 722 2489 est
743 2447 818 2512 ergo
840 2420 946 2502 oleum
968 2422 1096 2498 laetitiae,

61 2531 156 2623 quod
179 2531 275 2619 capiti
293 2533 363 2618 ejus
383 2531 524 2597 infusum
547 2531 622 2597 iacit
643 2555 717 2597 eum
741 2532 912 2599 Christum.
928 2531 992 2597 Sed
1012 2533 1102 2597 uddit

59 2643 172 2710 adbuc
187 2640 230 2705 ad
246 2638 354 2706 laudes
370 2642 440 2730 ejus
456 2663 465 2704 ε
488 2668 501 2701 «
518 2641 583 2720 Qui
598 2653 846 2718 consummatas,
862 2641 985 2727 inquit,
1005 2639 1103 2707 habet

59 2771 208 2816 »uranus
219 2747 243 2812 ⁸.
259 2776 273 2808 s
290 2747 424 2813 Guiuam
445 2747 577 2838 (quaeso)
596 2749 763 2814 bominum
777 2751 841 2815 hoc
852 2751 1001 2816 convenit
1016 2750 1102 2816 dicii

58 2861 186 2947 inquo
210 2855 395 2922 mortalium
420 2857 576 2946 periectas
604 2858 745 2924 invenire
771 2883 939 2948 possumus
964 2860 1101 2926 manusi'

55 2969 196 3036 Etiamsi
214 2968 323 3035 Aaron
341 2967 398 3031 iste
410 2967 451 3031 sit
465 2966 557 3054 cujus
574 2965 693 3032 mentio
709 2965 777 3031 iieri
791 2966 928 3043 videtur,
941 2968 1102 3055 quomodo

58 3086 310 3144 consummatas
331 3074 494 3162 putabitur
514 3073 663 3140 babuisse
684 3096 809 3149 munus,
833 3075 948 3162 quibus
968 3073 1104 3139 vitulum

60 3184 246 3258 fabricarit,
264 3183 381 3268 quibus
396 3179 517 3248 idolum
533 3179 689 3270 sculpsit?
706 3183 835 3248 Etiamsi
852 3182 955 3270 ipsum
971 3183 1102 3271 Moysen

62 3294 223 3382 proferas,
239 3292 403 3378 quomodo
421 3303 657 3357 consummatus
673 3290 823 3356 habuisse
839 3291 963 3356 videtur
978 3307 1105 3365 manus,

63 3403 207 3488 quinon
228 3397 419 3488 glorificavit
440 3397 614 3463 Dominum
634 3397 676 3462 ud
693 3421 809 3486 aquam
824 3397 1107 3467 contradictionis?

63 3511 134 3576 Pro
157 3532 217 3596 quo
234 3507 354 3576 delicto
375 3506 472 3572 etiam
494 3506 556 3572 vita
573 3507 704 3594 jubetur
724 3507 889 3573 excedere.
909 3508 1006 3588 Quod
1025 3509 1050 3574 si
1073 3519 1106 3573 et

61 3618 169 3684 ulium
185 3641 380 3708 quemquam
395 3627 581 3682 sauctorum
599 3639 775 3682 memorare
791 3617 879 3693 veiis,
892 3620 1032 3684 occurrit
1047 3620 1104 3684 tibi

58 3753 172 3796 sermo
187 3729 365 3818 Scriptura
378 3726 434 3815 qui
451 3725 541 3800 dicit,
553 3724 625 3813 quia
644 3725 743 3792 r'Nou
759 3727 917 3794 esthemo
933 3751 1029 3818 super
1044 3742 1105 3794 ter·
1138 3773 1143 3780 ι

93 3891 102 3922 ¹
118 3890 205 3937 berit.
217 3903 271 3948 nr,
285 3903 323 3936 ro.
335 3883 387 3923 —²
398 3885 475 3932 Jcan.
487 3900 530 3940 xx,
544 3883 639 3947 ¹7·-³
653 3885 719 3934 Paul,
738 3901 788 3944 m,
802 3876 1107 3944 25,...t1,0751‚·ffl,‘10,

57 3991 91 4001 -
105 3963 115 3993 ⁴
127 3963 194 4011 Psat
208 3959 310 4022 sarr,8.
325 3958 379 3996 -⁸
395 3959 477 4006 berit.
490 3973 542 4016 aar,
556 3973 594 4005 ro.
1050 3957 1052 3967 ¹
1100 3959 1106 3980 ·'

842 4073 845 4078 ¹
925 4045 1024 4122 ut„
