2706 4624
322 353 353 395 uu
378 353 546 396 uurrrrcuu
570 354 697 398 uourutx
722 356 785 397 xvv.
1002 355 1066 419 ²77

78 469 202 536 Venerunt
212 470 380 560 Evangelia
389 484 642 546 nova,venerunt
651 484 683 537 et
691 470 841 561 Apostoli.
854 472 882 538 Α
893 482 1067 560 conspectu

71 580 157 645 borum
170 581 314 670 ejicimus
330 579 454 646 veterni
471 576 639 660 Qubmodo
653 604 690 646 ea
707 581 872 669 ejicimus?
886 581 1002 672 Legem
1019 603 1066 644 se-

72 691 178 755 eundum
194 690 335 756 litteram
352 691 507 779 ejicimus,
525 706 560 756 ut
578 703 750 756 statuamus
770 689 870 786 legem
887 691 1067 756 secundum

72 800 188 888 spiritum.
201 801 376 866 Possumus
388 813 419 865 et
430 799 492 866 boc
503 801 598 866 modo
611 801 735 866 dicere:
751 801 928 889 Antequam
942 799 1062 864 veniret

70 908 183 975 burte
194 909 292 985 coeio,
304 921 338 974 et
349 921 529 974 nasceretur
544 909 639 979 bomo
654 895 803 984 cneiestis,
816 930 941 974 eramus
953 929 1066 972 omnes

72 1023 163 1096 teneri,
185 1033 218 1088 ct
242 1021 447 1110 portabamus
473 1020 639 1108 imaginem
666 1019 799 1092 terreni;
826 1019 881 1083 sed
903 1018 958 1083 ubi
979 1016 1066 1082 venit

67 1129 136 1196 borno
151 1155 263 1205 novus,
282 1130 337 1217 qui
353 1128 526 1195 secuudum
544 1128 647 1194 Deum
666 1140 790 1194 creatus
810 1139 869 1203 est,
885 1125 1029 1215 ejicimus
1046 1149 1063 1188 a

62 1257 203 1330 conspectu
215 1241 289 1329 ejus
302 1251 420 1314 vetera,
434 1239 627 1326 deponentes
640 1249 778 1304 veterem
789 1235 964 1311 bominem,
976 1247 1009 1300 et
1020 1235 1065 1300 in-

61 1347 169 1414 duentes
181 1371 314 1422 novum,
332 1349 385 1436 qui
400 1347 576 1413 secundum
591 1348 774 1413 interiorem
788 1346 950 1411 bominem
969 1368 1063 1410 reno-

66 1469 140 1520 vatur
155 1457 188 1521 de
206 1459 256 1522 die
277 1457 310 1521 iu
334 1457 427 1522 diem.
440 1457 501 1521 «Et
518 1478 634 1544 ponam
656 1454 892 1521 tabernaculum
909 1475 1014 1518 meum
1031 1453 1063 1516 in

69 1568 192 1631 svobisb
206 1598 216 1629 ι
231 1567 262 1632 Si
276 1569 348 1634 haec
364 1567 515 1631 babemus
531 1567 562 1631 iu
578 1566 668 1630 nobis
682 1589 752 1653 quae
767 1588 860 1653 supra
876 1564 959 1629 dicta
975 1574 1061 1635 sunt,

67 1675 90 1738 si
103 1675 203 1764 abjecto
217 1691 322 1743 vetere
333 1676 461 1740 homine
477 1659 660 1740 innovatum
675 1687 723 1739 est
738 1697 794 1740 cor
807 1686 963 1747 nostrum,
977 1672 1062 1736 venit

71 1783 258 1865 educebam,
275 1799 309 1853 et
322 1786 446 1855 habitat
456 1785 489 1850 iu
504 1786 609 1861 nobis,
621 1787 674 1873 qui
690 1787 767 1850 dixit
781 1809 790 1849 τ
803 1812 815 1845 ι
827 1785 868 1849 Et
881 1807 997 1873 ponam
1013 1792 1062 1847 ta-

67 1897 270 1964 ·bemaculum
284 1919 393 1962 meum
405 1897 436 1960 iu
450 1896 549 1971 vobis,
563 1907 593 1960 et
606 1920 670 1960 uon
681 1895 914 1962 abominabitur
926 1917 980 1960 vos
996 1893 1060 1957 ani-

68 2029 129 2070 rma
143 2007 258 2073 mea².»
272 2007 342 2073 Non
355 2029 412 2071 nos
427 2005 661 2070 abominabitur
675 2006 777 2070 anima
793 2004 864 2077 Dei,
877 2004 901 2068 si
917 2004 1060 2068 observe-

65 2140 125 2180 mus
134 2141 167 2181 ea
177 2143 239 2204 quae
249 2119 358 2206 scripta
372 2127 455 2181 sunt.
470 2112 694 2190 Verumtamen
703 2113 796 2179 velim
808 2115 967 2201 requirere
983 2113 1059 2200 quid

71 2237 112 2288 est
127 2226 217 2290 anima
232 2227 295 2292 bet.
306 2225 539 2314 Numquidnam
556 2225 736 2314 putabimus
751 2225 823 2312 quia
843 2224 927 2288 Deus
943 2223 1058 2288 habeat

73 2335 193 2398 animam
203 2336 276 2400 sicut
284 2335 372 2402 bomo
382 2335 396 2400 i
405 2335 587 2401 Absurdum
599 2345 646 2399 est
657 2334 719 2398 boc
730 2333 845 2398 sentire
857 2331 897 2397 de
905 2332 982 2396 Deo.
991 2333 1060 2420 Ego

62 2454 156 2508 autem
165 2445 256 2511 audeo
265 2459 294 2511 et
302 2448 372 2512 dico
385 2446 456 2533 quia
465 2445 568 2508 anima
580 2442 638 2508 Dei
650 2441 793 2508 Cbristus
804 2453 861 2506 est.
873 2441 963 2506 Sicut
973 2442 1060 2506 enirn

58 2555 172 2620 verbum
183 2557 236 2621 Dei
249 2569 294 2622 est
306 2556 462 2628 Christus,
476 2563 507 2616 et
521 2553 670 2642 sapientia
682 2552 753 2624 Dei,
770 2562 802 2616 et
817 2553 914 2614 virtus
926 2551 999 2622 Dei;
1014 2552 1056 2614 ita

51 2677 77 2726 et
88 2667 181 2730 anima
196 2667 255 2733 Dei
270 2678 327 2731 est.
340 2667 381 2731 Et
399 2666 460 2731 hoc
476 2665 570 2730 modo
587 2665 715 2737 dicitur,
729 2663 801 2752 quia
815 2690 828 2723 ι
840 2685 903 2726 non
917 2685 969 2726 vos
985 2663 1058 2727 abo·

54 2775 226 2840 »minabitur
243 2776 350 2839 anima
365 2747 446 2849 mea,
466 2775 503 2837 id
517 2789 562 2838 eet
576 2767 689 2837 Filius
703 2795 804 2846 meus,
819 2773 874 2836 sed
887 2769 1058 2835 ambulabo

45 2885 134 2952 »iuter
151 2911 206 2952 vos
217 2886 244 2951 ⁸.
258 2913 270 2945 ι
285 2885 356 2950 Nou
371 2884 448 2948 mibi
463 2883 586 2949 videtur
601 2883 686 2971 quod
703 2882 765 2948 boc
780 2882 942 2969 promittat
956 2881 1054 2952 Deus,

44 2997 97 3083 quia
114 2998 145 3063 in
168 3011 260 3062 terra
275 2993 458 3060 Judaeorum
475 2991 690 3057 ambulaturus
710 2991 766 3063 sit;
785 2991 840 3055 scd
854 2990 930 3077 quia
944 2991 967 3055 si
987 2992 1057 3077 quis

45 3109 171 3172 memerit
190 3109 238 3173 ita
252 3105 325 3192 puri
343 3125 409 3167 esse
425 3101 529 3168 cordis
550 3112 584 3164 ut
595 3100 653 3164 Dei
666 3122 763 3188 capax
775 3100 826 3170 sit.
842 3100 872 3162 iu
885 3123 924 3163 eo
936 3121 968 3162 se
980 3099 1067 3171 dicit,

38 3216 181 3282 ambulare
195 3215 299 3280 Deus.
314 3213 376 3277 «Et
387 3234 440 3275 vos
452 3211 537 3275 eritis
550 3209 627 3276 mibi
638 3207 785 3298 populus,
794 3223 825 3273 et
834 3232 892 3298 ego
902 3209 1056 3275 Dominus

42 3325 129 3393 »bens
146 3337 275 3398 vester,
294 3322 348 3409 qui
368 3321 461 3385 eduxi
475 3344 530 3385 vos
546 3319 585 3384 de
603 3332 685 3383 terra
699 3317 838 3407 AEgypti,
857 3341 931 3384 cum
947 3319 1054 3384 essetis

38 3440 134 3513 secui,
154 3449 189 3502 st
201 3431 345 3500 contrivi
360 3431 470 3519 jugum
486 3426 602 3495 vinculi
619 3429 712 3494 vestri
726 3428 748 3492 ⁶.
760 3426 860 3494 »Vere
875 3403 984 3493 eduxit
997 3453 1054 3494 uos

33 3539 99 3608 bens
117 3545 158 3610 de
176 3543 285 3608 domo
300 3539 474 3610 servitutis:
494 3537 574 3602 servi
590 3537 675 3603 euim
695 3559 818 3602 eramus
835 3539 970 3624 peccati,
983 3539 1056 3624 quia
1112 3539 1119 3552 '

41 3657 146 3722 temnis
159 3654 222 3743 qui
236 3661 354 3740 peccat
365 3671 472 3714 servus
482 3659 529 3711 est
541 3646 663 3734 peccati
675 3645 684 3678 ⁶
696 3668 703 3708 :
717 3675 729 3706 r
743 3647 782 3709 Et
794 3646 940 3710 contrivit
952 3647 1058 3711 viucu-

32 3757 81 3829 ium
91 3767 154 3856 jugi
169 3762 295 3836 nostri,
302 3761 367 3849 jugi
379 3760 463 3847 quod
476 3759 667 3847 imposuerat
678 3781 770 3843 supra
784 3757 922 3822 ceruices
934 3768 1055 3821 nostras

56 3886 1050 3956 *tmnmur.—²1b.-¹1b.12.-⁶1b.12,13.-⁵toan.vm‚54.
1122 3887 1124 3894 ’
