2748 4596
230 231 271 307 tl,
678 252 820 294 unicurtis

232 372 324 438 snes¹
338 373 378 436 P»
396 372 436 436 Et
456 372 571 435 iterum
594 393 601 433 :
624 368 715 434 «Vos
735 383 842 436 autem
860 372 1073 460 potentiores,
1098 370 1261 437 imbecilli·

230 492 310 545 tates
330 479 528 544 infirmorum
547 477 698 542 sustineto
708 475 731 540 ².
748 505 760 536 ι
778 478 849 542 Hoc
867 501 943 565 ergo
961 479 1057 542 modo
1078 477 1171 543 Jesus
1190 501 1261 544 cum

234 588 368 652 ducibus
380 598 411 649 et
424 584 619 674 principibus
635 583 717 658 suis,
734 585 821 648 adest
835 584 872 649 iis
888 585 941 671 qui
958 608 1015 672 pro
1031 586 1161 650 nomine
1175 609 1230 650 suo
1246 611 1263 650 a

230 695 397 760 contrariis
412 693 583 758 virtutibus
602 703 837 779 oppugnantur,
860 705 893 757 et
911 716 975 757 uon
994 692 1096 758 solum
1116 692 1263 758 auxilium

229 801 404 890 praestatio
419 799 523 873 bello,
543 821 653 863 verum
670 811 702 862 et
717 798 864 886 producit
880 809 1005 887 tempus
1021 799 1103 876 diei,
1122 811 1155 864 et
1169 803 1264 888 spatia

228 907 309 974 lucis
327 905 486 996 protelans
502 906 673 970 adventurn
691 905 823 969 discutit
840 906 974 1002 noctis..

275 1011 428 1078 Volumus
441 1036 516 1100 ergo
528 1013 552 1075 si
565 1034 731 1100 possumus
744 1011 928 1088 ostendere,
942 1014 1103 1099 quomodo
1114 1014 1266 1080 Dominus
1357 1043 1358 1106 ᾗ

233 1134 341 1186 noster
356 1119 447 1184 lesus
459 1118 660 1208 protelaverit
676 1117 801 1194 lucem,
817 1131 850 1185 et
865 1121 1021 1206 majorem
1036 1120 1150 1186 fecerit
1165 1123 1265 1198 diem,
1357 1135 1358 1138 ’

232 1228 281 1294 vel
295 1252 353 1316 pro
369 1227 467 1292 salute
482 1227 667 1302 hominum,
684 1225 732 1291 vel
748 1250 806 1315 pro
822 1228 951 1292 interitu
965 1229 1201 1294 contrariarum
1214 1233 1268 1294 vir-

232 1348 345 1400 tutum.
365 1337 485 1422 Exque
497 1335 621 1398 advenit
638 1331 795 1410 Salvator,
814 1333 885 1398 finis
901 1346 969 1400 erat
986 1336 1050 1422 jaur
1067 1337 1193 1402 mundi.
1213 1339 1267 1402 lle

231 1443 326 1530 nique
345 1443 410 1529 ipse
430 1443 556 1506 dicebat
576 1467 583 1506 :
608 1441 861 1506 «Poenitentiam
880 1443 980 1530 agite,
1007 1445 1269 1532 appropinquavit

234 1551 339 1614 »enim
358 1572 490 1638 regnum
507 1548 693 1614 coelorum³.
711 1574 723 1608 a
742 1547 805 1613 Sed
823 1549 953 1614 retinuit
971 1563 1002 1614 et
1020 1553 1172 1639 repressit
1189 1553 1269 1618 diem

233 1655 529 1730 consummationis,
557 1665 588 1716 et
612 1654 720 1717 adesse
743 1653 917 1742 prohibuit.
939 1653 1057 1721 Videras
1076 1657 1166 1720 enim
1188 1659 1269 1723 Deus
1357 1677 1358 1680 ’

234 1765 326 1829 Pater
347 1762 479 1827 salutem
497 1761 638 1850 gentium
661 1784 719 1849 per
740 1762 846 1849 ipsum
869 1758 972 1844 solum
992 1787 1084 1851 posse
1106 1779 1268 1841 constare,
1357 1769 1358 1848 j

234 1871 311 1935 dicit
321 1872 361 1935 ad
372 1894 446 1935 eum
462 1894 469 1934 :
492 1898 503 1930 a
515 1870 590 1934 Pete
602 1893 619 1932 a
631 1891 682 1932 me
693 1917 701 1942 ,
714 1880 745 1932 et
758 1869 840 1962 dabo
853 1869 910 1934 tibi
926 1883 1034 1958 gentes
1049 1870 1271 1940 hereditatem
1357 1853 1358 1866 ,

232 1990 360 2053 atnam,
384 1991 415 2042 et
437 1977 665 2065 possessionem
688 1989 778 2040 tuam
803 1977 953 2041 terminos
973 1979 1100 2045 temae‘.
1123 2009 1136 2040 s
1163 1983 1271 2047 Donec

231 2109 306 2173 ergo
321 2097 451 2173 paterna
463 2081 646 2172 pollicitatio
660 2080 872 2169 compleatur,
885 2095 917 2147 et
929 2083 1078 2150 Ecclesiae
1089 2109 1130 2150 ex
1141 2089 1270 2154 diversis

233 2194 412 2258 nationibus
424 2201 585 2263 crescant,
598 2201 692 2275 atque
704 2188 839 2253 introeat
851 2202 917 2254 tota
929 2191 1070 2277 gentium
1081 2192 1270 2280 plenitudo,

237 2312 269 2364 ut
286 2313 362 2364 tune
381 2299 509 2362 demum
525 2296 627 2360 omnis
648 2293 743 2360 lsrael
760 2294 909 2372 salvetur,
933 2298 997 2362 dies
1019 2301 1226 2386 producitur,
1243 2317 1272 2368 et

234 2408 377 2474 differtur
392 2429 539 2479 occasus,
558 2425 617 2468 nec
636 2426 776 2489 unquam
795 2402 841 2468 sol
862 2405 1025 2470 occumbit
1043 2430 1051 2470 :
1069 2409 1128 2472 sed
1145 2433 1272 2499 semper

231 2517 382 2588 exoritur,
405 2514 481 2577 dum
499 2511 695 2575 credentium
712 2510 861 2605 cordibus
878 2511 923 2577 sol
945 2513 1074 2600 justitiae
1088 2513 1203 2583 lumen
1220 2543 1274 2584 vc-

232 2625 331 2690 ritatis
350 2620 493 2686 inluudit.
517 2619 599 2683 Cum
622 2641 695 2682 vero
717 2615 837 2705 repleta
857 2618 951 2684 suerit
968 2637 1118 2687 rnens'ura
1138 2627 1277 2691 creden·

235 2732 331 2804 tium,
348 2741 380 2794 ot
398 2728 534 2792 deterior
552 2726 616 2811 jum
633 2748 671 2790 ac
683 2725 811 2789 decolor
827 2739 901 2790 aetas
920 2725 1039 2793 ultimae
1055 2736 1275 2816 generationis

234 2839 413 2912 advenerit,
434 2859 507 2901 cum
527 2834 721 2898 increscente
742 2833 906 2919 iniquitate
928 2833 1109 2922 refrigescet
1129 2839 1279 2906 charitas

233 2947 405 3012 multorum
417 2993 425 3018 ,
438 2955 470 3007 et
480 2940 629 3029 perpauci
641 2940 847 3006 remanserint
861 2940 894 3004 iu
906 2941 1020 3027 quibus
1032 2942 1112 3008 fides
1125 2945 1281 3013 invenia-

234 3067 299 3129 tur,
321 3065 396 3116 tuuc
413 3051 478 3137 jam
494 3048 762 3113 abbreviabuntur
779 3046 854 3111 dies.
873 3047 962 3112 ldsm
977 3049 1072 3136 igitur
1089 3063 1188 3139 atque
1207 3057 1277 3143 ipse

232 3161 388 3228 Dominus
400 3157 505 3229 novit,
525 3166 556 3218 et
571 3153 739 3218 extendere
752 3153 835 3218 diem
854 3177 928 3219 cum
943 3154 1050 3220 salutis
1061 3170 1110 3222 est
1124 3172 1278 3250 tempus,

231 3283 264 3334 et
279 3267 422 3333 breviare
437 3265 540 3337 diem,
560 3285 632 3326 curu
650 3259 859 3326 tribulationis
875 3273 907 3326 et
920 3263 1106 3349 perditionis
1125 3282 1178 3332 est
1194 3283 1283 3335 tem-

233 3402 302 3467 pus.
321 3376 384 3441 Nos
403 3385 508 3438 tamen
527 3369 603 3433 dum
622 3368 775 3433 habemus
793 3367 897 3444 diem,
916 3379 949 3432 et
967 3370 1159 3456 producitur
1180 3379 1281 3442 nobis

234 3485 368 3575 spatium
390 3479 489 3554 lucis,
513 3477 590 3542 sicut
613 3476 644 3538 in
668 3475 716 3540 die
734 3477 850 3540 honeste
868 3477 1091 3553 ambutenast,
1118 3494 1153 3545 et
1183 3507 1286 3571 opor-a

233 3594 311 3660 lueis
327 3609 503 3678 operemur.

287 3757 296 3788 t
314 3748 419 3799 a'lhrss.
431 3763 461 3804 v,
479 3755 518 3800 14·
532 3770 558 3779 —
575 3743 727 3802 ²Ron1.xv,
742 3757 764 3791 1.
779 3739 903 3792 --hlatth
916 3759 956 3802 rr,
972 3757 1011 3808 17.
1023 3771 1055 3779 -
1068 3743 1148 3794 ΑΡῃῐ,
1159 3765 1190 3808 n,
1209 3749 1238 3798 Β,
1256 3775 1290 3786 .-

246 3845 338 3889 rtrum.
351 3854 418 3896 xrrr,
434 3833 472 3883 13.
