2644 4612
223 201 288 278 544
676 203 819 263 catonus

223 350 277 416 sed
293 347 396 435 decipi
409 369 442 412 se
457 342 623 436 patiuntur
635 370 651 413 a
662 343 798 420 talibus,
815 346 864 412 isti
878 345 982 412 talium
990 349 1083 437 partes
1095 349 1203 440 mlpiun

223 457 320 532 fient,
335 467 368 520 et
385 455 564 521 introibunt
578 477 654 549 cum
668 455 713 520 eis
728 455 759 519 in
777 453 922 524 inferiora
939 467 1032 522 terra.
1047 459 1104 547 lpsi
1116 473 1204 527 sunu

222 561 268 632 illi
286 565 318 630 in
336 561 453 652 quibus
472 563 648 630 secundum
660 561 865 652 Evangelium
877 563 983 652 vulpes
994 562 1053 630 istac
1064 589 1204 656 quassupn

224 671 490 748 memoravimus,
519 672 623 737 foveas
646 671 767 736 habere
787 669 947 747 dicuntur,
973 672 1004 738 in
1022 674 1121 761 quibus
1136 675 1205 742 Filius

228 779 367 848 hominis
384 803 448 846 non
463 779 558 845 habet
571 779 625 843 uhi
638 791 734 868 caput
748 801 843 844 suum
858 777 996 847 reclinet.
1011 779 1144 850 Herodem
1154 809 1206 874 quo

228 915 290 979 que
309 887 437 979 vulpem
456 887 656 954 nominatum
676 911 734 976 pro
753 883 855 955 salloci
878 887 1042 955 calliditate
1058 893 1204 960 credendum

227 1011 285 1065 est.
307 999 386 1065 Num
400 997 437 1061 de
455 995 589 1062 Samson
606 993 659 1083 qui
677 1007 836 1061 trecentas
852 995 959 1086 vulpes
975 997 1099 1086 cepisse,
1111 1011 1136 1064 et
1147 999 1206 1066 colli

151 1095 157 1110 ’
192 1105 199 1116 “
225 1129 312 1196 gasse
330 1129 387 1194 per
408 1104 542 1178 caudas,
564 1115 657 1191 atque
680 1103 875 1192 interjecisse
896 1103 1050 1194 lampades
1063 1107 1175 1174 ardentes
1185 1111 1203 1174 iu

224 1211 329 1278 medio
352 1209 547 1285 caudarum,
572 1221 666 1298 atque
682 1211 848 1276 immisisse
864 1232 923 1300 per
943 1235 1057 1278 messes
1070 1213 1202 1304 Allophyle

225 1344 296 1386 rum
306 1370 314 1395 ,
324 1330 357 1384 et
371 1319 549 1384 incendisse
565 1339 617 1383 cas
629 1339 705 1384 curn
721 1317 844 1407 stipulis
852 1332 885 1384 et
899 1319 1021 1386 olivetis
1032 1322 1199 1409 vineisqucno

222 1440 378 1503 moratur,
396 1425 486 1493 valde
503 1425 579 1492 milri
597 1425 733 1492 dillicilis
750 1427 859 1492 sormae
876 1427 974 1518 hujus
991 1427 1037 1494 vel
1050 1429 1196 1519 ligurau'le-

224 1550 278 1602 tur
301 1533 486 1625 explanatio.
505 1533 678 1602 Tentemus
694 1548 801 1601 tomen
821 1533 924 1624 aliqua
942 1559 982 1601 ex
997 1538 1044 1602 his
1063 1536 1195 1626 pulsarepru

225 1643 343 1712 viribus
356 1695 364 1720 ,
377 1657 409 1708 et
425 1667 598 1732 ponamus,
615 1644 697 1708 sicut
711 1631 863 1734 expositio
880 1657 990 1712 nostra
1004 1645 1037 1712 in
1052 1647 1192 1734 superinde

226 1754 386 1828 continet,
404 1749 512 1842 vulpes
529 1775 597 1817 esse
616 1749 758 1828 fallaces,
774 1775 1005 1842 perversosque
1025 1755 1143 1821 doctores.
1155 1755 1189 1818 llu

226 1867 380 1941 Samson,
392 1860 561 1952 quiveriet
574 1861 675 1929 lidelis
688 1865 855 1958 imaginem
868 1879 961 1934 tenet
972 1867 1184 1955 doctoris,npr'eus

224 1978 321 2041 verbo
337 1974 493 2050 veritatis,
507 1974 644 2040 caudam
657 1973 696 2040 ad
711 1975 844 2042 caudam
858 1957 1011 2069 colliget,
1025 1982 1057 2046 id
1070 1991 1116 2056 est,
1126 1977 1185 2040 slsu-

226 2095 331 2152 santes
344 2083 421 2158 sibi,
438 2093 470 2146 et
485 2081 609 2146 diversa
624 2107 641 2148 a
654 2107 686 2148 se
703 2085 839 2152 invicem
858 2089 1035 2157 sentientes
1051 2086 1189 2176 docensque

224 2191 383 2268 confutet,
400 2206 495 2284 utque
512 2217 551 2260 ex
573 2193 714 2284 ipsorum
730 2196 832 2262 verbis
849 2201 1081 2288 propositiones
1096 2199 1195 2268 collectio

222 2328 342 2394 nesque
358 2303 533 2400 accipiens,
547 2305 580 2369 in
596 2300 839 2394 Alloplrylorum
853 2318 996 2396 segetem
1013 2311 1107 2398 ignem
1118 2303 1196 2374 conclu-

222 2413 317 2494 sionis
334 2412 458 2480 emittat
474 2426 528 2490 ,et
543 2435 581 2478 cx
596 2411 731 2501 propriis
747 2437 857 2480 corum
873 2419 1068 2504 argumentis
1081 2437 1199 2484 omneseo

224 2554 297 2598 rum
321 2527 443 2592 fructus
463 2535 556 2612 atque
577 2521 681 2585 vineas
703 2533 735 2585 et
754 2518 867 2587 oliveta
885 2526 1033 2612 pessimae
1054 2521 1204 2615 genentiou'u

220 2638 381 2707 incendat.
400 2635 465 2702 Sed
479 2633 587 2720 etipse
600 2653 753 2699 numerus
769 2643 988 2700 trecentarum
1006 2633 1129 2722 vulpium
1141 2651 1206 2718 quet

223 2746 398 2835 semetipsis
417 2745 586 2809 diversaeet
604 2740 801 2805 dissonantes
820 2752 930 2816 erant,
948 2741 1099 2831 triplicem
1119 2739 1207 2805 lorum

221 2857 585 2944 indicuntpeccatorum.
600 2847 705 2913 Omne
717 2849 801 2913 enim
813 2862 986 2937 peccatum
995 2864 1048 2917 aut
1056 2853 1084 2916 in
1092 2851 1209 2921 facto,aut

223 2968 256 3032 in
268 2968 384 3040 verbo,
400 2961 497 3028 autin
509 2979 667 3024 consensu
678 2958 791 3022 mentis
804 2957 994 3024 admittitur.
1003 2957 1111 3025 Verum
1121 2982 1151 3024 ne
1160 2953 1211 3020 illud

223 3073 352 3162 quidem
362 3070 446 3158 quod
456 3068 488 3131 in
496 3064 724 3132 secundolibro
733 3065 840 3130 Esdrae
852 3067 1006 3156 scriptum
1016 3061 1212 3152 diximuspcu'·

223 3195 275 3248 tus
291 3175 500 3246 omittendum
515 3186 579 3239 est:
600 3173 654 3238 ubi
670 3196 744 3238 cum
761 3171 996 3241 aedificarentur
1011 3190 1109 3242 sancto
1121 3183 1213 3240 sancto

223 3296 299 3354 'rum
310 3337 319 3361 ,
332 3285 364 3351 id
378 3294 442 3357 est,
460 3304 536 3347 curn
551 3277 628 3344 fides
646 3277 764 3342 Christi
779 3290 811 3342 et
828 3291 1013 3346 sanctorum
1028 3283 1090 3369 ojus
1104 3275 1214 3368 mysteria

232 3395 456 3464 conderentur,
474 3386 592 3452 inimici
609 3382 763 3460 veritatis,
780 3383 916 3475 fideique
932 3388 1093 3464 contrarii,
1107 3389 1152 3477 qui
1164 3395 1215 3452 suut

230 3505 384 3595 sapientes
396 3497 493 3584 hujus
509 3490 631 3569 saecuti,
648 3492 787 3558 videntes
806 3493 920 3582 absque
936 3507 1003 3561 arte
1014 3496 1217 3588 grammaticaet

139 3636 161 3658 ·
222 3603 558 3702 peritiaphilosophica
571 3653 579 3678 ,
591 3626 781 3692 consurgere
790 3605 1216 3696 murosEvangelii,selutcun

221 3717 513 3806 irrisionequadam
521 3711 785 3802 dicuntpersacile
792 3713 853 3779 hoc
861 3736 950 3801 posse
959 3715 1074 3782 destrui
1082 3713 1215 3782 calliditate

220 3853 409 3896 sermonum
425 3849 482 3916 per
492 3836 607 3890 astutas
623 3820 799 3887 fulluciaset
812 3837 993 3910 argumenta
1003 3821 1218 3892 dialecticallaet
