2660 4610
122 303 129 312 .
171 251 235 324 412
615 269 764 315 „rrarosnrs

169 521 271 548 mam
275 521 1015 550 mmwsssmmummmwmsfflmwmmw
1020 519 1226 546 mmmm

421 743 589 826 LIBER
620 740 942 827 SECUNDUS.

572 1007 800 1018 -ρ-οα-

224 1207 358 1271 «Fusci
381 1229 451 1271 sum
472 1216 503 1268 et
520 1204 657 1269 formosa
677 1203 750 1268 filias
770 1202 987 1278 Hierusalem,
1011 1215 1050 1266 ut
1075 1203 1222 1267 taberna-

174 1311 266 1378 »cula
285 1313 408 1388 Cedar,
426 1325 461 1376 ut
476 1311 572 1401 pelles
590 1309 797 1377 Salomonis¹.
816 1313 875 1376 »ln
894 1309 964 1377 aliis
983 1309 1220 1398 exemplaribus
1323 1387 1325 1394 ‚

172 1419 306 1509 legimus
325 1444 358 1483 :a
375 1420 468 1508 Nigra
485 1443 555 1485 sum
571 1431 603 1484 ct
618 1420 765 1486 formosa.
786 1420 933 1487 »Rursus
953 1421 986 1483 in
1005 1417 1077 1483 hoc
1094 1441 1216 1506 persona
1324 1471 1325 1484 .

172 1552 295 1617 sponsae
306 1527 462 1616 loquentis
478 1527 710 1594 introducitur:
725 1527 882 1616 loquentis
895 1540 1004 1592 autem
1022 1549 1097 1591 non
1110 1526 1149 1591 ad
1159 1524 1215 1590 illas

173 1632 440 1706 adolescentulas,
458 1657 526 1721 quae
547 1657 620 1699 cum
638 1634 704 1722 ipsa
723 1639 851 1698 c'urrere
867 1631 989 1708 solent,
1010 1633 1072 1696 sed
1091 1632 1133 1697 ad
1147 1630 1212 1695 lilirs
1324 1637 1325 1646 ’

172 1739 386 1817 Hierusalem,
401 1741 514 1828 quibus
530 1757 680 1828 tanquam
693 1741 742 1807 his
758 1763 827 1828 quae
843 1740 1076 1829 derogaverint
1095 1739 1208 1804 freditati

171 1849 259 1937 ejus,
274 1848 465 1936 respondere
477 1848 613 1924 videtur,
626 1861 658 1913 et
671 1850 777 1914 dicere
789 1873 796 1914 :
808 1849 909 1914 Fusca
921 1849 1062 1936 quidem
1076 1873 1152 1922 sum,
1161 1843 1199 1909 rel

172 1957 260 2044 nigra
277 1967 431 2043 quantum
449 1957 488 2022 ad
506 1955 646 2022 colorem
662 1969 800 2045 spectat,
818 1955 889 2020 filia
904 1955 1129 2020 Hierusalem:
1143 1955 1193 2018 lor·

170 2085 259 2129 mosa
275 2064 391 2128 verosi
411 2065 480 2151 quis
501 2065 623 2130 interna
644 2067 865 2130 membrorum
882 2062 1084 2130 lineamenta
1099 2063 1199 2152 perspi

63 2249 68 2264 .
172 2170 246 2234 ciat.
262 2171 342 2236 Nam
357 2184 389 2235 et
405 2173 625 2248 tabernacula,
639 2173 758 2260 inquit,
772 2172 894 2248 Cedar,
907 2195 979 2259 quae
994 2185 1048 2236 est
1063 2195 1141 2261 gens
1155 2194 1205 2235 na·

173 2300 252 2366 gna,
270 2279 357 2366 nigra
374 2291 466 2355 sunt,
483 2293 515 2343 et
531 2280 597 2368 ipsa
613 2303 688 2369 gens
706 2279 809 2344 cedar
824 2279 954 2367 nigredo
973 2277 1025 2343 vel
1043 2278 1210 2344 obscuritas

172 2387 408 2476 interpretatur.
429 2389 493 2453 Sed
508 2401 540 2453 et
559 2388 658 2477 pelles
675 2387 852 2453 Salomonis
871 2388 968 2476 nigrae
985 2400 1083 2462 sunt,
1101 2410 1159 2452 nec
1174 2399 1212 2450 ta-

172 2519 247 2561 men
268 2498 310 2561 ob
331 2496 394 2561 hoc
408 2507 496 2563 tanto
517 2496 581 2585 regi
599 2497 732 2561 inomni
750 2493 849 2584 gloria
866 2519 922 2560 sua
938 2494 1075 2585 pellium
1093 2496 1158 2560 visa
1173 2507 1214 2559 est

172 2603 322 2670 indecora
332 2604 473 2692 nigredo.
486 2605 556 2671 Non
568 2628 644 2694 ergo
656 2603 752 2680 mihi,
765 2602 865 2668 osdiae
873 2603 1095 2678 Hierusalem,
1109 2626 1215 2690 expro-

173 2710 421 2800 bretisculpum
443 2711 577 2788 coloris,
601 2735 673 2779 cum
697 2712 761 2777 sive
781 2710 952 2787 naturalis,
976 2711 1042 2776 sire
1065 2711 1214 2775 exercitio

174 2820 304 2908 quaesita
320 2820 445 2908 corpori
460 2818 664 2908 pulchritudo
681 2843 746 2884 non
763 2819 854 2884 desit.
870 2819 944 2885 Haec
962 2819 1109 2885 continet
1124 2819 1214 2884 histo

173 2929 276 2994 ricum
296 2928 425 3003 drama,
441 2939 473 2991 et
492 2929 660 3016 propositae
681 2925 795 2993 fabulae
816 2921 945 3016 species.
965 2927 1031 2992 Sed
1050 2928 1215 2992 redeamus

174 3036 213 3100 ad
229 3037 372 3101 ordinem
388 3036 569 3124 mysticum.

218 3143 292 3208 llaec
314 3169 426 3232 sponsa
442 3165 512 3229 qnae
534 3143 694 3232 loquitur,
712 3141 861 3209 Ecclesiae
883 3167 1053 3231 personam
1072 3156 1213 3208 tenetes

174 3250 321 3338 gentibus
346 3264 552 3341 congregatae.
580 3251 666 3318 Filiae
694 3274 767 3316 vero
793 3251 989 3316 Hierusalem
1017 3251 1057 3317 ad
1083 3276 1161 3340 quas
1187 3253 1213 3316 ei
1313 3254 1315 3332 j

170 3357 280 3422 ¹sermo
302 3369 372 3432 est,
395 3358 455 3424 illae
478 3372 551 3425 sunt
573 3361 685 3425 animae
707 3381 778 3446 quae
800 3372 929 3448 propter
951 3358 1142 3426 electionem
1162 3383 1218 3448 pa«
1310 3333 1314 3453 ι’

174 3478 261 3530 trum
283 3465 475 3533 charissimas
497 3468 626 3556 quidem
643 3469 813 3544 dicuntur,
834 3469 970 3534 inimica
993 3481 1100 3534 autem
1118 3492 1215 3557 prop·
1310 3474 1316 3571 *¹

173 3588 222 3639 ter
244 3574 458 3664 Evangelium.
485 3579 555 3642 lstae
579 3589 652 3642 sunt
674 3575 745 3641 siliae
768 3575 964 3642 Hierusalem
987 3577 1122 3643 civitatis
1149 3588 1213 3641 ter-

173 3707 274 3760 renae,
297 3708 367 3772 quae
389 3685 531 3752 videntes
555 3685 721 3780 ecclesiam
743 3687 968 3774 exgentibus,
993 3689 1135 3775 quamvis
1154 3709 1212 3774 pro

173 3815 212 3857 eo
228 3791 418 3880 ignobilem,
431 3795 516 3883 quod
531 3797 774 3884 generositatem
789 3795 849 3860 sihi
862 3795 1042 3870 Abraham,
1056 3807 1087 3860 et
1102 3794 1209 3868 lsaac,
1310 3784 1313 3845 5

212 3922 221 3954 ¹
235 3925 307 3976 Cant.
318 3944 343 3989 1,
355 3924 377 3976 5.
