2644 4612
322 307 354 352 ru
379 307 540 350 caurrcuu
564 307 768 354 cuurruonuu
790 313 851 354 nra.
879 314 924 356 111.
1076 298 1138 363 515

105 443 213 498 autem
227 428 365 494 rationes
378 449 444 494 non
461 424 563 494 solum
578 429 611 494 in
627 432 779 496 creaturis
796 434 943 499 omnibus
959 435 1138 516 habentur,

108 539 163 604 sed
173 549 207 602 et
218 536 381 624 Scriptura
389 535 492 602 divina
503 534 559 604 tali
570 538 707 624 quadam
720 540 879 628 sapientiae
888 553 954 608 sate
962 548 1139 638 conscripta

108 658 166 713 est.
183 646 317 733 Propter
327 643 471 730 quaedam
484 666 621 732 namque
637 645 778 723 occulta,
791 661 824 713 et
833 651 968 738 mystica
978 653 1145 724 visibiliter

110 752 244 844 populus
267 751 414 818 educitur
430 752 470 818 de
486 751 626 842 AEgypto
639 753 698 820 ista
717 766 861 834 terrena,
881 769 914 822 et
930 759 991 825 iter
1005 763 1068 851 agit
1085 789 1143 852 per

111 865 288 937 desertum,
307 860 361 927 ubi
378 883 506 949 serpens
518 873 587 928 erat
600 862 768 940 mordens,
784 876 815 929 et
830 867 988 955 scorpius,
1005 882 1038 935 et
1052 873 1139 950 sitis,

110 971 163 1036 ubi
173 993 238 1034 non
257 980 350 1033 erant
364 990 470 1056 aquae,
483 979 515 1033 et
527 981 642 1035 cetera
655 993 725 1058 quau
739 972 772 1036 in
790 970 839 1036 bis
849 986 935 1062 gesta
947 977 1136 1048 reseruntur.

108 1079 187 1158 Quae
206 1077 313 1142 omnia
336 1074 394 1162 (ut
409 1075 563 1166 diximus)
579 1076 778 1154 occultorum
793 1079 1012 1167 quorumdam
1024 1087 1141 1159 formas

107 1198 140 1252 et
154 1185 306 1274 imagines
326 1195 444 1249 tenent.
465 1185 505 1249 Et
521 1184 584 1252 boe
599 1187 710 1252 nonin
724 1186 896 1276 Scripturis
914 1203 1039 1261 tantum
1053 1211 1142 1266 vete-

110 1317 201 1371 rum,
219 1293 277 1358 sed
287 1303 321 1356 et
336 1293 369 1357 iu
385 1292 480 1381 gestis
494 1292 622 1359 Domini
633 1324 646 1370 ‚¹
660 1305 692 1359 et
711 1293 873 1362 salvatoris
889 1302 1008 1378 nostri,
1024 1327 1094 1393 quae
1108 1308 1142 1375 in

109 1399 276 1490 evangeliis
291 1399 472 1478 referuntur
483 1399 633 1466 invenies.
648 1401 749 1490 lgitur
758 1403 783 1468 si
799 1405 905 1470 omnia
920 1429 991 1495 quae
1002 1410 1035 1476 in
1046 1417 1147 1482 mani-

109 1511 189 1576 festo
208 1520 303 1585 sunt,
323 1509 499 1575 secundum
515 1533 639 1598 eaquae
659 1512 802 1601 superius
826 1516 1148 1603 approbavimus‚,ad

112 1619 214 1706 aliqua
225 1618 405 1682 referuntur
420 1639 490 1704 quse
504 1617 537 1682 in
549 1616 675 1683 occulto
691 1631 782 1695 sunt,
795 1643 991 1711 consequens
1003 1628 1070 1694 sine
1085 1629 1146 1696 du-

114 1728 166 1794 bio
186 1739 232 1792 est
251 1739 284 1792 ut
299 1749 411 1794 cervus
430 1726 489 1790 iste
507 1724 654 1803 visibilis,
672 1724 721 1794 vel
740 1751 854 1818 caprea
872 1755 942 1819 quar
964 1734 1145 1807 inCantico

114 1836 316 1902 Canticorum
325 1832 676 1900 scribitur¹secundum
685 1835 840 1902 rationem
848 1851 1144 1934 naturaesuaequam

108 1943 315 2032 corporaliter
332 1954 464 2034 gerunt,
486 1941 663 2009 referantur
677 1943 718 2009 ad
733 1942 851 2033 aliquas
867 1971 976 2016 rerum
990 1950 1143 2045 incorpo-

107 2049 223 2116 ralium
233 2073 360 2124 causas,
373 2062 408 2113 ut
423 2047 483 2114 illis
500 2048 633 2116 occultis
647 2062 680 2114 et
697 2051 904 2120 invisibilibus
920 2060 1020 2126 cervis
1032 2063 1142 2130 videa-

107 2173 161 2225 tur
175 2183 267 2248 posse
283 2159 452 2224 convenire
466 2159 553 2245 quod
566 2158 688 2224 dictum
703 2171 751 2224 est
769 2184 777 2224 τ
799 2162 893 2230 «vox
907 2165 1035 2236 Domini
1046 2175 1145 2262 perfi-

107 2269 242 2335 aeientis
257 2264 394 2332 cervos².
418 2293 431 2326 a
453 2266 533 2345 Quas
547 2265 633 2330 enim
647 2265 799 2354 perfectio
817 2292 855 2334 ex
871 2293 948 2338 voce
963 2276 1091 2347 Domini
1104 2286 1145 2351 sit

107 2379 174 2444 istis
185 2374 360 2443 visibilibus
371 2372 495 2440 cervis?
510 2371 574 2440 Aut
588 2397 658 2460 quae
671 2374 711 2440 ad
725 2398 780 2440 eos
795 2376 939 2447 doctrina
952 2393 1092 2475 unquam
1105 2415 1144 2459 ox

107 2485 235 2553 Domini
250 2505 328 2550 voce
340 2480 525 2548 descendit?
537 2481 652 2548 sivero
664 2481 817 2571 spiritales
830 2507 938 2554 cervos
950 2515 1141 2579 quaeramus,

106 2617 245 2684 quorum
259 2593 397 2658 sormam
412 2603 445 2656 et
455 2589 626 2679 imaginem
637 2589 724 2656 ¹tenet
735 2589 815 2657 illud
828 2595 944 2663 animal
960 2606 1140 2691 corporale,

106 2702 177 2770 illos
193 2701 332 2768 invenias
339 2699 382 2767 ad
392 2719 550 2764 summam
561 2697 762 2787 perfectionis
773 2721 812 2764 ex
823 2723 902 2768 voce
912 2704 1039 2774 Domini
1050 2736 1142 2801 possa

105 2811 247 2903 perduci.
272 2810 336 2876 Sed
349 2819 381 2874 et
397 2829 533 2894 quorum
555 2827 723 2872 cervorum
740 2808 915 2877 Dominum
937 2837 1060 2885 servare
1083 2822 1133 2889 de

106 2921 207 2988 cuerit
226 2930 352 3008 partus,
368 2928 400 2981 et
415 2913 502 2981 velut
522 2915 670 2980 medendi
690 2913 792 2982 officia
810 2919 1007 3006 prebentem
1026 2942 1137 3016 partu-

103 3030 259 3096 rientibus
271 3037 373 3093 astare
385 3023 587 3098 convenerit,
601 3023 702 3089 donec
717 3039 865 3113 parerent
877 3027 958 3096 lilios
973 3031 1064 3114 tales,
1084 3045 1138 3130 qui

104 3139 359 3209 adversarentur,
375 3144 407 3197 et
418 3143 684 3221 persequerentur
698 3134 892 3221 serpentium
906 3161 1022 3227 genus,
1040 3159 1075 3211 ut
1090 3150 1141 3216 di·
1169 3219 1171 3227 ‚

103 3269 204 3336 gnum
214 3255 262 3311 est
272 3244 376 3309 divina
387 3242 570 3331 majestate,
580 3240 735 3307 debemus
747 3242 910 3312 advertere
925 3250 1064 3338 qualium
1073 3281 1140 3325 cer.

104 3376 219 3420 vorum
240 3352 343 3419 Deum
362 3351 455 3450 decet
472 3371 596 3416 servare
611 3361 745 3438 pertus,
767 3373 808 3417 ne
828 3352 861 3420 in
879 3355 1027 3429 aborsum
1051 3363 1139 3434 deci-

104 3449 209 3530 dant:
226 3463 280 3528 sad
298 3473 330 3526 et
347 3447 471 3525 menses
492 3481 604 3524 eorum
627 3473 795 3526 numerare
811 3460 920 3550 plenos
935 3468 976 3533 ad
991 3483 1136 3557 partum,

98 3581 277 3656 eorumque
291 3565 415 3636 labores
430 3574 462 3628 et
473 3553 597 3652 dolores
610 3563 786 3641 custodire,
800 3578 835 3632 ut
848 3574 1065 3658 generationes
1079 3602 1137 3646 eo-

96 3700 175 3742 rum
186 3699 251 3742 non
267 3672 401 3740 cadant
392 3695 425 3737 rn
441 3693 577 3746 vanum,
593 3646 649 3736 sed
659 3683 695 3736 ut
712 3673 850 3761 perfecta
869 3677 910 3742 ait
924 3701 1035 3748 eorum
1050 3691 1134 3756 nati-

96 3785 193 3859 vitas,
206 3795 238 3847 et
250 3781 370 3848 tamdiu
393 3779 570 3870 parturiant
582 3778 686 3846 donec
700 3779 856 3850 formetur
871 3785 1039 3856 Christus
1029 3815 1062 3861 rn
1078 3798 1132 3868 eis.

137 3918 213 3969 ¹Can
217 3935 278 3970 r.1.1
289 3913 438 3968 --²l'aalm¹
448 3931 570 3980 xxsxwp
