2604 4614
274 277 305 320 nv
332 251 493 322 carvmcuu
517 271 720 323 cartmcoauu
743 281 816 325 nou.
845 281 878 324 n.
1030 259 1093 340 345

60 400 169 464 umbra
188 398 321 474 mortis,
344 399 383 465 ad
406 399 552 475 umbram
572 401 652 466 vitae.
676 401 809 490 Semper
825 403 1001 469 istiusmodi
1022 415 1096 470 suut

60 507 238 595 profectus,
260 519 294 570 ut
312 507 346 572 in
365 508 495 573 exordio
510 509 667 575 desideret
685 511 839 598 quispiam
856 509 968 578 saltem
983 513 1016 577 in
1032 514 1096 578 vir-

62 627 162 680 tutum
176 617 292 680 umbra
309 617 491 684 consistere.
510 619 576 706 Ego
588 629 666 706 puto
683 618 754 684 ideo
768 630 800 683 et
812 621 1008 686 nativitatem
1019 619 1096 686 Jesu
1212 689 1215 696 ,

62 725 105 788 ab
122 725 229 788 umbra
249 724 402 812 coepisse,
422 736 455 789 et
473 748 538 791 non
554 725 587 790 in
607 727 740 802 umbra,
757 727 812 792 sed
830 727 862 792 in
877 729 1007 794 veritate
1022 727 1096 792 fini-

1 859 2 874 *
64 842 129 896 tam
147 856 156 896 ε
177 861 189 892 ι
205 831 358 919 Spiritus,
381 832 494 919 inquit,
516 846 643 900 sanctus
659 835 761 900 veniet
777 835 810 900 iu
822 847 872 911 te,
888 846 922 900 et
935 836 1034 902 virtus
1050 835 1098 900 al-

1 973 2 976 =
65 940 192 1004 »tissimi
215 940 424 1006 obumbrabit
443 943 502 1014 tibi
516 941 539 1007 ¹.
564 969 577 1002 ι
603 942 753 1009 Nativitas
777 943 894 1008 Christi
917 945 962 1016 ah
984 945 1097 1009 umbre

60 1048 192 1136 sumpsit
205 1048 372 1114 exordium
392 1073 400 1114 :
418 1073 482 1115 non
502 1050 604 1117 solum
625 1063 731 1117 autem
754 1052 786 1116 in
811 1051 905 1117 Maria
925 1053 963 1116 ab
986 1053 1097 1116 umbre

1 1191 2 1206 a
58 1139 127 1243 ejus
147 1156 292 1221 nativitas
309 1159 427 1245 coepit,
447 1159 502 1223 sed
523 1171 556 1223 et
575 1159 607 1224 in
626 1172 657 1224 te
679 1160 703 1223 si
721 1159 833 1247 dignus
851 1158 943 1224 lucris
958 1160 1099 1225 nascitur

0 1288 1 1295 ¹
60 1287 163 1330 sermo
185 1266 254 1331 llei.
281 1265 346 1332 Fae
369 1266 465 1354 igitur
483 1279 519 1332 ut
537 1270 636 1356 possis
653 1291 769 1356 capere
790 1269 935 1334 umbram
954 1269 1044 1354 ejus,
1067 1276 1099 1333 et

65 1396 139 1440 cum
154 1375 265 1438 umbra
281 1372 377 1438 fueris
391 1373 505 1463 dignus
520 1375 671 1452 effeetus,
688 1377 792 1442 veniet
809 1377 849 1442 ad
861 1389 895 1441 te
920 1377 975 1462 (ut
990 1375 1033 1441 ita
1050 1376 1098 1440 di-

1 1515 2 1524 *
68 1483 155 1566 eam)
171 1503 287 1569 corpus
301 1482 388 1569 ejus,
402 1505 441 1546 ex
451 1505 517 1571 quo
531 1485 642 1550 umbra
658 1485 808 1550 nascitur.
828 1485 908 1550 Nam
924 1483 957 1548 in
971 1483 1099 1550 modico

69 1582 182 1659 tidelis,
198 1596 231 1648 ot
242 1586 275 1649 in
288 1587 462 1674 majoribus
477 1588 536 1652 erit
552 1587 663 1656 fidelis.
684 1615 696 1646 v
711 1590 747 1653 ln
765 1590 879 1654 umbra
894 1589 963 1676 ejus
978 1607 1099 1654 coucu—

68 1692 147 1779 »pivi
158 1704 190 1757 et
200 1693 268 1757 sedi
277 1692 299 1757 ².
316 1721 329 1752 s
348 1693 443 1762 Vides
454 1697 527 1782 quia
540 1720 604 1760 non
616 1719 741 1784 semper
752 1697 785 1763 in
798 1698 911 1762 umbra
924 1696 1027 1771 stetit,
1044 1697 1099 1784 sed

66 1799 135 1864 inde
150 1801 191 1866 nd
206 1800 337 1868 meliora
353 1803 531 1879 transierit,
548 1803 657 1869 dicens
673 1828 681 1868 :
704 1806 768 1870 «Et
781 1804 900 1870 lructus
912 1805 981 1892 ejus
998 1801 1099 1870 dulcis

60 1907 115 1973 »in
129 1921 259 1998 gutture
275 1931 347 1974 meo
357 1909 380 1974 ⁸.
397 1937 409 1969 v
425 1911 509 1999 Ego,
525 1912 646 1999 inquit,
662 1911 836 1977 desideravi
853 1912 886 1978 in
902 1913 1015 1978 umbra
1031 1913 1100 1999 ejus

58 2018 259 2104 requiescere
272 2067 281 2093 .
296 2017 352 2083 sed
367 2031 534 2107 postquam
552 2043 603 2086 me
623 2042 678 2085 sua
694 2019 833 2108 protexit
852 2021 984 2096 umbra,
1004 2019 1099 2085 mium

59 2125 166 2190 [ructu
190 2124 273 2190 illius
289 2138 447 2196 saturatus
464 2149 555 2203 sum,
578 2140 610 2192 et
626 2127 748 2193 fructus
764 2129 833 2214 ejus
854 2126 955 2194 dulcis
975 2129 1008 2193 in
1026 2139 1101 2216 gut-

61 2245 134 2299 ture
146 2255 229 2302 meo,

111 2341 177 2406 Vll.
193 2342 386 2408 Introducite
399 2367 444 2408 me
456 2344 487 2408 ia
501 2343 619 2409 domum
632 2343 694 2408 sissi
703 2341 723 2407 ⁴.
740 2343 829 2408 Foris
842 2344 931 2408 stetit
947 2365 1099 2430 sponsus,

64 2465 100 2516 et
113 2453 151 2517 at
165 2475 278 2540 sponsa
292 2464 459 2541 susceptus
474 2465 531 2518 est.
550 2454 587 2518 ln
603 2452 709 2518 medio
730 2453 847 2540 quippe
867 2452 1002 2516 ubsrum
1018 2448 1100 2515 illius

57 2561 226 2648 requievit.
245 2561 399 2626 Proxime
413 2560 590 2650 juvenculae
605 2584 670 2626 non
684 2571 759 2626 sunt
772 2560 949 2626 istiusmodi
962 2571 997 2623 ut
1009 2581 1102 2646 spon·

55 2691 131 2734 sum
146 2667 307 2758 hospitem
320 2665 440 2735 habere
453 2681 645 2736 mereantur.
661 2666 854 2734 Multitudini
867 2668 944 2732 soris
959 2668 992 2732 in
1005 2690 1101 2754 para-

53 2775 140 2844 bolis
157 2775 310 2865 loquitur.
333 2779 438 2858 Quam
457 2801 567 2843 vereor
584 2801 625 2844 ne
642 2776 749 2843 multe
765 2773 1009 2843 adolescentule
1021 2773 1102 2840 lorte

53 2909 118 2951 nos
134 2886 246 2951 simus.
265 2884 457 2954 Introductis
467 2911 513 2951 me
524 2887 555 2951 in
569 2886 689 2951 domum
703 2886 776 2950 uini.
795 2886 861 2951 Cur
872 2899 940 2951 tam
957 2885 1010 2948 diu
1027 2883 1103 2948 loris

52 2995 203 3060 maneo?
221 2996 306 3061 Eece
321 3007 370 3060 sto
388 3007 460 3060 ante
479 2997 595 3061 ostium
614 3006 646 3060 et
665 2993 765 3082 pulso.
788 2993 821 3060 si
841 2993 909 3082 quis
929 2992 1006 3058 mihi
1026 3015 1103 3080 ape-

51 3107 183 3182 ruerit,
205 3106 365 3196 ingredier
379 3107 418 3172 ad
432 3129 527 3182 eum,
543 3119 577 3172 et
592 3107 726 3172 coenaho
742 3129 816 3172 cum
831 3129 888 3180 eo,
905 3115 937 3168 et
952 3106 1018 3193 ipse
1032 3125 1103 3168 mo-

51 3237 148 3281 cum.
171 3213 363 3280 Introductis
377 3239 433 3280 me.
455 3216 494 3280 lit
510 3238 596 3281 nuno
615 3214 726 3294 eadem
743 3215 820 3280 dicit
838 3236 942 3280 sermo
958 3212 1101 3288 divinus,

53 3347 139 3390 eece
154 3324 303 3389 Christus
320 3323 472 3412 loquitur,
489 3324 681 3390 introducite
699 3347 760 3389 me.
782 3323 880 3390 Vobis
899 3345 1025 3410 quoque
1041 3321 1104 3388 Ca-

54 3431 265 3498 techumeais
289 3430 462 3521 loquitur:
487 3431 684 3498 lntroducite
706 3453 769 3496 me.
796 3429 1013 3504 introducite,
1039 3451 1103 3493 non

46 3539 251 3629 simpliciter
266 3541 298 3605 in
314 3541 465 3616 domum,
481 3541 584 3606 sedin
599 3538 731 3604 domum
747 3538 829 3614 vini,
846 3535 1014 3626 impleatur
1031 3537 1103 3601 vino

43 3650 197 3724 laetitiae,
211 3650 286 3714 vino
298 3649 433 3738 Spiritus
445 3649 544 3721 sancti
557 3649 661 3714 anima
674 3659 794 3720 vestra,
807 3658 838 3710 et
855 3647 900 3712 sic
912 3643 1103 3710 introducite

39 3761 82 3826 in
102 3758 246 3824 domum
264 3769 398 3824 vestram
410 3781 579 3846 sponsum,
601 3759 748 3831 verbum
765 3754 970 3844 sapientiam,
989 3751 1104 3816 verita·

87 3898 97 3930 ¹
111 3899 184 3950 Luc.
199 3917 208 3946 1
220 3937 227 3961 ‚
239 3897 281 3949 35.
295 3928 325 3936 -
337 3904 347 3937 ²
358 3902 428 3948 (hut.
440 3918 475 3961 n,
489 3897 512 3948 3.
527 3925 553 3934 -·-
566 3897 652 3976 ²llud.
664 3925 693 3934 α·
707 3895 792 3946 llbid.
808 3901 831 3957 4.
