2744 4624
237 227 277 302 ds
681 247 825 292 oummus

239 391 251 424 s
267 379 297 427 ot
309 365 391 429 sicot
402 387 496 429 oreno
511 365 643 441 marisn
653 376 686 430 et
699 366 785 454 prius
800 365 903 429 suerat
918 367 1167 454 pronuntiatum.
1183 367 1272 458 Quid

238 492 314 558 ergo
326 483 374 536 est
386 495 471 538 nunc
483 470 617 559 emplius
633 473 717 560 quod
730 473 870 539 secundo
883 472 1037 540 clametur
1052 473 1272 563 ecoeioi’quid

239 580 312 645 novi
330 581 486 645 veteribus
502 581 796 668 repromissionibus
808 581 957 648 additur?
970 582 1055 661 Quid
1068 582 1136 669 plus
1149 583 1273 671 praemii

239 687 384 753 daturin
406 713 444 754 eo
466 690 552 777 quod
573 690 677 755 dicit:
697 719 709 748 s
728 689 896 778 Propterea
913 689 1000 776 quod
1020 690 1120 755 fecisti
1138 691 1272 755 verbum

240 826 253 859 ι
270 797 371 874 hoc,»
388 800 496 878 idest,
513 814 677 892 propterea
699 801 785 890 quod
809 799 909 866 filium
933 799 1087 873 obtulisti.
1104 811 1271 887 propterea

240 907 326 994 quod
340 931 404 972 non
420 909 588 996 pepercisti
613 909 707 974 unico
729 906 794 972 filio
819 907 897 972 tuoi'
921 905 996 971 nihil
1019 905 1104 972 eiiud
1126 908 1272 972 additum

239 1017 343 1094 rideo,
367 1019 478 1087 eodem
503 1029 689 1106 repetuntur
716 1042 786 1106 quse
807 1019 894 1110 prius
912 1003 1042 1095 ¹sperent
1070 1019 1268 1104 repromisse.

238 1127 322 1216 Ergo
338 1127 535 1216 superfluum
552 1128 709 1195 videbitur
726 1129 838 1198 eedem
860 1128 973 1215 sepius
996 1127 1183 1196 retr-actarii
1207 1127 1273 1194 imo

238 1237 461 1305 necessarium.
480 1235 517 1304 in
532 1237 737 1304 sacrementis
753 1237 840 1304 enim
856 1235 938 1304 liunt
955 1247 1069 1306 cuneta
1090 1258 1160 1322 quae
1175 1233 1269 1302 fiunt.

238 1344 400 1414 Abrohom
421 1346 591 1414 sitantum
613 1347 789 1415 secuudum
810 1369 938 1414 cerneus
959 1345 1094 1420 vixisset,
1122 1357 1155 1412 et
1179 1345 1273 1411 unius

239 1452 348 1542 populi
372 1477 466 1541 quem
488 1456 665 1524 secundum
688 1479 816 1523 carnem
831 1455 941 1544 genuit
962 1466 1052 1542 pater
1066 1453 1186 1528 suisset,
1210 1477 1272 1521 uus

240 1559 400 1628 sufficeret
411 1563 622 1650 repromissio.
641 1563 735 1632 Nunc
752 1587 825 1628 vero
843 1575 877 1627 ut
892 1562 1072 1630 ostenderet
1083 1584 1156 1630 eum
1169 1563 1271 1650 primo

239 1683 361 1759 patrem
378 1670 522 1740 futurum
538 1695 649 1742 eorum
665 1673 718 1759 qui
738 1673 915 1742 secuudum
931 1693 1060 1740 curnem
1076 1670 1268 1738 circumcisi

239 1791 325 1856 sunt,
337 1779 587 1848 circumcisionis
599 1803 663 1850 sues
676 1795 818 1870 tempore
833 1779 927 1848 datur
940 1779 971 1844 ei
987 1778 1184 1866 repromissio
1199 1799 1267 1864 que

238 1887 278 1957 ud
290 1886 443 1976 populum
455 1890 703 1960 circumcisionis
715 1892 873 1980 pertinere
886 1889 1027 1958 deberet.
1040 1888 1269 1976 secundoque

239 2007 329 2082 poter
339 2009 422 2062 esset
434 1997 559 2064 futurus
570 1997 666 2067 etium
679 2023 791 2070 eorum
802 1999 856 2086 qui
872 2021 911 2070 es
927 1997 989 2069 fide
1006 2009 1092 2074 sunt,
1105 2008 1137 2062 et
1149 1995 1203 2082 qui
1215 2019 1272 2084 per

238 2106 417 2193 passionem
431 2106 547 2175 Christi
561 2109 692 2176 veniunt
706 2109 747 2177 sd
762 2109 992 2182 hoereditatem,
1005 2119 1148 2195 tempore
1160 2105 1273 2174 nihilo·

240 2213 346 2281 minus
367 2214 519 2304 passionis
535 2215 623 2282 issue
646 2217 812 2304 promissio
829 2228 1011 2291 renovetur,
1029 2239 1099 2303 que
1114 2214 1274 2304 pertinere

243 2321 357 2417 debest
383 2325 422 2393 nd
437 2347 511 2393 eum
526 2325 679 2415 populum
694 2328 747 2415 qni
767 2328 912 2416 passione
928 2326 1045 2394 Christi
1060 2349 1097 2393 sc
1117 2347 1273 2392 resumes·
1327 2375 1329 2380 .

241 2433 329 2500 tione
344 2433 491 2506 solvetur.
510 2439 551 2506 Iit
566 2439 677 2508 erdem
689 2439 817 2526 quidem
830 2437 929 2524 repeti
942 2436 1099 2509 videntur,
1113 2435 1168 2500 sed
1179 2433 1273 2521 longe

241 2543 364 2612 diversa
380 2558 463 2612 sunt.
481 2545 538 2614 ltta
549 2548 634 2618 enim
646 2571 715 2633 qum
727 2547 813 2633 prius
828 2546 911 2614 dicte
928 2555 1014 2617 suut,
1029 2554 1062 2608 et
1077 2543 1117 2606 od
1133 2543 1272 2629 priorem

242 2653 394 2740 populum
403 2654 575 2741 pertinent,
589 2655 724 2720 interris
736 2655 912 2721 dictasunt.
925 2650 1069 2720 Sicenim
1081 2651 1158 2716 dicit
1166 2651 1273 2737 Scrip-

241 2775 311 2830 turs
325 2785 332 2824 ε
348 2764 412 2832 «Es
421 2763 530 2831 eduxit
541 2787 615 2830 eum
627 2763 723 2839 foras,
736 2766 776 2828 de
786 2760 996 2828 miernueuio
1005 2759 1138 2831 seilicet,
1148 2769 1181 2824 et
1194 2757 1271 2820 dixit

241 2899 256 2934 s
272 2869 318 2938 eis
333 2869 466 2958 Respice
480 2871 585 2940 stelles
604 2871 688 2947 omli,
706 2873 730 2939 si
745 2870 938 2940 dinumerari
954 2879 1115 2956 possuuts
1132 2863 1273 2936 multitu-

129 2993 135 3003 ·
241 3005 254 3040 ι
271 2977 344 3046 diue
357 2978 379 3042 ¹.
396 3007 408 3040 r
424 2982 465 3048 Et
482 2979 619 3049 eddidit:
642 2980 721 3046 «Sic
734 2980 794 3049 erit
812 3001 919 3046 semen
931 2988 1033 3044 tuum.
1054 3005 1066 3040 s
1087 2976 1146 3042 Ubi
1164 2987 1271 3042 nutem

242 3087 383 3154 secundo
399 3090 553 3176 repetitur
567 3089 779 3176 repromissio.
795 3089 939 3176 designet
953 3087 1025 3174 quie
1041 3085 1166 3154 locutus
1180 3094 1228 3152 est
1242 3084 1271 3148 ei

241 3197 280 3262 de
293 3195 374 3263 coelo
383 3209 416 3265 et
427 3185 519 3266 detur
531 3198 696 3286 promissio
707 3199 747 3278 de
759 3207 842 3266 terro
853 3198 966 3284 primo,
978 3197 1114 3264 oecuude
1125 3194 1164 3263 de
1176 3191 1268 3261 ceto.

239 3305 353 3382 Nonne
369 3319 476 3396 aperte
491 3308 544 3378 hie
561 3307 639 3376 illud
652 3308 818 3395 designare
842 3307 977 3382 videtur,
1000 3304 1086 3394 quod
1102 3302 1272 3392 Apostolus

240 3410 317 3507 dicit
331 3439 339 3483 s
353 3415 499 3487 :Primus
512 3416 608 3486 homo
624 3417 664 3485 de
678 3427 762 3486 terra
779 3429 936 3492 terrenus,
953 3415 1112 3482 secundus
1126 3415 1220 3480 homo
1231 3411 1272 3476 de

143 3520 148 3530 '
240 3551 252 3590 r
268 3522 350 3591 eoelo
361 3523 539 3598 coelestis²i
553 3525 635 3596 »Iste
652 3547 728 3614 ergo
743 3527 922 3614 promissio,
938 3549 1008 3612 quse
1023 3525 1064 3590 ud
1079 3521 1205 3590 fidelem
1217 3543 1273 3608 po

242 3631 353 3722 pulum
364 3634 513 3721 pertinet,
525 3633 566 3700 de
577 3631 659 3702 coslo
670 3645 735 3708 ests
753 3632 803 3702 iilo
815 3635 855 3702 de
867 3649 960 3702 terre.
978 3635 1014 3702 In
1026 3633 1077 3704 itta
1090 3655 1193 3699 sermo
1206 3645 1273 3696 tun-

247 3739 413 3813 tummodo
429 3741 505 3814 suin
525 3742 577 3808 hic
596 3743 806 3830 interponitur
829 3743 1064 3834 jusjurandum,
1080 3741 1164 3830 quod
1181 3741 1277 3808 inter·

272 3871 282 3904 ¹
296 3870 364 3922 Gen,
377 3888 418 3930 xv,
433 3874 456 3921 5.
467 3871 512 3910 -’
531 3890 540 3920 ι
553 3871 611 3921 Gor.
628 3889 669 3932 xv,
683 3871 724 3936 47.
