2644 4612
324 265 356 308 ur
382 263 544 308 cuurrcuu
567 261 769 308 cenricouuu
792 261 852 304 uua.
880 260 920 302 rr.
1077 236 1143 324 '555

109 399 199 456 men,
215 381 248 446 id
262 395 331 458 est,
348 381 440 448 firma
456 395 488 448 ot
503 380 601 447 solida
620 379 736 446 Christi
753 379 909 469 dogmata.
932 379 1039 466 Ipsum
1057 402 1144 442 nam·

110 509 169 573 quo
184 511 251 554 esse
266 503 388 578 petram
411 490 525 556 Paulus
546 489 738 578 pronunciat
758 489 885 553 dicens:
904 487 1017 552 «Petra
1037 497 1142 582 autem

111 606 197 660 »erat
209 597 352 664 Christus
363 597 410 664 ’.ι
432 597 548 663 Christi
566 619 641 686 ergo
658 595 800 661 doctrina
816 605 848 660 et
862 594 926 660 lide
940 595 965 660 si
978 595 1145 682 obtegatur

110 701 215 768 anima
227 717 259 769 et
275 703 412 782 veletur,
429 717 500 771 tuto
515 716 620 794 potest
639 703 680 769 ad
696 702 774 768 illud
785 702 949 792 pervenire
959 715 1142 794 pometum,

112 809 163 873 uhi
179 811 314 878 revelata
329 813 408 879 faeie
419 812 552 902 gloriam
563 812 691 878 Domini
705 808 946 900 contempletur.
966 809 1078 874 Merito
1092 833 1145 874 au·

109 925 170 979 tem
183 915 329 985 velamen
347 920 430 985 istud
445 932 544 1008 petrae
560 931 666 984 tutum
685 917 840 993 creditur,
858 917 931 1005 quia
947 927 979 981 et
991 915 1143 983 Salomon
1227 915 1230 922 ’

110 1020 149 1087 de
162 1046 199 1087 eu
215 1027 294 1092 dicit
308 1029 341 1092 in
358 1028 554 1104 Proverbiis,
572 1028 658 1115 quod
673 1027 801 1115 vestigia
817 1025 970 1114 serpentis
991 1049 1054 1090 nou
1070 1050 1137 1115 pos·

107 1142 181 1194 sunt
196 1132 390 1222 deprehendi
410 1159 504 1225 super
529 1147 662 1224 petram.
690 1135 743 1200 sic
765 1133 851 1198 enim
875 1135 935 1198 ait:
959 1133 1056 1199 «Tria
1071 1148 1145 1198 sunt

109 1237 200 1325 'rquae
227 1243 419 1331 impossibile
441 1255 489 1308 est
509 1225 587 1309 mihi
611 1241 805 1332 intelligere,
833 1252 865 1306 ει
887 1253 1035 1328 quartum
1059 1244 1146 1329 quod

29 1389 33 1394 -
111 1345 245 1436 rignoro
255 1401 264 1426 ,
274 1353 402 1441 vestigia
412 1351 522 1440 aquilae
530 1353 679 1428 volantis,
693 1363 725 1416 ει
738 1351 818 1416 viam
829 1353 982 1441 serpentis
992 1377 1086 1441 super
1093 1378 1147 1443 pe-

107 1471 212 1524 »tram
223 1509 232 1534 ‚
244 1469 276 1524 et
284 1461 411 1525 semitas
423 1461 509 1526 navis
520 1462 552 1526 in
565 1458 676 1549 pelago
688 1471 739 1536 ,ει
750 1459 918 1525 viasviriin
927 1461 1139 1547 juventute².»

108 1567 270 1656 Serpentis
289 1590 384 1656 ergo,
408 1568 440 1632 id
454 1580 522 1644 εει,
538 1569 625 1656 sigua
646 1566 749 1654 aliqua
766 1568 907 1654 peccati,
928 1569 961 1633 in
978 1568 1038 1633 hac
1052 1582 1143 1657 petra

109 1703 183 1767 qum
198 1689 244 1742 est
261 1677 425 1756 Christus,
442 1679 577 1748 inveniri
592 1702 656 1743 non
672 1689 822 1767 possunt,
839 1679 912 1766 quia
928 1676 1013 1744 eolus
1027 1692 1075 1744 εει
1090 1682 1143 1768 qui

107 1797 275 1874 peccatum
291 1810 354 1851 non
371 1786 456 1852 feeit.
474 1788 576 1874 Hujus
588 1809 663 1875 ergo
675 1798 772 1873 petrae
788 1808 862 1850 vero
876 1783 1028 1850 velamine
1041 1788 1146 1852 anima

107 1903 177 1956 tuto
196 1895 339 1981 pervenit
360 1894 399 1958 ad
415 1892 629 1982 promuralem
651 1892 777 1968 locum,
802 1889 835 1957 id
856 1903 920 1968 εει,
939 1894 978 1957 ad
1001 1907 1147 1960 contem·

105 1998 263 2087 plaudum
281 2000 490 2087 incorporalia
505 2013 539 2064 ει
555 2013 683 2065 aeterna.
707 2001 754 2065 De
771 1998 832 2066 hac
847 2001 959 2066 eadem
979 2014 1069 2089 petra
1087 2002 1146 2068 alia

105 2105 198 2171 verbi
211 2105 314 2193 specie
331 2105 431 2170 David
446 2107 478 2171 iu
490 2130 583 2171 xxxix
598 2105 722 2171 Psalmo
739 2107 833 2171 dicit:
851 2108 916 2171 «Et
927 2110 1035 2173 statuit
1051 2134 1147 2200 supra

104 2225 256 2302 »petram
267 2211 363 2302 pedes
370 2236 475 2288 meos,
488 2226 520 2277 et
532 2212 644 2278 direxit
651 2236 775 2301 grossus
790 2213 906 2278 meos¹.
923 2201 1010 2280 »Nec
1025 2211 1147 2284 mireris

63 2321 66 2332 '
106 2321 133 2387 si
157 2320 241 2410 apud
255 2321 355 2387 David
366 2334 455 2410 petra
470 2321 538 2388 haeo
554 2321 641 2408 quasi
656 2321 898 2386 fundamentum
911 2334 943 2387 et
955 2325 1083 2412 crepido
1101 2338 1149 2391 εει

106 2430 225 2495 animae
237 2452 401 2517 perquam
415 2429 519 2518 pergit
538 2430 578 2494 od
589 2423 712 2504 Deum,
731 2440 762 2492 et
777 2429 862 2517 apud
879 2427 1081 2496 Salomonem
1097 2457 1149 2497 vo

104 2536 216 2602 lamen
232 2547 280 2600 est
300 2537 412 2602 animae
431 2537 469 2601 ad
491 2537 626 2625 mystica
649 2537 809 2624 sapientiae
831 2549 952 2601 secreta
968 2539 1143 2607 tendentis:

103 2667 185 2711 cum
201 2656 233 2708 ει
249 2645 315 2732 ipse
328 2645 473 2710 Christus
488 2667 573 2710 nune
588 2643 789 2728 vindicatur,
804 2666 967 2732 perquam
983 2649 1147 2714 credentes

13 2811 14 2826 ,
103 2752 280 2827 incedunt,
305 2775 391 2818 nuno
417 2754 513 2818 etiam
539 2775 736 2841 praeuursor‚
757 2751 838 2816 sicut
857 2754 899 2816 ait
920 2753 1055 2821 Paulus:
1082 2759 1147 2824 «ln

13 2943 14 2948 η
104 2862 218 2949 »quod
234 2884 411 2950 praecursor
424 2861 564 2926 introivit
583 2883 641 2949 pro
658 2861 749 2926 nobis
762 2860 910 2926 tosust»
931 2862 1039 2928 Simile
1054 2877 1100 2930 εει
1116 2879 1149 2930 ει

13 3029 15 3056 ,
104 2971 189 3037 illud
212 2972 299 3059 quod
321 2996 378 3061 per
403 2971 532 3060 llloysen
549 2971 665 3037 dicitur
681 2997 697 3036 a
716 2972 803 3037 Deo:
831 2973 938 3037 «Ecce
953 2976 1042 3061 posui
1066 2988 1097 3040 te
1116 2977 1148 3043 in

106 3079 287 3144 »foramine
302 3092 417 3167 petrae,
434 3092 466 3144 ει
482 3079 603 3144 videbis
616 3079 790 3167 posteriora
803 3079 929 3144 mea⁵.r
945 3080 1044 3169 Igitur
1058 3097 1147 3172 petra

13 3221 15 3236 ι
107 3188 170 3249 ista
186 3211 255 3273 quae
272 3185 416 3253 Christus
433 3199 497 3262 est,
521 3198 652 3252 nonest
675 3211 715 3251 ex
736 3187 823 3251 omni
847 3200 935 3275 parte
949 3187 1076 3265 clausa,
1093 3191 1149 3256 sed

106 3292 371 3361 hebetioramen.
386 3297 543 3362 Foramen
562 3318 636 3360 vero
647 3308 695 3360 est
714 3307 828 3384 petrae,
850 3297 904 3384 qui
924 3297 1041 3363 revelat
1056 3311 1087 3363 ει
1103 3301 1149 3366 in-

108 3409 275 3463 notescere
287 3401 362 3466 faoit
374 3403 558 3468 hominibus
569 3403 683 3469 Deum.
703 3403 729 3468 N
732 3427 803 3469 emo
819 3427 894 3493 ergo
906 3405 990 3469 videt
1002 3408 1124 3472 Patrem
1138 3459 1146 3482 ‚

108 3507 174 3573 nisi
190 3505 307 3572 Filius⁶
321 3533 328 3573 :
343 3531 437 3574 nemo
449 3532 524 3597 ergo
537 3511 620 3574 videt
635 3523 794 3598 postrema
806 3512 864 3577 Dei
877 3563 885 3587 ,
901 3514 933 3578 id
950 3525 1017 3588 εει,
1035 3539 1103 3602 quae
1117 3517 1148 3580 in

108 3618 280 3706 postremis
292 3617 489 3706 temporibus
501 3616 602 3693 fiunt,
618 3618 677 3682 nisi
689 3619 808 3706 positus
820 3621 851 3684 in
868 3621 1020 3686 foramine
1032 3636 1147 3711 petrae,

152 3789 159 3821 ¹
175 3787 735 3853 1Cor.x,1v.-¹Prov.ux,18,19.-
750 3789 859 3842 ⁸Paalm.
870 3809 966 3854 xxxix,
980 3791 1004 3844 3.
1019 3821 1043 3829 -
1059 3798 1151 3848 ⁴Helu.

112 3876 539 3942 v1,20.-⁸Exod.xxxm‚22,
553 3883 636 3929 at-
651 3883 790 3930 ⁸Joun.rr.
