2748 4596
352 253 384 327 iu
409 285 522 328 riantur
543 285 614 328 ausu
639 287 721 332 utve
746 289 819 334 nou.
846 295 893 335 ur.
1105 299 1137 339 ιι

122 433 174 478 non
187 409 324 496 Moyses,
341 408 396 475 sed
415 407 507 476 «Iesus
527 409 638 476 dividit
657 422 785 479 terram.
804 415 943 482 Paetum
960 431 1066 486 tamen
1082 422 1143 486 ini·

122 533 177 586 turn
195 530 237 582 est
252 540 328 585 cum
344 515 403 582 illis
420 519 543 586 duabus
561 531 593 586 et
611 520 705 586 semis
721 523 868 588 tribubus
881 547 951 611 quae
971 539 1057 593 trans
1069 531 1138 594 Jor-

121 631 217 716 denem
226 639 539 714 acceperantterram
549 649 558 705 ,¹
569 641 605 694 ut
619 629 735 697 relictis
751 632 959 712 mulieribus,
972 649 1005 701 et
1020 637 1143 705 intanti—

123 736 173 800 bus
192 734 248 798 suis
270 733 303 797 in
325 730 377 798 illa
399 745 481 798 terra
506 744 591 798 trans
606 733 779 802 Jordanem
796 787 805 812 ,
822 738 881 828 ipsi
901 741 1142 808 cumfratribus

122 842 176 907 suis
192 852 328 930 pugnent
345 861 508 928 usquequo
529 842 625 908 etiam
645 843 703 931 ipsi
726 859 961 932 consequantur
979 850 1143 917 baeredita-

121 963 185 1016 teni.
206 949 354 1038 Oportuit
367 948 462 1038 igitur
482 941 539 1036 per
560 950 684 1016 obitum
701 951 818 1028 Mosei,
837 955 891 1041 qui
913 967 1043 1044 paetum
1057 959 1144 1024 istud
1185 994 1188 1004 ·

2 1088 6 1103 ¹
119 1059 234 1132 inierat,
250 1057 362 1122 Jesum
374 1059 526 1144 promissa
539 1058 729 1146 deposcere,
740 1072 771 1124 et
784 1083 987 1128 commonere
996 1087 1050 1129 eos
1060 1068 1147 1131 auxi-

119 1164 186 1232 lium
208 1155 394 1254 pugnaturis
413 1165 562 1246 butribus
578 1165 660 1232 ferre
663 1213 728 1232 .....
760 1169 1005 1238 Consideremus
1025 1172 1034 1206 ¹
1052 1196 1147 1260 quum

1 1302 4 1316 ·
117 1274 240 1340 formam
256 1285 385 1340 teneant
400 1274 466 1340 istae
481 1274 552 1338 duae
568 1285 603 1338 et
619 1274 713 1340 semis
730 1276 852 1354 tribus,
867 1303 936 1366 quae
951 1303 1007 1368 per
1018 1281 1148 1368 Moysen

118 1396 224 1448 terram
238 1382 430 1448 baereditatis
447 1383 607 1470 accipiunt
621 1405 629 1448 ε
643 1395 676 1450 et
691 1407 786 1471 quam
803 1386 938 1453 formam
951 1400 1080 1455 teneant
1095 1413 1148 1454 re-

118 1489 203 1579 tique
214 1499 325 1556 norem
336 1503 369 1554 et
380 1492 474 1558 semis
486 1513 557 1578 quae
572 1513 629 1578 per
645 1490 755 1558 desum
767 1496 1044 1581 repromissionem
1056 1510 1148 1563 terrae

118 1611 224 1665 sancta
240 1599 423 1686 suscipiunt.
435 1601 476 1663 Et
491 1599 595 1686 primo
608 1600 754 1666 omnium
765 1611 844 1688 puto
859 1604 945 1690 quod
956 1604 1150 1693 impossibile

116 1710 203 1780 suerit
223 1708 354 1772 fortuitu
379 1707 550 1782 accidisse,
575 1719 611 1772 ut
624 1707 666 1773 ·hi
689 1709 744 1794 qui
759 1733 817 1796 per
834 1710 966 1798 Moysen
988 1715 1151 1802 accipiunt

112 1817 301 1905 portionem,
318 1837 428 1879 omnes
446 1814 650 1904 primogeniti
667 1825 782 1880 essent.
800 1815 915 1882 Ruben
935 1841 1074 1906 namque
1089 1820 1151 1907 pri-

112 1924 283 2012 mogenitus
299 1934 346 1988 est
369 1944 408 1986 er
421 1923 492 1998 Lia,
515 1921 585 1988 Gad
604 1922 832 2009 primogenitus
852 1945 891 1988 ex
913 1923 1020 2000 Gelfn,
1041 1939 1073 1991 et
1087 1927 1150 1991 Ma-

111 2056 211 2100 nusses
240 2029 469 2120 primogenitus
488 2053 527 2094 ex
551 2028 712 2096 Asseneob
740 2029 887 2119 AEgyptia
910 2030 976 2097 sdia
994 2033 1149 2122 Petephre

112 2141 277 2212 sacerdotis
298 2137 525 2226 Heliopoleos,
550 2162 647 2224 quarn
672 2138 795 2228 accepit
818 2138 949 2228 ioseph.
980 2141 1150 2230 Nunquam

112 2269 170 2333 ego
180 2245 257 2314 mihi
271 2245 445 2332 persuadeo
461 2257 496 2308 ut
514 2243 648 2311 fortuitu
665 2244 816 2310 acciderit
836 2245 1065 2334 primogenitos
1081 2271 1150 2312 esse

113 2373 225 2436 omues
236 2350 351 2437 quibus
362 2373 420 2438 per
434 2349 564 2436 Moysen
578 2349 809 2416 decernebatur
821 2348 990 2416 hereditas
1002 2400 1011 2426 ,
1021 2351 1076 2418 sed
1087 2375 1151 2417 mu·

108 2457 155 2548 gis
171 2457 232 2523 hoc
244 2458 379 2523 arbitror
395 2457 481 2546 quod
490 2457 523 2522 in
539 2457 575 2522 iis
587 2458 653 2543 jam
663 2468 740 2526 tuuc
752 2458 891 2524 duorum
904 2457 1152 2524 adumbrabatur

106 2565 208 2632 formu
223 2564 415 2656 populorum
434 2589 441 2629 ι
462 2566 554 2630 unius
571 2564 701 2652 quidem
718 2565 772 2652 qui
786 2565 1017 2654 primogenitus
1031 2590 1088 2655 per
1100 2591 1152 2636 na-

106 2693 186 2748 turae
201 2679 347 2746 ordinem
363 2679 521 2746 videretur
536 2703 543 2744 :
563 2677 691 2748 alterius
703 2678 758 2766 qui
771 2702 826 2766 per
845 2679 941 2744 iidem
954 2691 987 2744 et
997 2680 1151 2768 gratiam,

103 2789 363 2860 benedictionem
381 2787 539 2876 acciperet
554 2787 759 2854 hereditatis.
776 2784 840 2854 Nee
856 2787 942 2874 prius
955 2785 1015 2852 iMis
1029 2788 1083 2875 qui
1094 2811 1151 2876 per

102 2897 237 2985 Moysen
258 2897 418 2984 accipiunt
433 2896 666 2970 haereditatem.
692 2895 725 2962 id
741 2906 805 2970 est,
823 2895 878 2981 qui
895 2919 952 2984 per
971 2893 1073 2983 legem
1089 2894 1153 2983 plu-

101 3017 245 3074 euerunt
262 3007 349 3082 Deo,
362 3006 485 3092 requies
504 3006 609 3080 datur,
627 3005 686 3070 nisi
703 3004 852 3090 adjuvent
864 3004 896 3068 in
909 3003 1023 3091 praeliis
1040 3004 1152 3068 fratres

99 3137 191 3182 suos.
218 3101 365 3179 Mulieres
387 3126 529 3190 tantum,
551 3125 583 3178 et
605 3114 739 3178 infantes
757 3112 917 3200 accipiunt
938 3115 1075 3200 quietem
1096 3139 1153 3204 per

97 3224 238 3311 Moysen
251 3247 259 3289 ε
273 3223 379 3290 eaeteri
393 3236 499 3290 autem
512 3247 577 3291 non
590 3221 812 3309 requiescunt,
825 3221 882 3286 sed
893 3233 1009 3286 exeunt
1020 3222 1059 3287 ad
1068 3224 1153 3287 nuxi-

96 3331 186 3396 lium
202 3333 336 3398 fratrum
353 3335 495 3398 suorum.
515 3331 595 3396 Vide
613 3330 691 3396 mibi
713 3329 809 3395 hodie
830 3329 986 3395 laboranti
1003 3330 1035 3395 in
1052 3355 1152 3419 agone

98 3441 178 3506 vitae
195 3439 309 3528 hujus,
324 3453 355 3506 et
370 3441 500 3506 habenti
520 3451 680 3504 certamen
694 3439 842 3504 adversus
855 3438 1019 3512 inimicos,
1034 3439 1067 3502 id
1083 3451 1151 3515 est,

93 3549 282 3620 contrarias
299 3560 489 3638 potestates,
506 3548 667 3636 quomodo
680 3549 710 3610 in
730 3546 883 3611 auxilium
895 3546 1026 3610 veniunt
1041 3545 1085 3611 iMi
1099 3549 1152 3633 qui

87 3669 176 3722 ante
209 3659 380 3723 adrentum
397 3657 473 3722 «lesu
490 3656 606 3720 Christi
623 3655 748 3720 Domini
766 3656 826 3718 mei
844 3655 876 3720 iu
900 3654 968 3744 lege
989 3656 1152 3742 justificati

83 3776 187 3830 sunt.
207 3765 288 3829 Vide
298 3767 459 3852 quomodo
470 3767 578 3830 Esaias
591 3763 667 3829 mibi
680 3776 806 3850 praestat
824 3762 972 3828 arraiiium
987 3815 993 3836 ‚
1009 3788 1083 3829 curn
1100 3787 1151 3838 nio

127 3909 137 3940 ¹
157 3913 225 3973 Peg.
242 3915 290 3972 don
303 3947 311 3972 ,
325 3911 371 3958 col.
390 3927 416 3970 ι,
435 3907 467 3958 Α.
