2744 4600
249 240 310 330 520
597 309 599 316 .
675 259 832 305 -onroanrs

246 389 372 443 scutum
387 377 474 456 fidei,
485 380 521 470 in
536 403 598 465 quo
613 379 713 466 possis
730 377 837 445 omnia
856 373 960 464 jacula
973 371 1102 461 maligni
1118 370 1217 459 ignita
1228 393 1278 434 ea-

247 487 417 576 tinguere¹.
433 486 561 554 Talibus
573 489 659 554 enim
671 488 844 554 instructus
856 486 950 552 armis
965 484 1108 548 univorsa
1121 477 1277 546 diabolica

245 607 348 672 castra
367 620 557 685 omnemque
577 599 646 686 ejus
667 599 789 686 fugabis
807 597 994 670 exercitum,
1015 606 1047 658 et
1066 589 1277 658 cumssfiducia

245 704 386 768 cantabis
405 727 438 791 aa
453 704 487 769 si
503 708 676 773 consistant
691 705 857 774 adversum
873 727 925 770 me
941 715 1057 777 castra,
1073 724 1138 768 nou
1155 699 1277 767 timebit

247 843 259 876 a
277 835 454 882 cormeum
470 837 480 878 t
498 815 524 878 si
538 817 679 904 insurgat
693 815 726 882 in
747 837 799 881 me
824 813 981 902 praelium,
997 813 1030 878 in
1051 810 1114 876 hoc
1130 833 1192 896 ego
1206 830 1278 895 spe-

244 921 381 988 »rabo².
399 951 411 984 a
426 923 682 1012 Gongrcdiuntur
704 947 778 1011 ergo
800 922 968 1014 duodecim
990 917 1086 1002 millia
1111 917 1278 982 adversum

245 1030 441 1106 Madianitas,
453 1057 466 1090 ι
480 1044 512 1095 et
527 1032 734 1108 interficiunt,
749 1034 873 1116 inquit,
894 1037 988 1097 omne
1000 1024 1216 1094 masculinum
1229 1047 1279 1088 eo·

245 1169 260 1218 p
275 1164 345 1206 rum
356 1151 392 1204 ct
403 1165 492 1230 reges
504 1165 634 1213 eorum3
648 1155 681 1206 et
695 1141 823 1214 Balaam
836 1141 937 1206 filium
950 1141 1034 1210 Beor
1049 1134 1279 1203 interfecerunt

247 1277 260 1326 a
275 1249 379 1337 gladio
393 1273 468 1314 cum
481 1248 607 1336 reliquis
618 1249 788 1321 vulneratis
799 1249 941 1319 eorum².
956 1246 1076 1330 »Quod
1092 1246 1125 1310 in
1141 1244 1278 1331 superio

247 1354 334 1418 ribus
353 1355 584 1440 quaerebamus,
604 1354 766 1444 quomodo
782 1354 821 1418 de
837 1352 1008 1441 Scripturis
1031 1351 1162 1440 probari
1183 1349 1278 1436 possit

247 1457 374 1524 Balaam
404 1457 534 1525 consilio
564 1463 750 1538 subornatas
773 1484 841 1529 csse
864 1460 1012 1526 mulieres
1033 1457 1277 1528 Madianitarum

136 1587 138 1627 2
245 1590 313 1654 quae
332 1565 516 1654 deciperent
534 1565 614 1633 filios
637 1567 732 1634 lsrael
756 1570 795 1633 ad
810 1568 1046 1644 fornicandum,
1062 1589 1205 1655 praesens
1226 1566 1277 1632 hic

247 1673 418 1762 Scripturae
430 1672 518 1739 loeus
531 1675 693 1744 evidenter
705 1677 855 1755 ostendit,
868 1678 975 1764 dicens
987 1699 1061 1754 eum
1073 1690 1275 1765 peremptum

246 1806 313 1855 esse
334 1781 450 1870 gladio,
468 1782 553 1848 velut
576 1798 740 1852 auctorem
762 1788 901 1854 scandali
926 1788 1012 1874 quod
1033 1788 1214 1868 immissum
1230 1801 1276 1852 est

246 1890 318 1956 liliis
338 1889 444 1964 Israel.
464 1891 587 1958 Dicitur
606 1907 713 1960 autom
735 1896 774 1962 de
794 1873 885 1973 eoet
900 1899 933 1962 in
952 1898 1159 1986 sequentibus
1176 1897 1278 1962 adhuc

245 1997 420 2065 evidentius
436 2000 498 2065 hoc
513 2002 609 2069 modo
627 2026 635 2066 :
659 2005 725 2068 «Et
740 2005 783 2068 ait
798 2005 839 2076 ad
854 2028 908 2070 eos
922 2006 1046 2093 Moyses
1064 2029 1071 2082 ;
1092 2007 1160 2088 Cur
1178 2007 1277 2070 rivam

246 2109 453 2172 »reservastis
468 2132 596 2174 omnem
612 2110 795 2176 foeminam?
810 2112 889 2202 lpsae
910 2113 995 2178 enim
1013 2126 1088 2180 sunt
1105 2135 1180 2201 quae
1200 2113 1277 2180 filios

244 2213 367 2281 »lsrael
390 2219 565 2284 secundum
583 2222 721 2286 verbum·
733 2219 862 2286 Balaam
884 2234 1041 2310 apostatas
1061 2222 1240 2290 lecerunt‘.
1259 2255 1272 2286 a

244 2325 483 2420 lntcrliciuntur
501 2339 608 2394 autem
624 2341 655 2394 et
671 2353 759 2418 reges
777 2329 1032 2405 lladianitarum,
1048 2344 1146 2420 atque
1162 2332 1211 2398 illi
1225 2335 1277 2419 qui

245 2435 330 2527 prius
350 2461 369 2500 a
385 2436 570 2526 mulieribus
586 2437 659 2502 victi
682 2449 768 2512 sunt,
792 2463 879 2504 nunc
901 2441 1079 2528 expiatione
1100 2440 1225 2517 habita,
1248 2455 1281 2506 ct

244 2557 329 2634 gesta
342 2547 540 2634 poenitentia,
553 2547 648 2612 etiam
660 2571 748 2634 reges
761 2548 902 2615 vincunt.
918 2551 965 2632 Ex
976 2549 1039 2615 hoe
1050 2548 1280 2639 intelligamus,

247 2669 403 2744 quantum
414 2654 516 2721 valeat
531 2657 695 2722 conversio
711 2658 750 2721 ad
765 2657 881 2732 Deum,
895 2668 1050 2744 quantum
1060 2659 1161 2746 prosit
1172 2683 1283 2726 emen-

248 2751 332 2831 datio
343 2776 558 2854 peccatorum.
574 2763 678 2828 Omne
693 2763 918 2839 masculinum,
931 2789 1041 2830 omnes
1056 2787 1146 2853 reges
1160 2765 1283 2834 Madia-

248 2878 386 2942 nitarum
401 2875 584 2950 vincuntur,
597 2885 629 2940 et
639 2875 840 2962 perimuntur
851 2876 891 2940 ab
907 2877 944 2940 iis
959 2877 1014 2963 qui
1028 2899 1086 2964 per
1098 2880 1274 2966 correptio

182 3065 183 3068 Ἴ
245 3009 320 3051 nem
331 2984 512 3059 Domini,et
522 3006 579 3071 per
590 2994 751 3070 gestorum
762 2985 982 3071 penitentiam
993 2985 1134 3072 correpti
1145 3000 1238 3062 sunt,
1249 3001 1283 3052 et

248 3093 417 3160 emendati.
436 3093 586 3181 Quinque
598 3115 673 3180 ergo
687 3115 775 3181 reges
787 3091 834 3156 Ma
840 3092 1030 3158 diauitarum
1042 3092 1229 3160 referuntur
1241 3097 1285 3160 ab

250 3201 428 3268 Israeliticis
443 3200 593 3268 militibus
608 3187 762 3290 superari.
960 3273 962 3278 ,

291 3311 354 3376 Sed
366 3323 399 3374 et
410 3311 538 3376 nomina
551 3334 662 3380 eorum
675 3334 761 3376 curae
772 3309 831 3374 luit
844 3309 1016 3397 Scripturae
1027 3310 1142 3376 divinae
1153 3336 1285 3380 memo-

247 3442 326 3486 rare.
351 3419 466 3494 «Evin,
484 3419 609 3504 inquit,
628 3431 660 3483 et
674 3419 797 3491 Rocon,
811 3430 842 3483 et
855 3419 929 3496 Sur,
943 3431 976 3484 et
988 3418 1044 3495 Ur,
1056 3432 1089 3484 et
1099 3420 1248 3488 Rubuc⁵.
1268 3453 1281 3485 ι

245 3529 300 3595 lsti
313 3539 387 3592 sunt
401 3527 454 3614 qui
468 3539 601 3616 regnant
614 3528 698 3615 apud
710 3519 907 3603 Madiauitas,
919 3551 1000 3616 quos
1016 3549 1167 3615 superare
1183 3542 1218 3594 et
1230 3553 1289 3618 pe-

245 3641 329 3706 nitus
342 3638 459 3704 dehent
469 3637 653 3727 extinguere
664 3660 775 3704 omnes
787 3637 842 3724 qui
855 3636 989 3704 militant
1000 3637 1079 3703 Deo.
1095 3638 1177 3704 Evin
1188 3663 1286 3704 nam-

276 3801 437 3923 ¹Ephgu8ra
450 3827 480 3838 -
491 3799 502 3833 ²
513 3797 604 3850 Psalm.
620 3813 688 3857 aava,
703 3797 872 3848 5.-⁸1tum.
887 3815 956 3858 xxxa,
965 3815 989 3860 7,
999 3797 1062 3849 8.-
1075 3797 1084 3830 ⁶
1097 3795 1167 3848 lbid.
1184 3797 1222 3857 15,
1239 3797 1278 3844 ιθ.

245 3874 349 3926 -⁵1t›i
371 3906 377 3920 ·
409 3905 416 3921 .
