2706 4624
353 333 386 376 us
410 331 579 376 nuvmcun
603 331 731 378 nonnus
756 333 818 376 xvi.
1039 313 1099 398 ‘²⁶7

65 447 133 516 dese
155 446 344 514 nativitates
365 471 449 514 suas.
471 448 652 514 Invenimus
673 449 746 535 quie
761 459 794 512 et
809 449 897 514 [sene
912 450 1102 514 benedicens

64 557 163 624 Jsbed
178 557 300 622 dixerit
313 581 322 621 ε
335 584 349 617 ι
360 558 423 624 Det
438 557 495 624 tibi
507 558 661 624 Dominus
675 581 692 624 e
710 581 782 624 rore
798 557 883 632 eseli,
898 571 931 624 et
948 561 989 625 sb
1005 562 1103 625 uber-

68 678 156 732 »tete
172 680 270 734 teus-ss
286 663 518 754 plenitudinem
533 668 683 736 frumenti
698 678 730 734 et
745 666 839 732 vini¹.
859 697 872 729 ι
889 667 1026 734 Putasne
1040 667 1102 733 tale

71 772 264 838 frumentum
288 772 323 838 in
348 772 572 838 benedictione
593 773 688 840 debet
709 773 797 839 lsese
822 771 888 838 ldie
907 796 965 838 sno
986 773 1101 846 Jacob,

72 880 163 968 qusle
185 881 301 947 bsbent
322 894 356 948 et
377 892 561 970 peccatores
582 881 739 956 homines,
760 893 794 946 et
813 879 898 969 quali
920 881 1104 947 abundabat
1163 929 1169 943 .

70 991 165 1056 etiem
178 991 294 1078 impius
307 989 456 1056 Phaine?
470 990 618 1058 llaeceine
632 1001 702 1056 esst
716 989 796 1057 tenti
810 988 996 1076 patriarche
1008 990 1103 1054 bene·

70 1099 187 1168 dietie?
201 1098 257 1166 Vis
272 1098 332 1166 tibi
347 1098 454 1166 adhue
469 1099 634 1166 ostendum
649 1097 809 1186 quomode
824 1096 923 1164 etalii
938 1098 1036 1185 iniqui
1051 1098 1103 1162 hs-

66 1207 160 1274 besnt
173 1204 419 1274 multitudinem
433 1199 607 1272 frumentii
623 1205 752 1274 Intuere
767 1203 905 1270 illumin
920 1202 1102 1293 Evangelio,
1198 1219 1204 1228 ·

63 1317 155 1403 enjus
175 1337 256 1404 eges·
276 1313 395 1382 multos
415 1314 521 1382 attulit
542 1315 678 1391 tructus,
701 1315 758 1403 qui
779 1313 856 1380 dixit
877 1336 885 1378 ε
905 1339 919 1375 ι
936 1314 1103 1380 Destrusm

65 1452 77 1486 ι
90 1424 207 1492 boma
219 1446 305 1498 mes,
320 1435 353 1490 et
365 1424 486 1510 mejovs
498 1422 755 1498 seaedilienbo‚et
766 1423 871 1488 dicum
882 1423 994 1488 enimse
1005 1444 1100 1488 mese:
1154 1497 1157 1504 ι

70 1533 223 1608 sdnimu,
237 1533 341 1598 bsbes
353 1531 452 1598 mults
465 1534 548 1599 bons
561 1532 697 1620 vepesitu
709 1533 741 1598 in
753 1554 853 1597 nnnes
867 1529 999 1604 multess
1014 1553 1105 1598 men·

69 1639 191 1715 ndum,
209 1640 301 1714 bibe,
316 1649 351 1704 et
361 1635 503 1706 ·laetn1·e².
526 1636 641 1704 »Telis
655 1661 731 1727 ergo
745 1637 909 1704 eredimus
924 1661 992 1704 esse
1007 1639 1104 1712 bons,

68 1771 139 1835 qnae
156 1748 268 1814 divinis
283 1747 561 1815 benedictionibus
580 1749 697 1815 sanetis
718 1748 897 1836 quibusque
911 1761 944 1838 et
959 1748 1106 1814 fidelibus

65 1857 297 1927 trudebantur?
307 1856 395 1926 Alios
407 1878 483 1946 euge
498 1870 591 1928 terres
603 1859 726 1926 fruetus
741 1859 871 1948 sspieio,
883 1872 917 1924 et
925 1859 1015 1926 elitev
1026 1858 1105 1924 mul·

62 1969 236 2036 titudinem
247 1968 419 2034 nativitatis
431 1969 568 2036 intueor.
582 1968 616 2034 Si
626 1970 713 2035 enim
725 1982 809 2035 teu-s
821 1993 891 2036 mes
901 1970 1011 2039 efferet
1022 1971 1104 2038 frue-
1144 1969 1145 1974 ’

63 2091 148 2154 tum,
165 2078 193 2143 si
209 2078 388 2146 nativitates
401 2101 473 2144 sues
488 2101 529 2144 ex
542 2079 671 2146 Domini
693 2080 916 2146 benedictione
933 2081 1102 2170 producet,

67 2185 228 2274 intelliget
241 2208 347 2252 sensus
369 2207 459 2254 mens
479 2197 512 2252 et
525 2186 683 2274 explicate
704 2187 833 2274 poterit,
852 2209 922 2274 qnae
939 2188 1102 2276 qualisque

74 2296 119 2362 sit
134 2295 195 2360 ists
210 2305 301 2370 tem,
314 2318 384 2382 que
399 2308 530 2385 accepts
550 2294 669 2364 celesti
684 2292 791 2383 pluvis
806 2295 983 2361 nativitates
998 2298 1103 2385 prefe-

73 2400 360 2472 rstrstionsbilium
373 2402 512 2496 frugum.
522 2402 754 2470 Testimonium
766 2403 990 2493 deEvengeliis
1001 2428 1103 2482 sume,
1148 2417 1154 2423 '

66 2511 235 2603 quomedo
245 2511 320 2578 exiit
329 2513 384 2601 qui
396 2512 532 2580 seminet
547 2502 716 2586 seminare,
731 2523 764 2576 et
779 2509 865 2577 alind
881 2513 1010 2599 quidem
1023 2515 1105 2582 ceei-

65 2626 114 2692 dit
128 2645 222 2690 seem
238 2621 332 2698 vium,
348 2620 435 2688 eliud
450 2634 558 2690 sutem
573 2644 670 2710 supet·
683 2631 819 2710 petram,
835 2619 922 2686 eliud
936 2645 1032 2710 super
1045 2624 1106 2710 spi·

64 2755 136 2808 nes,
147 2731 240 2799 eliud
249 2743 358 2798 entem
369 2753 464 2820 super
475 2743 593 2802 terrem
603 2730 747 2800 bensm¹.
762 2729 796 2797 st
808 2753 884 2820 erge
895 2755 932 2797 es
943 2755 1015 2821 quae
1025 2734 1105 2799 eeei·

8 2898 17 2914 .
66 2843 172 2910 desim
187 2863 285 2930 super
304 2852 420 2910 mtrem
436 2842 558 2912 bonum
573 2839 737 2908 attulerint
747 2841 901 2918 fructum,
918 2843 1006 2908 dedit
1022 2854 1104 2907 term

63 2953 208 3020 fructum
223 2973 333 3024 suum.
344 2963 377 3016 et
389 2950 567 3016 nativitates
583 2971 656 3018 sues
669 2949 819 3038 produxit
835 2951 1057 3023 nentesimum,
1073 2964 1106 3015 et

65 3062 299 3151 &puniunt
312 3073 344 3130 et
355 3060 560 3128 trieesimnm.

116 3168 1099 3258 medetltgnetnquis,camporumdabuntbucsumsuunt.»

66 3282 230 3350 Habemus
246 3281 328 3346 intre
345 3279 553 3367 nosmetipsos
568 3291 602 3345 et
615 3278 698 3369 ligne
715 3303 915 3371 esmpouum,
926 3308 999 3372 quse
1017 3284 1105 3351 frue-

72 3402 138 3456 tum
150 3414 247 3459 suum
260 3387 456 3479 predueunt.
473 3389 554 3471 Quse
565 3402 639 3457 sunt
654 3391 711 3457 ists
723 3390 805 3480 ligne
819 3415 1018 3482 camporum,
1035 3418 1107 3482 quae

73 3499 207 3568 trucum
221 3524 319 3567 suum
333 3500 537 3590 producunt?
550 3524 620 3588 quse
632 3515 706 3566 sunt
722 3503 778 3567 ists
794 3503 875 3592 ligne
894 3507 1106 3594 enmpouum[i’

71 3607 161 3674 Dieet
173 3607 316 3676 levtessis
335 3607 461 3676 nuditus
478 3631 487 3674 τ
508 3609 593 3708 Quid
609 3610 725 3678 iterum
747 3612 799 3678 hic
815 3613 1001 3703 envisilogus
1018 3615 1107 3704 egit?

68 3719 142 3807 quid
166 3720 395 3806 undecumque
410 3721 506 3788 verbe
522 3721 694 3809 conquirit,
716 3734 751 3787 ut
773 3722 1024 3812 explanationem
1045 3724 1107 3790 lee-

66 3829 159 3896 tinnis
171 3827 304 3918 effugiet
314 3827 328 3892 l
338 3831 502 3916 quomodo
516 3829 599 3898 intre
614 3854 672 3896 nos
683 3855 751 3898 esse
764 3831 846 3920 ligne
859 3833 999 3910 decebit,
1013 3845 1045 3898 st
1057 3856 1105 3896 es·-

101 3957 194 4008 ’ὕει
207 3975 270 4018 ιω,
282 3959 322 4007 28.
335 3984 365 3995 -
378 3955 389 3990 ²
401 3958 461 4006 buc.
474 3975 520 4017 sn,
537 3956 571 4006 18.
585 3985 614 3996 -
627 3957 636 3990 ⁸
649 3959 741 4009 Masth.
752 3975 807 4008 tiss.
820 3959 871 3999 -l
884 3959 965 4009 Levit.
979 3974 1045 4014 xxvi,
1058 3957 1082 4015 i.
