<?xml version="1.0" encoding="UTF-8"?>
<!DOCTYPE html PUBLIC "-//W3C//DTD XHTML 1.0 Transitional//EN"
    "http://www.w3.org/TR/xhtml1/DTD/xhtml1-transitional.dtd">
<html xmlns="http://www.w3.org/1999/xhtml" xml:lang="en" lang="en">
 <head>
  <title>
</title>
<meta http-equiv="Content-Type" content="text/html;charset=utf-8" />
  <meta name='ocr-system' content='tesseract 3.04.00' />
  <meta name='ocr-capabilities' content='ocr_page ocr_carea ocr_par ocr_line ocrx_word'/>
</head>
<body>
  <div class='ocr_page' id='page_1' title='image "./collectioselect01guilgoog_0994.png"; bbox 0 0 2660 4610; ppageno 0'>
   <div class='ocr_carea' id='block_1_1' title="bbox 209 257 799 332">
    <p class='ocr_par' dir='ltr' id='par_1_1' title="bbox 209 257 799 332">
     <span class='ocr_line' id='line_1_1' title="bbox 209 257 799 332; baseline -0.007 -14"><span class='ocrx_word' id='word_1_1' title='bbox 209 257 276 332; x_wconf 67' lang='lat' dir='ltr'><strong>qrb</strong></span> <span class='ocrx_word' id='word_1_2' title='bbox 656 273 799 320; x_wconf 83' lang='lat' dir='ltr'><strong>enrernus</strong></span> 
     </span>
    </p>
   </div>
   <div class='ocr_carea' id='block_1_2' title="bbox 207 397 1312 3834">
    <p class='ocr_par' dir='ltr' id='par_1_2' title="bbox 208 397 1225 596">
     <span class='ocr_line' id='line_1_2' title="bbox 208 397 1225 486; baseline 0.002 -24"><span class='ocrx_word' id='word_1_3' title='bbox 208 411 355 476; x_wconf 76' lang='lat' dir='ltr'><strong>storum,</strong></span> <span class='ocrx_word' id='word_1_4' title='bbox 372 397 506 468; x_wconf 83' lang='lat' dir='ltr'><strong>latitudo</strong></span> <span class='ocrx_word' id='word_1_5' title='bbox 521 410 658 486; x_wconf 86' lang='lat' dir='ltr'><strong>quatuor</strong></span> <span class='ocrx_word' id='word_1_6' title='bbox 672 398 867 466; x_wconf 84' lang='lat' dir='ltr'><strong>cubitorum.</strong></span> <span class='ocrx_word' id='word_1_7' title='bbox 882 397 1001 469; x_wconf 77' lang='lat' dir='ltr'><strong>Eadem</strong></span> <span class='ocrx_word' id='word_1_8' title='bbox 1019 422 1161 466; x_wconf 83' lang='lat' dir='ltr'><strong>mensura</strong></span> <span class='ocrx_word' id='word_1_9' title='bbox 1175 399 1225 466; x_wconf 84' lang='lat' dir='ltr'><strong>erit</strong></span> 
     </span>
     <span class='ocr_line' id='line_1_3' title="bbox 209 505 1224 596; baseline 0.003 -27"><span class='ocrx_word' id='word_1_10' title='bbox 209 507 381 576; x_wconf 69' lang='lat' dir='ltr'><strong>iundeeim</strong></span> <span class='ocrx_word' id='word_1_11' title='bbox 412 505 576 595; x_wconf 84' lang='lat' dir='ltr'><strong>pellibus,</strong></span> <span class='ocrx_word' id='word_1_12' title='bbox 603 518 635 572; x_wconf 89' lang='lat' dir='ltr'><strong>et</strong></span> <span class='ocrx_word' id='word_1_13' title='bbox 656 507 832 595; x_wconf 75' lang='lat' dir='ltr'><strong>eqnjunges</strong></span> <span class='ocrx_word' id='word_1_14' title='bbox 854 507 995 594; x_wconf 87' lang='lat' dir='ltr'><strong>quinque</strong></span> <span class='ocrx_word' id='word_1_15' title='bbox 1014 505 1111 596; x_wconf 89' lang='lat' dir='ltr'><strong>pelles</strong></span> <span class='ocrx_word' id='word_1_16' title='bbox 1130 505 1224 584; x_wconf 88' lang='lat' dir='ltr'><strong>simul,</strong></span> 
     </span>
    </p>

    <p class='ocr_par' dir='ltr' id='par_1_3' title="bbox 209 612 1232 811">
     <span class='ocr_line' id='line_1_4' title="bbox 210 612 1230 702; baseline 0.001 -24"><span class='ocrx_word' id='word_1_17' title='bbox 210 629 264 684; x_wconf 79' lang='lat' dir='ltr'><strong>»et</strong></span> <span class='ocrx_word' id='word_1_18' title='bbox 279 616 355 684; x_wconf 81' lang='lat' dir='ltr'><strong>alias</strong></span> <span class='ocrx_word' id='word_1_19' title='bbox 378 638 433 684; x_wconf 81' lang='lat' dir='ltr'><strong>sex</strong></span> <span class='ocrx_word' id='word_1_20' title='bbox 454 613 565 692; x_wconf 79' lang='lat' dir='ltr'><strong>simut,</strong></span> <span class='ocrx_word' id='word_1_21' title='bbox 588 627 621 680; x_wconf 90' lang='lat' dir='ltr'><strong>et</strong></span> <span class='ocrx_word' id='word_1_22' title='bbox 640 612 807 702; x_wconf 74' lang='lat' dir='ltr'><strong>replicabis</strong></span> <span class='ocrx_word' id='word_1_23' title='bbox 826 626 947 682; x_wconf 78' lang='lat' dir='ltr'><strong>sextam</strong></span> <span class='ocrx_word' id='word_1_24' title='bbox 966 614 1082 702; x_wconf 81' lang='lat' dir='ltr'><strong>pellem</strong></span> <span class='ocrx_word' id='word_1_25' title='bbox 1105 639 1121 680; x_wconf 87' lang='lat' dir='ltr'><strong>a</strong></span> <span class='ocrx_word' id='word_1_26' title='bbox 1140 615 1230 680; x_wconf 86' lang='lat' dir='ltr'><strong>lronte</strong></span> 
     </span>
     <span class='ocr_line' id='line_1_5' title="bbox 209 720 1232 811; baseline 0 -23"><span class='ocrx_word' id='word_1_27' title='bbox 209 721 448 792; x_wconf 72' lang='lat' dir='ltr'><strong>»tabernaculia</strong></span> <span class='ocrx_word' id='word_1_28' title='bbox 467 735 500 787; x_wconf 89' lang='lat' dir='ltr'><strong>et</strong></span> <span class='ocrx_word' id='word_1_29' title='bbox 514 723 609 790; x_wconf 80' lang='lat' dir='ltr'><strong>lanies</strong></span> <span class='ocrx_word' id='word_1_30' title='bbox 626 721 853 810; x_wconf 79' lang='lat' dir='ltr'><strong>quinquaginta</strong></span> <span class='ocrx_word' id='word_1_31' title='bbox 867 721 991 788; x_wconf 82' lang='lat' dir='ltr'><strong>ansulas</strong></span> <span class='ocrx_word' id='word_1_32' title='bbox 1007 746 1065 811; x_wconf 89' lang='lat' dir='ltr'><strong>per</strong></span> <span class='ocrx_word' id='word_1_33' title='bbox 1080 746 1161 788; x_wconf 87' lang='lat' dir='ltr'><strong>eram</strong></span> <span class='ocrx_word' id='word_1_34' title='bbox 1176 720 1232 810; x_wconf 80' lang='lat' dir='ltr'><strong>pel·</strong></span> 
     </span>
    </p>

    <p class='ocr_par' dir='ltr' id='par_1_4' title="bbox 207 828 1312 3834">
     <span class='ocr_line' id='line_1_6' title="bbox 209 828 1231 919; baseline -0.001 -24"><span class='ocrx_word' id='word_1_35' title='bbox 209 831 271 896; x_wconf 75' lang='lat' dir='ltr'><strong>alis</strong></span> <span class='ocrx_word' id='word_1_36' title='bbox 286 832 397 908; x_wconf 86' lang='lat' dir='ltr'><strong>unius,</strong></span> <span class='ocrx_word' id='word_1_37' title='bbox 411 843 445 896; x_wconf 89' lang='lat' dir='ltr'><strong>et</strong></span> <span class='ocrx_word' id='word_1_38' title='bbox 455 829 681 919; x_wconf 79' lang='lat' dir='ltr'><strong>quinquaginta</strong></span> <span class='ocrx_word' id='word_1_39' title='bbox 693 828 819 902; x_wconf 82' lang='lat' dir='ltr'><strong>ansulas</strong></span> <span class='ocrx_word' id='word_1_40' title='bbox 831 852 888 919; x_wconf 83' lang='lat' dir='ltr'><strong>per</strong></span> <span class='ocrx_word' id='word_1_41' title='bbox 895 854 985 898; x_wconf 82' lang='lat' dir='ltr'><strong>eram</strong></span> <span class='ocrx_word' id='word_1_42' title='bbox 995 828 1085 919; x_wconf 91' lang='lat' dir='ltr'><strong>pellis</strong></span> <span class='ocrx_word' id='word_1_43' title='bbox 1097 829 1231 904; x_wconf 85' lang='lat' dir='ltr'><strong>alterius,</strong></span> 
     </span>
     <span class='ocr_line' id='line_1_7' title="bbox 209 936 1232 1028; baseline 0 -26"><span class='ocrx_word' id='word_1_44' title='bbox 209 963 290 1028; x_wconf 80' lang='lat' dir='ltr'><strong>aper</strong></span> <span class='ocrx_word' id='word_1_45' title='bbox 304 961 382 1027; x_wconf 77' lang='lat' dir='ltr'><strong>ques</strong></span> <span class='ocrx_word' id='word_1_46' title='bbox 398 941 633 1027; x_wconf 81' lang='lat' dir='ltr'><strong>eenjuugantur</strong></span> <span class='ocrx_word' id='word_1_47' title='bbox 647 961 710 1008; x_wconf 86' lang='lat' dir='ltr'><strong>uua</strong></span> <span class='ocrx_word' id='word_1_48' title='bbox 724 938 764 1006; x_wconf 85' lang='lat' dir='ltr'><strong>ad</strong></span> <span class='ocrx_word' id='word_1_49' title='bbox 777 936 931 1006; x_wconf 82' lang='lat' dir='ltr'><strong>alteram:</strong></span> <span class='ocrx_word' id='word_1_50' title='bbox 952 951 984 1004; x_wconf 89' lang='lat' dir='ltr'><strong>et</strong></span> <span class='ocrx_word' id='word_1_51' title='bbox 998 939 1093 1004; x_wconf 79' lang='lat' dir='ltr'><strong>lanies</strong></span> <span class='ocrx_word' id='word_1_52' title='bbox 1108 936 1232 1004; x_wconf 77' lang='lat' dir='ltr'><strong>simules</strong></span> 
     </span>
     <span class='ocr_line' id='line_1_8' title="bbox 208 1045 1233 1138; baseline 0.003 -31"><span class='ocrx_word' id='word_1_53' title='bbox 208 1069 327 1114; x_wconf 73' lang='lat' dir='ltr'><strong>»armes</strong></span> <span class='ocrx_word' id='word_1_54' title='bbox 342 1048 601 1138; x_wconf 74' lang='lat' dir='ltr'><strong>quinquagenes,</strong></span> <span class='ocrx_word' id='word_1_55' title='bbox 617 1059 650 1112; x_wconf 85' lang='lat' dir='ltr'><strong>et</strong></span> <span class='ocrx_word' id='word_1_56' title='bbox 665 1047 842 1136; x_wconf 75' lang='lat' dir='ltr'><strong>eenjunges</strong></span> <span class='ocrx_word' id='word_1_57' title='bbox 857 1071 897 1114; x_wconf 80' lang='lat' dir='ltr'><strong>ex</strong></span> <span class='ocrx_word' id='word_1_58' title='bbox 912 1047 985 1135; x_wconf 85' lang='lat' dir='ltr'><strong>ipsis</strong></span> <span class='ocrx_word' id='word_1_59' title='bbox 1001 1045 1117 1135; x_wconf 85' lang='lat' dir='ltr'><strong>pelles,</strong></span> <span class='ocrx_word' id='word_1_60' title='bbox 1136 1059 1167 1110; x_wconf 87' lang='lat' dir='ltr'><strong>et</strong></span> <span class='ocrx_word' id='word_1_61' title='bbox 1183 1047 1233 1112; x_wconf 89' lang='lat' dir='ltr'><strong>erit</strong></span> 
     </span>
     <span class='ocr_line' id='line_1_9' title="bbox 209 1151 1233 1243; baseline 0.006 -29"><span class='ocrx_word' id='word_1_62' title='bbox 209 1177 332 1224; x_wconf 77' lang='lat' dir='ltr'><strong>»unum</strong></span> <span class='ocrx_word' id='word_1_63' title='bbox 345 1165 448 1220; x_wconf 88' lang='lat' dir='ltr'><strong>tetum</strong></span> <span class='ocrx_word' id='word_1_64' title='bbox 459 1178 467 1220; x_wconf 75' lang='grc' dir='ltr'><strong><em>ε</em></strong></span> <span class='ocrx_word' id='word_1_65' title='bbox 480 1167 514 1220; x_wconf 86' lang='lat' dir='ltr'><strong>et</strong></span> <span class='ocrx_word' id='word_1_66' title='bbox 523 1151 692 1243; x_wconf 73' lang='lat' dir='ltr'><strong>replicabis</strong></span> <span class='ocrx_word' id='word_1_67' title='bbox 706 1155 794 1242; x_wconf 85' lang='lat' dir='ltr'><strong>qued</strong></span> <span class='ocrx_word' id='word_1_68' title='bbox 807 1167 949 1242; x_wconf 86' lang='lat' dir='ltr'><strong>superest</strong></span> <span class='ocrx_word' id='word_1_69' title='bbox 964 1177 1003 1220; x_wconf 82' lang='lat' dir='ltr'><strong>ex</strong></span> <span class='ocrx_word' id='word_1_70' title='bbox 1014 1153 1169 1243; x_wconf 83' lang='lat' dir='ltr'><strong>pellibus,</strong></span> <span class='ocrx_word' id='word_1_71' title='bbox 1181 1178 1233 1220; x_wconf 83' lang='lat' dir='ltr'><strong>me</strong></span> 
     </span>
     <span class='ocr_line' id='line_1_10' title="bbox 209 1260 1230 1352; baseline 0.002 -26"><span class='ocrx_word' id='word_1_72' title='bbox 209 1263 381 1332; x_wconf 76' lang='lat' dir='ltr'><strong>»dietatem</strong></span> <span class='ocrx_word' id='word_1_73' title='bbox 397 1260 489 1352; x_wconf 87' lang='lat' dir='ltr'><strong>pellis</strong></span> <span class='ocrx_word' id='word_1_74' title='bbox 505 1263 598 1338; x_wconf 85' lang='lat' dir='ltr'><strong>unius</strong></span> <span class='ocrx_word' id='word_1_75' title='bbox 615 1285 633 1326; x_wconf 87' lang='lat' dir='ltr'><strong>a</strong></span> <span class='ocrx_word' id='word_1_76' title='bbox 650 1262 755 1331; x_wconf 75' lang='lat' dir='ltr'><strong>trente</strong></span> <span class='ocrx_word' id='word_1_77' title='bbox 770 1261 987 1338; x_wconf 80' lang='lat' dir='ltr'><strong>tabernaculi,</strong></span> <span class='ocrx_word' id='word_1_78' title='bbox 1003 1274 1036 1330; x_wconf 85' lang='lat' dir='ltr'><strong>et</strong></span> <span class='ocrx_word' id='word_1_79' title='bbox 1050 1286 1090 1327; x_wconf 84' lang='lat' dir='ltr'><strong>ex</strong></span> <span class='ocrx_word' id='word_1_80' title='bbox 1107 1260 1166 1326; x_wconf 81' lang='lat' dir='ltr'><strong>alia</strong></span> <span class='ocrx_word' id='word_1_81' title='bbox 1182 1285 1230 1328; x_wconf 75' lang='lat' dir='ltr'><strong>ne</strong></span> 
     </span>
     <span class='ocr_line' id='line_1_11' title="bbox 208 1367 1236 1459; baseline 0.004 -27"><span class='ocrx_word' id='word_1_82' title='bbox 208 1370 346 1439; x_wconf 74' lang='lat' dir='ltr'><strong>»dietate</strong></span> <span class='ocrx_word' id='word_1_83' title='bbox 362 1369 449 1456; x_wconf 88' lang='lat' dir='ltr'><strong>qued</strong></span> <span class='ocrx_word' id='word_1_84' title='bbox 467 1381 635 1457; x_wconf 82' lang='lat' dir='ltr'><strong>superest,</strong></span> <span class='ocrx_word' id='word_1_85' title='bbox 653 1367 772 1437; x_wconf 81' lang='lat' dir='ltr'><strong>velabis</strong></span> <span class='ocrx_word' id='word_1_86' title='bbox 793 1370 967 1459; x_wconf 84' lang='lat' dir='ltr'><strong>posteriora</strong></span> <span class='ocrx_word' id='word_1_87' title='bbox 983 1369 1182 1436; x_wconf 81' lang='lat' dir='ltr'><strong>tabernaculi</strong></span> <span class='ocrx_word' id='word_1_88' title='bbox 1195 1393 1236 1436; x_wconf 88' lang='lat' dir='ltr'><strong>su·</strong></span> 
     </span>
     <span class='ocr_line' id='line_1_12' title="bbox 207 1477 1238 1566; baseline -0.002 -22"><span class='ocrx_word' id='word_1_89' title='bbox 207 1479 333 1548; x_wconf 80' lang='lat' dir='ltr'><strong>abitum</strong></span> <span class='ocrx_word' id='word_1_90' title='bbox 355 1477 449 1552; x_wconf 87' lang='lat' dir='ltr'><strong>hine,</strong></span> <span class='ocrx_word' id='word_1_91' title='bbox 472 1489 504 1542; x_wconf 91' lang='lat' dir='ltr'><strong>et</strong></span> <span class='ocrx_word' id='word_1_92' title='bbox 525 1478 672 1550; x_wconf 84' lang='lat' dir='ltr'><strong>cubitum</strong></span> <span class='ocrx_word' id='word_1_93' title='bbox 695 1477 788 1554; x_wconf 84' lang='lat' dir='ltr'><strong>inde,</strong></span> <span class='ocrx_word' id='word_1_94' title='bbox 813 1501 853 1544; x_wconf 77' lang='lat' dir='ltr'><strong>es</strong></span> <span class='ocrx_word' id='word_1_95' title='bbox 875 1478 1022 1566; x_wconf 86' lang='lat' dir='ltr'><strong>eoquod</strong></span> <span class='ocrx_word' id='word_1_96' title='bbox 1047 1479 1189 1546; x_wconf 76' lang='lat' dir='ltr'><strong>abundat</strong></span> <span class='ocrx_word' id='word_1_97' title='bbox 1210 1501 1238 1546; x_wconf 78' lang='grc' dir='ltr'><strong>ιιι</strong></span> 
     </span>
     <span class='ocr_line' id='line_1_13' title="bbox 209 1583 1240 1676; baseline 0 -28"><span class='ocrx_word' id='word_1_98' title='bbox 209 1585 428 1676; x_wconf 74' lang='lat' dir='ltr'><strong>»longitudine</strong></span> <span class='ocrx_word' id='word_1_99' title='bbox 445 1583 595 1673; x_wconf 87' lang='lat' dir='ltr'><strong>pellium,</strong></span> <span class='ocrx_word' id='word_1_100' title='bbox 612 1597 646 1652; x_wconf 90' lang='lat' dir='ltr'><strong>et</strong></span> <span class='ocrx_word' id='word_1_101' title='bbox 669 1585 730 1653; x_wconf 79' lang='lat' dir='ltr'><strong>erit</strong></span> <span class='ocrx_word' id='word_1_102' title='bbox 746 1585 934 1674; x_wconf 85' lang='lat' dir='ltr'><strong>adopertum</strong></span> <span class='ocrx_word' id='word_1_103' title='bbox 948 1584 1190 1654; x_wconf 82' lang='lat' dir='ltr'><strong>tabernaculum</strong></span> <span class='ocrx_word' id='word_1_104' title='bbox 1206 1607 1240 1650; x_wconf 80' lang='lat' dir='ltr'><strong>ex</strong></span> 
     </span>
     <span class='ocr_line' id='line_1_14' title="bbox 208 1692 1239 1784; baseline 0 -24"><span class='ocrx_word' id='word_1_105' title='bbox 208 1693 381 1764; x_wconf 83' lang='lat' dir='ltr'><strong>»lateribus</strong></span> <span class='ocrx_word' id='word_1_106' title='bbox 391 1694 468 1762; x_wconf 67' lang='lat' dir='ltr'><strong>Mun</strong></span> <span class='ocrx_word' id='word_1_107' title='bbox 482 1705 514 1760; x_wconf 91' lang='lat' dir='ltr'><strong>et</strong></span> <span class='ocrx_word' id='word_1_108' title='bbox 525 1692 655 1762; x_wconf 52' lang='lat' dir='ltr'><strong>indu.»</strong></span> <span class='ocrx_word' id='word_1_109' title='bbox 678 1694 760 1762; x_wconf 90' lang='lat' dir='ltr'><strong>Puto</strong></span> <span class='ocrx_word' id='word_1_110' title='bbox 775 1717 851 1782; x_wconf 79' lang='lat' dir='ltr'><strong>erge</strong></span> <span class='ocrx_word' id='word_1_111' title='bbox 867 1695 956 1784; x_wconf 91' lang='lat' dir='ltr'><strong>qued</strong></span> <span class='ocrx_word' id='word_1_112' title='bbox 978 1693 1097 1760; x_wconf 84' lang='lat' dir='ltr'><strong>harum</strong></span> <span class='ocrx_word' id='word_1_113' title='bbox 1120 1692 1239 1782; x_wconf 88' lang='lat' dir='ltr'><strong>pellium</strong></span> 
     </span>
     <span class='ocr_line' id='line_1_15' title="bbox 208 1803 1238 1879; baseline -0.005 -6"><span class='ocrx_word' id='word_1_114' title='bbox 208 1804 328 1873; x_wconf 82' lang='lat' dir='ltr'><strong>mentio</strong></span> <span class='ocrx_word' id='word_1_115' title='bbox 348 1803 404 1873; x_wconf 82' lang='lat' dir='ltr'><strong>ilat</strong></span> <span class='ocrx_word' id='word_1_116' title='bbox 425 1803 459 1872; x_wconf 88' lang='lat' dir='ltr'><strong>in</strong></span> <span class='ocrx_word' id='word_1_117' title='bbox 481 1803 614 1873; x_wconf 75' lang='lat' dir='ltr'><strong>(lentico</strong></span> <span class='ocrx_word' id='word_1_118' title='bbox 632 1803 858 1879; x_wconf 84' lang='lat' dir='ltr'><strong>Cantieerum,</strong></span> <span class='ocrx_word' id='word_1_119' title='bbox 875 1815 908 1870; x_wconf 87' lang='lat' dir='ltr'><strong>et</strong></span> <span class='ocrx_word' id='word_1_120' title='bbox 926 1804 994 1870; x_wconf 80' lang='lat' dir='ltr'><strong>istae</strong></span> <span class='ocrx_word' id='word_1_121' title='bbox 1012 1803 1161 1868; x_wconf 83' lang='lat' dir='ltr'><strong>dieantur</strong></span> <span class='ocrx_word' id='word_1_122' title='bbox 1179 1825 1238 1868; x_wconf 81' lang='lat' dir='ltr'><strong>esse</strong></span> 
     </span>
     <span class='ocr_line' id='line_1_16' title="bbox 209 1909 1231 1998; baseline -0.006 -20"><span class='ocrx_word' id='word_1_123' title='bbox 209 1910 410 1986; x_wconf 84' lang='lat' dir='ltr'><strong>Salomonis,</strong></span> <span class='ocrx_word' id='word_1_124' title='bbox 435 1911 489 1996; x_wconf 89' lang='lat' dir='ltr'><strong>qui</strong></span> <span class='ocrx_word' id='word_1_125' title='bbox 511 1910 667 1998; x_wconf 76' lang='lat' dir='ltr'><strong>accipitur</strong></span> <span class='ocrx_word' id='word_1_126' title='bbox 687 1910 721 1976; x_wconf 91' lang='lat' dir='ltr'><strong>iu</strong></span> <span class='ocrx_word' id='word_1_127' title='bbox 746 1909 918 1998; x_wconf 80' lang='lat' dir='ltr'><strong>pacificum</strong></span> <span class='ocrx_word' id='word_1_128' title='bbox 946 1910 1124 1978; x_wconf 88' lang='lat' dir='ltr'><strong>Christum.</strong></span> <span class='ocrx_word' id='word_1_129' title='bbox 1147 1911 1231 1998; x_wconf 81' lang='lat' dir='ltr'><strong>ipsius</strong></span> 
     </span>
     <span class='ocr_line' id='line_1_17' title="bbox 207 2015 1235 2106; baseline -0.005 -20"><span class='ocrx_word' id='word_1_130' title='bbox 207 2041 282 2106; x_wconf 77' lang='lat' dir='ltr'><strong>ergo</strong></span> <span class='ocrx_word' id='word_1_131' title='bbox 297 2031 344 2084; x_wconf 87' lang='lat' dir='ltr'><strong>est</strong></span> <span class='ocrx_word' id='word_1_132' title='bbox 359 2015 619 2094; x_wconf 82' lang='lat' dir='ltr'><strong>tabernaculum,</strong></span> <span class='ocrx_word' id='word_1_133' title='bbox 636 2029 668 2082; x_wconf 90' lang='lat' dir='ltr'><strong>et</strong></span> <span class='ocrx_word' id='word_1_134' title='bbox 684 2040 721 2083; x_wconf 84' lang='lat' dir='ltr'><strong>en</strong></span> <span class='ocrx_word' id='word_1_135' title='bbox 740 2039 810 2105; x_wconf 76' lang='lat' dir='ltr'><strong>quaa</strong></span> <span class='ocrx_word' id='word_1_136' title='bbox 826 2019 865 2084; x_wconf 86' lang='lat' dir='ltr'><strong>ed</strong></span> <span class='ocrx_word' id='word_1_137' title='bbox 886 2017 1129 2084; x_wconf 81' lang='lat' dir='ltr'><strong>tabernaculum</strong></span> <span class='ocrx_word' id='word_1_138' title='bbox 1142 2018 1235 2105; x_wconf 84' lang='lat' dir='ltr'><strong>perti·</strong></span> 
     </span>
     <span class='ocr_line' id='line_1_18' title="bbox 207 2121 1244 2213; baseline -0.002 -21"><span class='ocrx_word' id='word_1_139' title='bbox 207 2121 285 2195; x_wconf 75' lang='lat' dir='ltr'><strong>nen&#39;t</strong></span> <span class='ocrx_word' id='word_1_140' title='bbox 304 2149 311 2192; x_wconf 73' lang='grc' dir='ltr'><strong>ε</strong></span> <span class='ocrx_word' id='word_1_141' title='bbox 333 2136 366 2190; x_wconf 87' lang='lat' dir='ltr'><strong>et</strong></span> <span class='ocrx_word' id='word_1_142' title='bbox 392 2125 554 2213; x_wconf 71' lang='lat' dir='ltr'><strong>praecipue</strong></span> <span class='ocrx_word' id='word_1_143' title='bbox 574 2125 600 2192; x_wconf 92' lang='lat' dir='ltr'><strong>si</strong></span> <span class='ocrx_word' id='word_1_144' title='bbox 624 2122 704 2190; x_wconf 91' lang='lat' dir='ltr'><strong>illud</strong></span> <span class='ocrx_word' id='word_1_145' title='bbox 724 2124 967 2193; x_wconf 79' lang='lat' dir='ltr'><strong>tabernaculum</strong></span> <span class='ocrx_word' id='word_1_146' title='bbox 989 2127 1244 2198; x_wconf 84' lang='lat' dir='ltr'><strong>consideremus,</strong></span> 
     </span>
     <span class='ocr_line' id='line_1_19' title="bbox 209 2231 1249 2319; baseline 0.002 -23"><span class='ocrx_word' id='word_1_147' title='bbox 209 2233 294 2319; x_wconf 88' lang='lat' dir='ltr'><strong>qued</strong></span> <span class='ocrx_word' id='word_1_148' title='bbox 307 2232 424 2297; x_wconf 84' lang='lat' dir='ltr'><strong>dieitur</strong></span> <span class='ocrx_word' id='word_1_149' title='bbox 439 2231 681 2299; x_wconf 85' lang='lat' dir='ltr'><strong>tabernaculum</strong></span> <span class='ocrx_word' id='word_1_150' title='bbox 697 2253 827 2309; x_wconf 83' lang='lat' dir='ltr'><strong>verum,</strong></span> <span class='ocrx_word' id='word_1_151' title='bbox 844 2233 930 2319; x_wconf 91' lang='lat' dir='ltr'><strong>qued</strong></span> <span class='ocrx_word' id='word_1_152' title='bbox 949 2232 1018 2298; x_wconf 78' lang='lat' dir='ltr'><strong>fixit</strong></span> <span class='ocrx_word' id='word_1_153' title='bbox 1034 2234 1119 2300; x_wconf 85' lang='lat' dir='ltr'><strong>Deus</strong></span> <span class='ocrx_word' id='word_1_154' title='bbox 1134 2244 1168 2297; x_wconf 91' lang='lat' dir='ltr'><strong>et</strong></span> <span class='ocrx_word' id='word_1_155' title='bbox 1184 2255 1249 2298; x_wconf 86' lang='lat' dir='ltr'><strong>nen</strong></span> 
     </span>
     <span class='ocr_line' id='line_1_20' title="bbox 208 2323 1253 2428; baseline -0.003 -21"><span class='ocrx_word' id='word_1_156' title='bbox 208 2323 466 2428; x_wconf 83' lang='lat' dir='ltr'><strong>beme‚etqued</strong></span> <span class='ocrx_word' id='word_1_157' title='bbox 483 2339 544 2408; x_wconf 84' lang='lat' dir='ltr'><strong>ait:</strong></span> <span class='ocrx_word' id='word_1_158' title='bbox 557 2367 570 2399; x_wconf 75' lang='grc' dir='ltr'>ι</span> <span class='ocrx_word' id='word_1_159' title='bbox 582 2339 654 2406; x_wconf 84' lang='grc' dir='ltr'>Νοιι</span> <span class='ocrx_word' id='word_1_160' title='bbox 669 2339 755 2408; x_wconf 82' lang='lat' dir='ltr'><strong>enirn</strong></span> <span class='ocrx_word' id='word_1_161' title='bbox 771 2339 805 2408; x_wconf 88' lang='lat' dir='ltr'><strong>in</strong></span> <span class='ocrx_word' id='word_1_162' title='bbox 821 2362 917 2406; x_wconf 83' lang='lat' dir='ltr'><strong>manu</strong></span> <span class='ocrx_word' id='word_1_163' title='bbox 933 2340 1018 2408; x_wconf 83' lang='lat' dir='ltr'><strong>fasta</strong></span> <span class='ocrx_word' id='word_1_164' title='bbox 1034 2353 1140 2406; x_wconf 84' lang='lat' dir='ltr'><strong>sancta</strong></span> <span class='ocrx_word' id='word_1_165' title='bbox 1154 2341 1253 2404; x_wconf 86' lang='lat' dir='ltr'><strong>intra-</strong></span> 
     </span>
     <span class='ocr_line' id='line_1_21' title="bbox 210 2445 1256 2538; baseline 0.003 -26"><span class='ocrx_word' id='word_1_166' title='bbox 210 2449 276 2514; x_wconf 81' lang='lat' dir='ltr'><strong>»rit</strong></span> <span class='ocrx_word' id='word_1_167' title='bbox 290 2447 382 2514; x_wconf 83' lang='lat' dir='ltr'><strong>Jesus</strong></span> <span class='ocrx_word' id='word_1_168' title='bbox 398 2445 588 2536; x_wconf 82' lang='lat' dir='ltr'><strong>exemplaria</strong></span> <span class='ocrx_word' id='word_1_169' title='bbox 605 2461 752 2516; x_wconf 76' lang='lat' dir='ltr'><strong>verorum</strong></span> <span class='ocrx_word' id='word_1_170' title='bbox 762 2445 784 2510; x_wconf 86' lang='lat'><strong>².</strong></span> <span class='ocrx_word' id='word_1_171' title='bbox 800 2475 814 2508; x_wconf 77' lang='lat' dir='ltr'><strong>a</strong></span> <span class='ocrx_word' id='word_1_172' title='bbox 837 2448 872 2514; x_wconf 85' lang='lat' dir='ltr'><strong>si</strong></span> <span class='ocrx_word' id='word_1_173' title='bbox 887 2471 964 2536; x_wconf 78' lang='lat' dir='ltr'><strong>erge</strong></span> <span class='ocrx_word' id='word_1_174' title='bbox 980 2447 1256 2538; x_wconf 74' lang='lat' dir='ltr'><strong>pulchritudinem</strong></span> 
     </span>
     <span class='ocr_line' id='line_1_22' title="bbox 209 2552 1259 2644; baseline -0.004 -20"><span class='ocrx_word' id='word_1_175' title='bbox 209 2579 300 2624; x_wconf 83' lang='lat' dir='ltr'><strong>suem</strong></span> <span class='ocrx_word' id='word_1_176' title='bbox 321 2573 436 2644; x_wconf 77' lang='lat' dir='ltr'><strong>spensa</strong></span> <span class='ocrx_word' id='word_1_177' title='bbox 457 2553 592 2642; x_wconf 88' lang='lat' dir='ltr'><strong>pellibus</strong></span> <span class='ocrx_word' id='word_1_178' title='bbox 614 2566 779 2644; x_wconf 78' lang='lat' dir='ltr'><strong>comparat</strong></span> <span class='ocrx_word' id='word_1_179' title='bbox 806 2552 1011 2632; x_wconf 81' lang='lat' dir='ltr'><strong>Salomonis,</strong></span> <span class='ocrx_word' id='word_1_180' title='bbox 1032 2553 1164 2622; x_wconf 85' lang='lat' dir='ltr'><strong>illarum</strong></span> <span class='ocrx_word' id='word_1_181' title='bbox 1190 2557 1259 2622; x_wconf 88' lang='lat' dir='ltr'><strong>sine</strong></span> 
     </span>
     <span class='ocr_line' id='line_1_23' title="bbox 211 2661 1260 2753; baseline -0.004 -19"><span class='ocrx_word' id='word_1_182' title='bbox 211 2666 310 2735; x_wconf 85' lang='lat' dir='ltr'><strong>dubie</strong></span> <span class='ocrx_word' id='word_1_183' title='bbox 325 2663 456 2752; x_wconf 84' lang='lat' dir='ltr'><strong>pellium</strong></span> <span class='ocrx_word' id='word_1_184' title='bbox 478 2661 611 2752; x_wconf 79' lang='lat' dir='ltr'><strong>gloriam</strong></span> <span class='ocrx_word' id='word_1_185' title='bbox 626 2675 660 2730; x_wconf 87' lang='lat' dir='ltr'><strong>et</strong></span> <span class='ocrx_word' id='word_1_186' title='bbox 677 2661 949 2752; x_wconf 81' lang='lat' dir='ltr'><strong>pulchritudinem</strong></span> <span class='ocrx_word' id='word_1_187' title='bbox 972 2666 1064 2740; x_wconf 86' lang='lat' dir='ltr'><strong>dicit,</strong></span> <span class='ocrx_word' id='word_1_188' title='bbox 1081 2690 1159 2753; x_wconf 84' lang='lat' dir='ltr'><strong>quae</strong></span> <span class='ocrx_word' id='word_1_189' title='bbox 1179 2689 1260 2753; x_wconf 86' lang='lat' dir='ltr'><strong>epe·</strong></span> 
     </span>
     <span class='ocr_line' id='line_1_24' title="bbox 210 2769 1262 2858; baseline 0.002 -18"><span class='ocrx_word' id='word_1_190' title='bbox 210 2773 298 2840; x_wconf 90' lang='lat' dir='ltr'><strong>riunt</strong></span> <span class='ocrx_word' id='word_1_191' title='bbox 312 2771 391 2840; x_wconf 89' lang='lat' dir='ltr'><strong>illud</strong></span> <span class='ocrx_word' id='word_1_192' title='bbox 405 2769 648 2838; x_wconf 81' lang='lat' dir='ltr'><strong>tabernaculum</strong></span> <span class='ocrx_word' id='word_1_193' title='bbox 663 2772 750 2858; x_wconf 91' lang='lat' dir='ltr'><strong>qued</strong></span> <span class='ocrx_word' id='word_1_194' title='bbox 762 2771 831 2840; x_wconf 72' lang='lat' dir='ltr'><strong>lixit</strong></span> <span class='ocrx_word' id='word_1_195' title='bbox 845 2774 933 2840; x_wconf 87' lang='lat' dir='ltr'><strong>Deus</strong></span> <span class='ocrx_word' id='word_1_196' title='bbox 953 2786 986 2838; x_wconf 87' lang='lat' dir='ltr'><strong>et</strong></span> <span class='ocrx_word' id='word_1_197' title='bbox 1004 2796 1069 2838; x_wconf 90' lang='lat' dir='ltr'><strong>nen</strong></span> <span class='ocrx_word' id='word_1_198' title='bbox 1088 2772 1210 2840; x_wconf 87' lang='lat' dir='ltr'><strong>home.</strong></span> <span class='ocrx_word' id='word_1_199' title='bbox 1229 2773 1262 2842; x_wconf 84' lang='lat' dir='ltr'><strong>Si</strong></span> 
     </span>
     <span class='ocr_line' id='line_1_25' title="bbox 210 2879 1265 2970; baseline 0.001 -19"><span class='ocrx_word' id='word_1_200' title='bbox 210 2903 284 2951; x_wconf 78' lang='lat' dir='ltr'><strong>vero</strong></span> <span class='ocrx_word' id='word_1_201' title='bbox 295 2879 493 2969; x_wconf 74' lang='lat' dir='ltr'><strong>nigredinem</strong></span> <span class='ocrx_word' id='word_1_202' title='bbox 504 2901 672 2968; x_wconf 82' lang='lat' dir='ltr'><strong>suamquse</strong></span> <span class='ocrx_word' id='word_1_203' title='bbox 683 2883 866 2970; x_wconf 79' lang='lat' dir='ltr'><strong>exprobrari</strong></span> <span class='ocrx_word' id='word_1_204' title='bbox 881 2909 900 2950; x_wconf 90' lang='lat' dir='ltr'><strong>a</strong></span> <span class='ocrx_word' id='word_1_205' title='bbox 916 2883 1040 2952; x_wconf 85' lang='lat' dir='ltr'><strong>filiabus</strong></span> <span class='ocrx_word' id='word_1_206' title='bbox 1051 2884 1265 2952; x_wconf 79' lang='lat' dir='ltr'><strong>Hierusalem</strong></span> 
     </span>
     <span class='ocr_line' id='line_1_26' title="bbox 209 2986 1269 3085; baseline 0.004 -31"><span class='ocrx_word' id='word_1_207' title='bbox 209 2988 393 3084; x_wconf 75' lang='lat' dir='ltr'><strong>ridebatur,</strong></span> <span class='ocrx_word' id='word_1_208' title='bbox 410 2986 545 3085; x_wconf 82' lang='lat' dir='ltr'><strong>pellibus</strong></span> <span class='ocrx_word' id='word_1_209' title='bbox 563 2987 699 3054; x_wconf 86' lang='lat' dir='ltr'><strong>contulit</strong></span> <span class='ocrx_word' id='word_1_210' title='bbox 722 2988 918 3068; x_wconf 81' lang='lat' dir='ltr'><strong>Salomonis,</strong></span> <span class='ocrx_word' id='word_1_211' title='bbox 940 2993 1034 3080; x_wconf 88' lang='lat' dir='ltr'><strong>hujus</strong></span> <span class='ocrx_word' id='word_1_212' title='bbox 1053 2993 1269 3060; x_wconf 79' lang='lat' dir='ltr'><strong>tabernaculi</strong></span> 
     </span>
     <span class='ocr_line' id='line_1_27' title="bbox 211 3095 1271 3188; baseline 0.002 -24"><span class='ocrx_word' id='word_1_213' title='bbox 211 3097 297 3186; x_wconf 85' lang='lat' dir='ltr'><strong>qued</strong></span> <span class='ocrx_word' id='word_1_214' title='bbox 312 3095 472 3184; x_wconf 81' lang='lat' dir='ltr'><strong>exemplar</strong></span> <span class='ocrx_word' id='word_1_215' title='bbox 492 3097 554 3163; x_wconf 84' lang='lat' dir='ltr'><strong>veri</strong></span> <span class='ocrx_word' id='word_1_216' title='bbox 578 3096 773 3167; x_wconf 79' lang='lat' dir='ltr'><strong>tabernaculi</strong></span> <span class='ocrx_word' id='word_1_217' title='bbox 796 3113 946 3175; x_wconf 81' lang='lat' dir='ltr'><strong>venatur,</strong></span> <span class='ocrx_word' id='word_1_218' title='bbox 964 3101 1164 3188; x_wconf 79' lang='lat' dir='ltr'><strong>aecipiendae</strong></span> <span class='ocrx_word' id='word_1_219' title='bbox 1193 3115 1271 3168; x_wconf 82' lang='lat' dir='ltr'><strong>eunt</strong></span> 
     </span>
     <span class='ocr_line' id='line_1_28' title="bbox 208 3202 1312 3298; baseline 0.005 -25"><span class='ocrx_word' id='word_1_220' title='bbox 208 3203 325 3294; x_wconf 84' lang='lat' dir='ltr'><strong>pelles:</strong></span> <span class='ocrx_word' id='word_1_221' title='bbox 342 3205 431 3290; x_wconf 86' lang='lat' dir='ltr'><strong>quasi</strong></span> <span class='ocrx_word' id='word_1_222' title='bbox 451 3204 540 3290; x_wconf 82' lang='lat' dir='ltr'><strong>qued</strong></span> <span class='ocrx_word' id='word_1_223' title='bbox 554 3217 586 3271; x_wconf 90' lang='lat' dir='ltr'><strong>et</strong></span> <span class='ocrx_word' id='word_1_224' title='bbox 603 3202 677 3292; x_wconf 76' lang='lat' dir='ltr'><strong>ipsae</strong></span> <span class='ocrx_word' id='word_1_225' title='bbox 700 3206 796 3294; x_wconf 65' lang='lat' dir='ltr'><strong>nigras</strong></span> <span class='ocrx_word' id='word_1_226' title='bbox 812 3207 875 3276; x_wconf 85' lang='lat' dir='ltr'><strong>siut</strong></span> <span class='ocrx_word' id='word_1_227' title='bbox 896 3209 1044 3294; x_wconf 86' lang='lat' dir='ltr'><strong>quidem,</strong></span> <span class='ocrx_word' id='word_1_228' title='bbox 1071 3222 1197 3298; x_wconf 82' lang='lat' dir='ltr'><strong>utpote</strong></span> <span class='ocrx_word' id='word_1_229' title='bbox 1216 3235 1273 3278; x_wconf 83' lang='lat' dir='ltr'><strong>ea·</strong></span> <span class='ocrx_word' id='word_1_230' title='bbox 1311 3243 1312 3246; x_wconf 39' lang='lat'>¹</span> 
     </span>
     <span class='ocr_line' id='line_1_29' title="bbox 209 3311 1276 3404; baseline 0.005 -26"><span class='ocrx_word' id='word_1_231' title='bbox 209 3335 339 3403; x_wconf 79' lang='lat' dir='ltr'><strong>prarntn</strong></span> <span class='ocrx_word' id='word_1_232' title='bbox 358 3311 428 3400; x_wconf 88' lang='lat' dir='ltr'><strong>pilis</strong></span> <span class='ocrx_word' id='word_1_233' title='bbox 447 3324 559 3388; x_wconf 77' lang='lat' dir='ltr'><strong>texte,</strong></span> <span class='ocrx_word' id='word_1_234' title='bbox 575 3325 609 3376; x_wconf 85' lang='lat' dir='ltr'><strong>et</strong></span> <span class='ocrx_word' id='word_1_235' title='bbox 627 3323 733 3380; x_wconf 82' lang='lat' dir='ltr'><strong>tamen</strong></span> <span class='ocrx_word' id='word_1_236' title='bbox 751 3337 842 3382; x_wconf 85' lang='lat' dir='ltr'><strong>usum</strong></span> <span class='ocrx_word' id='word_1_237' title='bbox 859 3327 1068 3404; x_wconf 84' lang='lat' dir='ltr'><strong>ornatumque</strong></span> <span class='ocrx_word' id='word_1_238' title='bbox 1081 3317 1276 3384; x_wconf 80' lang='lat' dir='ltr'><strong>exhibeant</strong></span> 
     </span>
     <span class='ocr_line' id='line_1_30' title="bbox 212 3418 1279 3512; baseline 0.002 -24"><span class='ocrx_word' id='word_1_239' title='bbox 212 3420 319 3490; x_wconf 79' lang='lat' dir='ltr'><strong>divine</strong></span> <span class='ocrx_word' id='word_1_240' title='bbox 337 3418 555 3494; x_wconf 68' lang='lat' dir='ltr'><strong>tabernaculo.</strong></span> <span class='ocrx_word' id='word_1_241' title='bbox 579 3421 676 3499; x_wconf 81' lang='lat' dir='ltr'><strong>Quod</strong></span> <span class='ocrx_word' id='word_1_242' title='bbox 691 3433 797 3488; x_wconf 78' lang='lat' dir='ltr'><strong>nartem</strong></span> <span class='ocrx_word' id='word_1_243' title='bbox 815 3423 938 3488; x_wconf 88' lang='lat' dir='ltr'><strong>videtur</strong></span> <span class='ocrx_word' id='word_1_244' title='bbox 954 3447 1022 3490; x_wconf 90' lang='lat' dir='ltr'><strong>esse</strong></span> <span class='ocrx_word' id='word_1_245' title='bbox 1038 3448 1190 3512; x_wconf 80' lang='lat' dir='ltr'><strong>persona</strong></span> <span class='ocrx_word' id='word_1_246' title='bbox 1212 3451 1279 3492; x_wconf 80' lang='lat' dir='ltr'><strong>uua</strong></span> 
     </span>
     <span class='ocr_line' id='line_1_31' title="bbox 211 3526 1281 3618; baseline 0.006 -24"><span class='ocrx_word' id='word_1_247' title='bbox 211 3553 281 3618; x_wconf 81' lang='lat' dir='ltr'><strong>quae</strong></span> <span class='ocrx_word' id='word_1_248' title='bbox 296 3527 455 3614; x_wconf 85' lang='lat' dir='ltr'><strong>loquitur,</strong></span> <span class='ocrx_word' id='word_1_249' title='bbox 470 3539 503 3594; x_wconf 87' lang='lat' dir='ltr'><strong>et</strong></span> <span class='ocrx_word' id='word_1_250' title='bbox 518 3526 663 3615; x_wconf 86' lang='lat' dir='ltr'><strong>pluribus</strong></span> <span class='ocrx_word' id='word_1_251' title='bbox 679 3551 711 3596; x_wconf 83' lang='lat' dir='ltr'><strong>se</strong></span> <span class='ocrx_word' id='word_1_252' title='bbox 728 3530 777 3594; x_wconf 91' lang='lat' dir='ltr'><strong>vel</strong></span> <span class='ocrx_word' id='word_1_253' title='bbox 792 3531 1002 3599; x_wconf 70' lang='lat' dir='ltr'><strong>tabernaculis</strong></span> <span class='ocrx_word' id='word_1_254' title='bbox 1022 3533 1133 3602; x_wconf 78' lang='lat' dir='ltr'><strong>Codar</strong></span> <span class='ocrx_word' id='word_1_255' title='bbox 1155 3536 1201 3600; x_wconf 84' lang='lat' dir='ltr'><strong>in</strong></span> <span class='ocrx_word' id='word_1_256' title='bbox 1227 3537 1281 3600; x_wconf 89' lang='lat' dir='ltr'><strong>ni-</strong></span> 
     </span>
     <span class='ocr_line' id='line_1_32' title="bbox 208 3634 1312 3731; baseline 0.005 -27"><span class='ocrx_word' id='word_1_257' title='bbox 208 3638 359 3728; x_wconf 80' lang='lat' dir='ltr'><strong>gredine,</strong></span> <span class='ocrx_word' id='word_1_258' title='bbox 377 3634 423 3702; x_wconf 85' lang='lat' dir='ltr'><strong>vel</strong></span> <span class='ocrx_word' id='word_1_259' title='bbox 439 3635 617 3706; x_wconf 85' lang='lat' dir='ltr'><strong>Salomonis</strong></span> <span class='ocrx_word' id='word_1_260' title='bbox 632 3635 768 3724; x_wconf 90' lang='lat' dir='ltr'><strong>pellibus</strong></span> <span class='ocrx_word' id='word_1_261' title='bbox 791 3641 1006 3728; x_wconf 76' lang='lat' dir='ltr'><strong>comparavit,</strong></span> <span class='ocrx_word' id='word_1_262' title='bbox 1030 3641 1072 3708; x_wconf 80' lang='lat' dir='ltr'><strong>iu</strong></span> <span class='ocrx_word' id='word_1_263' title='bbox 1091 3643 1284 3731; x_wconf 71' lang='lat' dir='ltr'><strong>aecipien·</strong></span> <span class='ocrx_word' id='word_1_264' title='bbox 1311 3643 1312 3662; x_wconf 64' lang='lat'>¹</span> 
     </span>
     <span class='ocr_line' id='line_1_33' title="bbox 212 3745 1312 3834; baseline 0.001 -21"><span class='ocrx_word' id='word_1_265' title='bbox 212 3748 290 3814; x_wconf 86' lang='lat' dir='ltr'><strong>dum</strong></span> <span class='ocrx_word' id='word_1_266' title='bbox 305 3757 370 3821; x_wconf 88' lang='lat' dir='ltr'><strong>est,</strong></span> <span class='ocrx_word' id='word_1_267' title='bbox 385 3745 457 3834; x_wconf 84' lang='lat' dir='ltr'><strong>quia</strong></span> <span class='ocrx_word' id='word_1_268' title='bbox 470 3767 533 3812; x_wconf 85' lang='lat' dir='ltr'><strong>uns</strong></span> <span class='ocrx_word' id='word_1_269' title='bbox 550 3745 677 3832; x_wconf 86' lang='lat' dir='ltr'><strong>quidem</strong></span> <span class='ocrx_word' id='word_1_270' title='bbox 688 3769 822 3834; x_wconf 75' lang='lat' dir='ltr'><strong>persona</strong></span> <span class='ocrx_word' id='word_1_271' title='bbox 838 3748 979 3822; x_wconf 86' lang='lat' dir='ltr'><strong>videtur,</strong></span> <span class='ocrx_word' id='word_1_272' title='bbox 990 3749 1154 3816; x_wconf 77' lang='lat' dir='ltr'><strong>Eeelesiae</strong></span> <span class='ocrx_word' id='word_1_273' title='bbox 1176 3752 1285 3818; x_wconf 71' lang='lat' dir='ltr'><strong>inne</strong></span> <span class='ocrx_word' id='word_1_274' title='bbox 1311 3753 1312 3806; x_wconf 59' lang='lat'><em>3</em></span> 
     </span>
    </p>
   </div>
   <div class='ocr_carea' id='block_1_3' title="bbox 247 3887 1063 3957">
    <p class='ocr_par' dir='ltr' id='par_1_5' title="bbox 247 3887 1063 3957">
     <span class='ocr_line' id='line_1_34' title="bbox 247 3887 1063 3957; baseline 0.01 -21"><span class='ocrx_word' id='word_1_275' title='bbox 247 3891 345 3938; x_wconf 76' lang='lat' dir='ltr'><strong>tssxod.</strong></span> <span class='ocrx_word' id='word_1_276' title='bbox 360 3906 439 3950; x_wconf 75' lang='lat' dir='ltr'><strong>mr,</strong></span> <span class='ocrx_word' id='word_1_277' title='bbox 453 3905 477 3957; x_wconf 84' lang='lat'><strong>7,</strong></span> <span class='ocrx_word' id='word_1_278' title='bbox 490 3894 515 3954; x_wconf 80' lang='lat'><strong>8,</strong></span> <span class='ocrx_word' id='word_1_279' title='bbox 527 3907 552 3956; x_wconf 82' lang='lat'><strong>9,</strong></span> <span class='ocrx_word' id='word_1_280' title='bbox 566 3905 608 3954; x_wconf 73' lang='grc' dir='ltr'><strong>ιο,</strong></span> <span class='ocrx_word' id='word_1_281' title='bbox 630 3907 672 3948; x_wconf 80' lang='lat'><strong>11,</strong></span> <span class='ocrx_word' id='word_1_282' title='bbox 687 3908 729 3954; x_wconf 74' lang='lat' dir='ltr'><strong>ra,</strong></span> <span class='ocrx_word' id='word_1_283' title='bbox 750 3887 1063 3955; x_wconf 70' lang='lat' dir='ltr'><strong>13.—²riebr.1x,24.</strong></span> 
     </span>
    </p>
   </div>
   <div class='ocr_carea' id='block_1_4' title="bbox 0 0 1335 4610">
    <p class='ocr_par' dir='ltr' id='par_1_6' title="bbox 0 0 1335 4610">
     <span class='ocr_line' id='line_1_35' title="bbox 0 0 1335 4610; baseline 0 0"><span class='ocrx_word' id='word_1_284' title='bbox 0 0 1335 4610; x_wconf 95' lang='lat' dir='ltr'><strong> </strong></span> 
     </span>
    </p>
   </div>
  </div>
 </body>
</html>
