<?xml version="1.0" encoding="UTF-8"?>
<!DOCTYPE html PUBLIC "-//W3C//DTD XHTML 1.0 Transitional//EN"
    "http://www.w3.org/TR/xhtml1/DTD/xhtml1-transitional.dtd">
<html xmlns="http://www.w3.org/1999/xhtml" xml:lang="en" lang="en">
 <head>
  <title>
</title>
<meta http-equiv="Content-Type" content="text/html;charset=utf-8" />
  <meta name='ocr-system' content='tesseract 3.04.00' />
  <meta name='ocr-capabilities' content='ocr_page ocr_carea ocr_par ocr_line ocrx_word'/>
</head>
<body>
  <div class='ocr_page' id='page_1' title='image "./collectioselect01guilgoog_0955.png"; bbox 0 0 2660 4610; ppageno 0'>
   <div class='ocr_carea' id='block_1_1' title="bbox 275 260 1104 324">
    <p class='ocr_par' dir='ltr' id='par_1_1' title="bbox 275 260 1104 324">
     <span class='ocr_line' id='line_1_1' title="bbox 275 260 1104 324; baseline 0 -3"><span class='ocrx_word' id='word_1_1' title='bbox 275 279 307 322; x_wconf 83' lang='lat' dir='ltr'>nt</span> <span class='ocrx_word' id='word_1_2' title='bbox 333 277 902 324; x_wconf 69' lang='grc'>11111111111111111101111111111101111.</span> <span class='ocrx_word' id='word_1_3' title='bbox 1041 260 1104 324; x_wconf 75' lang='lat'>585</span> 
     </span>
    </p>
   </div>
   <div class='ocr_carea' id='block_1_2' title="bbox 50 399 1109 816">
    <p class='ocr_par' dir='ltr' id='par_1_2' title="bbox 50 399 1109 816">
     <span class='ocr_line' id='line_1_2' title="bbox 50 399 1105 490; baseline 0 -20"><span class='ocrx_word' id='word_1_4' title='bbox 50 469 54 478; x_wconf 86' lang='grc'><em>,</em></span> <span class='ocrx_word' id='word_1_5' title='bbox 74 405 203 472; x_wconf 91' lang='lat' dir='ltr'>omnino</span> <span class='ocrx_word' id='word_1_6' title='bbox 215 415 263 468; x_wconf 86' lang='lat' dir='ltr'>est</span> <span class='ocrx_word' id='word_1_7' title='bbox 276 402 401 467; x_wconf 91' lang='lat' dir='ltr'>tradita.</span> <span class='ocrx_word' id='word_1_8' title='bbox 421 402 485 468; x_wconf 89' lang='lat' dir='ltr'>Sed</span> <span class='ocrx_word' id='word_1_9' title='bbox 497 424 599 489; x_wconf 85' lang='lat' dir='ltr'>neque</span> <span class='ocrx_word' id='word_1_10' title='bbox 610 403 694 489; x_wconf 88' lang='lat' dir='ltr'>apud</span> <span class='ocrx_word' id='word_1_11' title='bbox 709 401 729 465; x_wconf 84' lang='lat' dir='ltr'>J</span> <span class='ocrx_word' id='word_1_12' title='bbox 732 399 840 467; x_wconf 58' lang='lat' dir='ltr'>udaeos&#39;</span> <span class='ocrx_word' id='word_1_13' title='bbox 851 403 961 468; x_wconf 90' lang='lat' dir='ltr'>haberi</span> <span class='ocrx_word' id='word_1_14' title='bbox 977 403 1105 490; x_wconf 86' lang='lat' dir='ltr'>quidem</span> 
     </span>
     <span class='ocr_line' id='line_1_3' title="bbox 77 508 1105 600; baseline 0 -22"><span class='ocrx_word' id='word_1_15' title='bbox 77 537 166 578; x_wconf 81' lang='lat' dir='ltr'>usum</span> <span class='ocrx_word' id='word_1_16' title='bbox 188 510 371 598; x_wconf 88' lang='lat' dir='ltr'>hujusmodi</span> <span class='ocrx_word' id='word_1_17' title='bbox 396 509 570 596; x_wconf 80' lang='lat' dir='ltr'>reperimus</span> <span class='ocrx_word' id='word_1_18' title='bbox 591 508 785 584; x_wconf 87' lang='lat' dir='ltr'>lectionum,</span> <span class='ocrx_word' id='word_1_19' title='bbox 802 534 879 596; x_wconf 90' lang='lat' dir='ltr'>quas</span> <span class='ocrx_word' id='word_1_20' title='bbox 901 512 965 575; x_wconf 80' lang='lat' dir='ltr'>sire</span> <span class='ocrx_word' id='word_1_21' title='bbox 985 535 1044 600; x_wconf 91' lang='lat' dir='ltr'>pro</span> <span class='ocrx_word' id='word_1_22' title='bbox 1066 535 1105 578; x_wconf 89' lang='lat' dir='ltr'>oo</span> 
     </span>
     <span class='ocr_line' id='line_1_4' title="bbox 76 616 1107 708; baseline 0 -24"><span class='ocrx_word' id='word_1_23' title='bbox 76 620 162 708; x_wconf 85' lang='lat' dir='ltr'>quod</span> <span class='ocrx_word' id='word_1_24' title='bbox 184 618 286 705; x_wconf 86' lang='lat' dir='ltr'>aliqua</span> <span class='ocrx_word' id='word_1_25' title='bbox 304 641 399 705; x_wconf 85' lang='lat' dir='ltr'>supra</span> <span class='ocrx_word' id='word_1_26' title='bbox 422 617 593 682; x_wconf 80' lang='lat' dir='ltr'><strong>humanam</strong></span> <span class='ocrx_word' id='word_1_27' title='bbox 621 616 857 705; x_wconf 83' lang='lat' dir='ltr'>intelligentiam</span> <span class='ocrx_word' id='word_1_28' title='bbox 879 619 1107 696; x_wconf 77' lang='lat' dir='ltr'>continebant,</span> 
     </span>
     <span class='ocr_line' id='line_1_5' title="bbox 77 725 1109 816; baseline 0 -24"><span class='ocrx_word' id='word_1_29' title='bbox 77 727 196 816; x_wconf 82' lang='lat' dir='ltr'>placuit</span> <span class='ocrx_word' id='word_1_30' title='bbox 211 725 337 813; x_wconf 87' lang='lat' dir='ltr'>Spiritui</span> <span class='ocrx_word' id='word_1_31' title='bbox 355 736 464 790; x_wconf 87' lang='lat' dir='ltr'>sancto</span> <span class='ocrx_word' id='word_1_32' title='bbox 479 725 595 789; x_wconf 88' lang='lat' dir='ltr'>aulerri</span> <span class='ocrx_word' id='word_1_33' title='bbox 616 725 796 800; x_wconf 88' lang='lat' dir='ltr'>demedio,</span> <span class='ocrx_word' id='word_1_34' title='bbox 812 726 877 790; x_wconf 89' lang='lat' dir='ltr'>sive</span> <span class='ocrx_word' id='word_1_35' title='bbox 896 729 982 813; x_wconf 91' lang='lat' dir='ltr'>quod</span> <span class='ocrx_word' id='word_1_36' title='bbox 1004 741 1109 794; x_wconf 83' lang='lat' dir='ltr'>essent</span> 
     </span>
    </p>
   </div>
   <div class='ocr_carea' id='block_1_3' title="bbox 1 830 1111 1023">
    <p class='ocr_par' dir='ltr' id='par_1_3' title="bbox 1 830 1111 1023">
     <span class='ocr_line' id='line_1_6' title="bbox 1 830 1109 922; baseline 0.001 -22"><span class='ocrx_word' id='word_1_37' title='bbox 1 877 2 910; x_wconf 45' lang='grc'><em>;</em></span> <span class='ocrx_word' id='word_1_38' title='bbox 76 837 118 900; x_wconf 81' lang='lat' dir='ltr'>de</span> <span class='ocrx_word' id='word_1_39' title='bbox 133 833 293 921; x_wconf 85' lang='lat' dir='ltr'>scripturis</span> <span class='ocrx_word' id='word_1_40' title='bbox 307 831 356 896; x_wconf 86' lang='lat' dir='ltr'>his</span> <span class='ocrx_word' id='word_1_41' title='bbox 372 854 442 918; x_wconf 83' lang='lat' dir='ltr'>quae</span> <span class='ocrx_word' id='word_1_42' title='bbox 458 830 655 919; x_wconf 80' lang='lat' dir='ltr'>appellantur</span> <span class='ocrx_word' id='word_1_43' title='bbox 670 834 877 921; x_wconf 85' lang='lat' dir='ltr'>apocryphae,</span> <span class='ocrx_word' id='word_1_44' title='bbox 892 857 950 922; x_wconf 91' lang='lat' dir='ltr'>pro</span> <span class='ocrx_word' id='word_1_45' title='bbox 969 858 1007 898; x_wconf 92' lang='lat' dir='ltr'>eo</span> <span class='ocrx_word' id='word_1_46' title='bbox 1023 836 1109 921; x_wconf 87' lang='lat' dir='ltr'>quod</span> 
     </span>
     <span class='ocr_line' id='line_1_7' title="bbox 1 933 1111 1023; baseline 0.001 -18"><span class='ocrx_word' id='word_1_47' title='bbox 1 1013 2 1016; x_wconf 8' lang='grc' dir='ltr'><strong>Ἴ</strong></span> <span class='ocrx_word' id='word_1_48' title='bbox 77 937 174 1005; x_wconf 89' lang='lat' dir='ltr'>multa</span> <span class='ocrx_word' id='word_1_49' title='bbox 187 937 276 1001; x_wconf 90' lang='lat' dir='ltr'>ineis</span> <span class='ocrx_word' id='word_1_50' title='bbox 291 946 458 1023; x_wconf 90' lang='lat' dir='ltr'>corrupta,</span> <span class='ocrx_word' id='word_1_51' title='bbox 474 946 506 1000; x_wconf 89' lang='lat' dir='ltr'>et</span> <span class='ocrx_word' id='word_1_52' title='bbox 522 947 631 1001; x_wconf 85' lang='lat' dir='ltr'>contra</span> <span class='ocrx_word' id='word_1_53' title='bbox 647 933 745 1001; x_wconf 87' lang='lat' dir='ltr'>fidem</span> <span class='ocrx_word' id='word_1_54' title='bbox 756 961 863 1003; x_wconf 86' lang='lat' dir='ltr'>veram</span> <span class='ocrx_word' id='word_1_55' title='bbox 878 939 1111 1006; x_wconf 84' lang='lat' dir='ltr'>inveniuntara</span> 
     </span>
    </p>
   </div>
   <div class='ocr_carea' id='block_1_4' title="bbox 1 1041 1209 3390">
    <p class='ocr_par' dir='ltr' id='par_1_4' title="bbox 1 1041 1183 3070">
     <span class='ocr_line' id='line_1_8' title="bbox 75 1041 1183 1132; baseline -0.001 -21"><span class='ocrx_word' id='word_1_56' title='bbox 75 1045 249 1132; x_wconf 80' lang='lat' dir='ltr'>majoribus</span> <span class='ocrx_word' id='word_1_57' title='bbox 265 1043 396 1119; x_wconf 86' lang='lat' dir='ltr'>tradita,</span> <span class='ocrx_word' id='word_1_58' title='bbox 414 1065 477 1107; x_wconf 91' lang='lat' dir='ltr'>non</span> <span class='ocrx_word' id='word_1_59' title='bbox 493 1041 612 1130; x_wconf 86' lang='lat' dir='ltr'>placuit</span> <span class='ocrx_word' id='word_1_60' title='bbox 626 1042 670 1107; x_wconf 88' lang='lat' dir='ltr'>eis</span> <span class='ocrx_word' id='word_1_61' title='bbox 687 1043 754 1108; x_wconf 90' lang='lat' dir='ltr'>dari</span> <span class='ocrx_word' id='word_1_62' title='bbox 772 1043 897 1122; x_wconf 89' lang='lat' dir='ltr'>locum,</span> <span class='ocrx_word' id='word_1_63' title='bbox 912 1069 971 1110; x_wconf 93' lang='lat' dir='ltr'>nec</span> <span class='ocrx_word' id='word_1_64' title='bbox 988 1046 1111 1112; x_wconf 83' lang='lat' dir='ltr'>admitti</span> <span class='ocrx_word' id='word_1_65' title='bbox 1179 1059 1183 1064; x_wconf 85' lang='grc'><strong><em>’</em></strong></span> 
     </span>
     <span class='ocr_line' id='line_1_9' title="bbox 1 1151 1112 1240; baseline 0 -21"><span class='ocrx_word' id='word_1_66' title='bbox 1 1237 2 1240; x_wconf 9' lang='lat'>¹</span> <span class='ocrx_word' id='word_1_67' title='bbox 72 1153 114 1219; x_wconf 81' lang='lat' dir='ltr'>ad</span> <span class='ocrx_word' id='word_1_68' title='bbox 129 1153 363 1218; x_wconf 87' lang='lat' dir='ltr'>auctoritatem.</span> <span class='ocrx_word' id='word_1_69' title='bbox 386 1151 488 1239; x_wconf 85' lang='lat' dir='ltr'>Supra</span> <span class='ocrx_word' id='word_1_70' title='bbox 508 1173 565 1216; x_wconf 87' lang='lat' dir='ltr'>nos</span> <span class='ocrx_word' id='word_1_71' title='bbox 580 1164 629 1215; x_wconf 85' lang='lat' dir='ltr'>eet</span> <span class='ocrx_word' id='word_1_72' title='bbox 642 1153 854 1240; x_wconf 74' lang='lat' dir='ltr'>pronunciare</span> <span class='ocrx_word' id='word_1_73' title='bbox 869 1153 908 1216; x_wconf 89' lang='lat' dir='ltr'>de</span> <span class='ocrx_word' id='word_1_74' title='bbox 923 1152 1050 1218; x_wconf 88' lang='lat' dir='ltr'>talibus.</span> <span class='ocrx_word' id='word_1_75' title='bbox 1067 1153 1112 1219; x_wconf 94' lang='lat' dir='ltr'>ll-</span> 
     </span>
     <span class='ocr_line' id='line_1_10' title="bbox 1 1257 1113 1351; baseline 0.001 -26"><span class='ocrx_word' id='word_1_76' title='bbox 1 1348 2 1351; x_wconf 8' lang='lat'><em>*</em></span> <span class='ocrx_word' id='word_1_77' title='bbox 73 1260 128 1326; x_wconf 93' lang='lat' dir='ltr'>lud</span> <span class='ocrx_word' id='word_1_78' title='bbox 143 1273 253 1326; x_wconf 88' lang='lat' dir='ltr'>tamen</span> <span class='ocrx_word' id='word_1_79' title='bbox 264 1257 368 1348; x_wconf 85' lang='lat' dir='ltr'>palam</span> <span class='ocrx_word' id='word_1_80' title='bbox 382 1270 431 1324; x_wconf 86' lang='lat' dir='ltr'>est</span> <span class='ocrx_word' id='word_1_81' title='bbox 441 1257 540 1324; x_wconf 88' lang='lat' dir='ltr'>multa</span> <span class='ocrx_word' id='word_1_82' title='bbox 557 1257 606 1324; x_wconf 89' lang='lat' dir='ltr'>rel</span> <span class='ocrx_word' id='word_1_83' title='bbox 617 1260 656 1324; x_wconf 92' lang='lat' dir='ltr'>ab</span> <span class='ocrx_word' id='word_1_84' title='bbox 669 1258 844 1348; x_wconf 78' lang='lat' dir='ltr'>Apostolis,</span> <span class='ocrx_word' id='word_1_85' title='bbox 857 1259 904 1326; x_wconf 89' lang='lat' dir='ltr'>vel</span> <span class='ocrx_word' id='word_1_86' title='bbox 917 1263 956 1325; x_wconf 88' lang='lat' dir='ltr'>ab</span> <span class='ocrx_word' id='word_1_87' title='bbox 969 1263 1113 1350; x_wconf 73' lang='lat' dir='ltr'>Evange-</span> 
     </span>
     <span class='ocr_line' id='line_1_11' title="bbox 76 1365 1113 1455; baseline 0.002 -23"><span class='ocrx_word' id='word_1_88' title='bbox 76 1368 152 1432; x_wconf 83' lang='lat' dir='ltr'>listis</span> <span class='ocrx_word' id='word_1_89' title='bbox 164 1367 308 1455; x_wconf 82' lang='lat' dir='ltr'>exempla</span> <span class='ocrx_word' id='word_1_90' title='bbox 321 1389 388 1432; x_wconf 87' lang='lat' dir='ltr'>esse</span> <span class='ocrx_word' id='word_1_91' title='bbox 396 1365 535 1454; x_wconf 90' lang='lat' dir='ltr'>prolata,</span> <span class='ocrx_word' id='word_1_92' title='bbox 551 1380 584 1430; x_wconf 89' lang='lat' dir='ltr'>et</span> <span class='ocrx_word' id='word_1_93' title='bbox 599 1390 681 1431; x_wconf 85' lang='lat' dir='ltr'>novo</span> <span class='ocrx_word' id='word_1_94' title='bbox 690 1368 1014 1434; x_wconf 86' lang='lat' dir='ltr'>Testamentoinserta</span> <span class='ocrx_word' id='word_1_95' title='bbox 1024 1418 1033 1443; x_wconf 95' lang='lat'>,</span> <span class='ocrx_word' id='word_1_96' title='bbox 1043 1393 1113 1455; x_wconf 70' lang='lat' dir='ltr'>quac</span> 
     </span>
     <span class='ocr_line' id='line_1_12' title="bbox 78 1473 1110 1563; baseline 0.003 -25"><span class='ocrx_word' id='word_1_97' title='bbox 78 1477 112 1540; x_wconf 91' lang='lat' dir='ltr'>in</span> <span class='ocrx_word' id='word_1_98' title='bbox 121 1473 1110 1563; x_wconf 80' lang='lat' dir='ltr'>hisscripturisquascanonicashabemus‚nunquamlegim&#39;us,</span> 
     </span>
     <span class='ocr_line' id='line_1_13' title="bbox 1 1582 1112 1672; baseline 0.001 -24"><span class='ocrx_word' id='word_1_99' title='bbox 1 1643 2 1662; x_wconf 58' lang='grc'>,</span> <span class='ocrx_word' id='word_1_100' title='bbox 81 1585 114 1648; x_wconf 94' lang='lat' dir='ltr'>in</span> <span class='ocrx_word' id='word_1_101' title='bbox 129 1582 315 1672; x_wconf 77' lang='lat' dir='ltr'>apocryphis</span> <span class='ocrx_word' id='word_1_102' title='bbox 335 1594 441 1647; x_wconf 86' lang='lat' dir='ltr'>tamen</span> <span class='ocrx_word' id='word_1_103' title='bbox 458 1582 675 1657; x_wconf 89' lang='lat' dir='ltr'>inveniuntur,</span> <span class='ocrx_word' id='word_1_104' title='bbox 693 1594 726 1645; x_wconf 91' lang='lat' dir='ltr'>et</span> <span class='ocrx_word' id='word_1_105' title='bbox 740 1583 902 1648; x_wconf 84' lang='lat' dir='ltr'>evidenter</span> <span class='ocrx_word' id='word_1_106' title='bbox 920 1605 959 1648; x_wconf 88' lang='lat' dir='ltr'>ex</span> <span class='ocrx_word' id='word_1_107' title='bbox 973 1585 1047 1670; x_wconf 88' lang='lat' dir='ltr'>ipsis</span> <span class='ocrx_word' id='word_1_108' title='bbox 1059 1608 1112 1649; x_wconf 89' lang='lat' dir='ltr'>os-</span> 
     </span>
     <span class='ocr_line' id='line_1_14' title="bbox 1 1671 1110 1782; baseline 0.002 -28"><span class='ocrx_word' id='word_1_109' title='bbox 1 1671 2 1676; x_wconf 18' lang='lat'><em>*</em></span> <span class='ocrx_word' id='word_1_110' title='bbox 80 1691 251 1756; x_wconf 89' lang='lat' dir='ltr'>tenduntur</span> <span class='ocrx_word' id='word_1_111' title='bbox 274 1701 443 1782; x_wconf 81' lang='lat' dir='ltr'>assumpta</span> <span class='ocrx_word' id='word_1_112' title='bbox 466 1688 529 1756; x_wconf 89' lang='lat' dir='ltr'>Sed</span> <span class='ocrx_word' id='word_1_113' title='bbox 548 1710 588 1752; x_wconf 86' lang='lat' dir='ltr'>ne</span> <span class='ocrx_word' id='word_1_114' title='bbox 604 1689 650 1754; x_wconf 86' lang='lat' dir='ltr'>sic</span> <span class='ocrx_word' id='word_1_115' title='bbox 665 1687 794 1777; x_wconf 90' lang='lat' dir='ltr'>quidem</span> <span class='ocrx_word' id='word_1_116' title='bbox 813 1688 902 1754; x_wconf 79' lang='lat' dir='ltr'>loc&#39;us</span> <span class='ocrx_word' id='word_1_117' title='bbox 920 1691 1110 1780; x_wconf 74' lang='lat' dir='ltr'>apocryphis</span> 
     </span>
     <span class='ocr_line' id='line_1_15' title="bbox 77 1797 1111 1883; baseline -0.002 -19"><span class='ocrx_word' id='word_1_118' title='bbox 77 1798 198 1864; x_wconf 79' lang='lat' dir='ltr'>dandm</span> <span class='ocrx_word' id='word_1_119' title='bbox 213 1809 262 1862; x_wconf 89' lang='lat' dir='ltr'>est</span> <span class='ocrx_word' id='word_1_120' title='bbox 279 1820 365 1864; x_wconf 91' lang='lat' dir='ltr'>:uon</span> <span class='ocrx_word' id='word_1_121' title='bbox 381 1797 467 1862; x_wconf 89' lang='lat' dir='ltr'>enim</span> <span class='ocrx_word' id='word_1_122' title='bbox 478 1797 661 1862; x_wconf 86' lang='lat' dir='ltr'>transeundi</span> <span class='ocrx_word' id='word_1_123' title='bbox 674 1809 746 1862; x_wconf 86' lang='lat' dir='ltr'>sunt</span> <span class='ocrx_word' id='word_1_124' title='bbox 761 1797 887 1860; x_wconf 87' lang='lat' dir='ltr'>termini</span> <span class='ocrx_word' id='word_1_125' title='bbox 901 1820 980 1883; x_wconf 87' lang='lat' dir='ltr'>quoa</span> <span class='ocrx_word' id='word_1_126' title='bbox 996 1810 1111 1864; x_wconf 86' lang='lat' dir='ltr'>statuo-</span> 
     </span>
     <span class='ocr_line' id='line_1_16' title="bbox 72 1896 1111 1994; baseline 0 -23"><span class='ocrx_word' id='word_1_127' title='bbox 72 1918 151 1971; x_wconf 90' lang='lat' dir='ltr'>runt</span> <span class='ocrx_word' id='word_1_128' title='bbox 165 1905 392 1994; x_wconf 87' lang='lat' dir='ltr'>patres&#39;nostri.</span> <span class='ocrx_word' id='word_1_129' title='bbox 411 1904 518 1969; x_wconf 88' lang='lat' dir='ltr'>Potuit</span> <span class='ocrx_word' id='word_1_130' title='bbox 531 1905 616 1968; x_wconf 89' lang='lat' dir='ltr'>enim</span> <span class='ocrx_word' id='word_1_131' title='bbox 634 1903 720 1978; x_wconf 86' lang='lat' dir='ltr'>lieri,</span> <span class='ocrx_word' id='word_1_132' title='bbox 739 1915 772 1968; x_wconf 89' lang='lat' dir='ltr'>ut</span> <span class='ocrx_word' id='word_1_133' title='bbox 788 1903 930 1991; x_wconf 84' lang='lat' dir='ltr'>Apostoli</span> <span class='ocrx_word' id='word_1_134' title='bbox 944 1896 991 1970; x_wconf 85' lang='lat' dir='ltr'>vel</span> <span class='ocrx_word' id='word_1_135' title='bbox 1007 1907 1111 1971; x_wconf 80' lang='lat' dir='ltr'>Eran-</span> 
     </span>
     <span class='ocr_line' id='line_1_17' title="bbox 68 2009 1110 2103; baseline -0.002 -25"><span class='ocrx_word' id='word_1_136' title='bbox 68 2013 193 2103; x_wconf 82' lang='lat' dir='ltr'>gelistae</span> <span class='ocrx_word' id='word_1_137' title='bbox 203 2025 314 2080; x_wconf 88' lang='lat' dir='ltr'>sancto</span> <span class='ocrx_word' id='word_1_138' title='bbox 322 2012 441 2100; x_wconf 85' lang='lat' dir='ltr'>Spiritu</span> <span class='ocrx_word' id='word_1_139' title='bbox 455 2009 566 2099; x_wconf 89' lang='lat' dir='ltr'>repleti</span> <span class='ocrx_word' id='word_1_140' title='bbox 579 2011 726 2076; x_wconf 80' lang='lat' dir='ltr'>sciverint</span> <span class='ocrx_word' id='word_1_141' title='bbox 743 2011 820 2096; x_wconf 92' lang='lat' dir='ltr'>quid</span> <span class='ocrx_word' id='word_1_142' title='bbox 834 2012 1060 2081; x_wconf 84' lang='lat' dir='ltr'>assumendum</span> <span class='ocrx_word' id='word_1_143' title='bbox 1070 2037 1110 2077; x_wconf 77' lang='lat' dir='ltr'>cx</span> 
     </span>
     <span class='ocr_line' id='line_1_18' title="bbox 69 2117 1111 2208; baseline -0.003 -19"><span class='ocrx_word' id='word_1_144' title='bbox 69 2123 138 2188; x_wconf 89' lang='lat' dir='ltr'>illis</span> <span class='ocrx_word' id='word_1_145' title='bbox 153 2135 235 2189; x_wconf 86' lang='lat' dir='ltr'>esset</span> <span class='ocrx_word' id='word_1_146' title='bbox 250 2121 414 2208; x_wconf 86' lang='lat' dir='ltr'>scripturis</span> <span class='ocrx_word' id='word_1_147' title='bbox 425 2169 435 2195; x_wconf 93' lang='lat'>,</span> <span class='ocrx_word' id='word_1_148' title='bbox 447 2119 561 2207; x_wconf 85' lang='lat' dir='ltr'>quidve</span> <span class='ocrx_word' id='word_1_149' title='bbox 577 2117 778 2183; x_wconf 82' lang='lat' dir='ltr'>refutandum</span> <span class='ocrx_word' id='word_1_150' title='bbox 796 2140 804 2182; x_wconf 76' lang='grc' dir='ltr'><strong><em>ε</em></strong></span> <span class='ocrx_word' id='word_1_151' title='bbox 819 2119 910 2184; x_wconf 90' lang='lat' dir='ltr'>nobis</span> <span class='ocrx_word' id='word_1_152' title='bbox 925 2132 1032 2185; x_wconf 85' lang='lat' dir='ltr'>autem</span> <span class='ocrx_word' id='word_1_153' title='bbox 1047 2143 1111 2186; x_wconf 89' lang='lat' dir='ltr'>non</span> 
     </span>
     <span class='ocr_line' id='line_1_19' title="bbox 1 2224 1111 2328; baseline -0.004 -32"><span class='ocrx_word' id='word_1_154' title='bbox 1 2305 2 2328; x_wconf 57' lang='lat'>,</span> <span class='ocrx_word' id='word_1_155' title='bbox 70 2243 126 2296; x_wconf 84' lang='lat' dir='ltr'>est</span> <span class='ocrx_word' id='word_1_156' title='bbox 142 2233 260 2317; x_wconf 83' lang='lat' dir='ltr'>absque</span> <span class='ocrx_word' id='word_1_157' title='bbox 271 2227 412 2318; x_wconf 89' lang='lat' dir='ltr'>periculo</span> <span class='ocrx_word' id='word_1_158' title='bbox 427 2226 544 2315; x_wconf 88' lang='lat' dir='ltr'>aliquid</span> <span class='ocrx_word' id='word_1_159' title='bbox 559 2224 621 2290; x_wconf 88' lang='lat' dir='ltr'>talo</span> <span class='ocrx_word' id='word_1_160' title='bbox 635 2248 844 2313; x_wconf 78' lang='lat' dir='ltr'>praesumere,</span> <span class='ocrx_word' id='word_1_161' title='bbox 860 2227 974 2312; x_wconf 82' lang='lat' dir='ltr'>quibus</span> <span class='ocrx_word' id='word_1_162' title='bbox 986 2239 1111 2292; x_wconf 90' lang='lat' dir='ltr'>nonest</span> 
     </span>
     <span class='ocr_line' id='line_1_20' title="bbox 69 2333 1109 2426; baseline -0.006 -22"><span class='ocrx_word' id='word_1_163' title='bbox 69 2350 167 2404; x_wconf 85' lang='lat' dir='ltr'>tanta</span> <span class='ocrx_word' id='word_1_164' title='bbox 178 2338 303 2426; x_wconf 89' lang='lat' dir='ltr'>spiritus</span> <span class='ocrx_word' id='word_1_165' title='bbox 314 2335 517 2402; x_wconf 87' lang='lat' dir='ltr'>abundantia.</span> <span class='ocrx_word' id='word_1_166' title='bbox 536 2336 576 2400; x_wconf 87' lang='lat' dir='ltr'>Et</span> <span class='ocrx_word' id='word_1_167' title='bbox 588 2334 658 2398; x_wconf 88' lang='lat' dir='ltr'>ideo</span> <span class='ocrx_word' id='word_1_168' title='bbox 674 2334 714 2399; x_wconf 87' lang='lat' dir='ltr'>de</span> <span class='ocrx_word' id='word_1_169' title='bbox 725 2333 871 2421; x_wconf 78' lang='lat' dir='ltr'>praesenti</span> <span class='ocrx_word' id='word_1_170' title='bbox 884 2333 1037 2399; x_wconf 84' lang='lat' dir='ltr'>versiculo</span> <span class='ocrx_word' id='word_1_171' title='bbox 1051 2357 1109 2400; x_wconf 81' lang='lat' dir='ltr'>nos</span> 
     </span>
     <span class='ocr_line' id='line_1_21' title="bbox 1 2441 1109 2530; baseline -0.005 -18"><span class='ocrx_word' id='word_1_172' title='bbox 1 2520 2 2530; x_wconf 10' lang='grc' dir='ltr'>ἵ</span> <span class='ocrx_word' id='word_1_173' title='bbox 66 2469 148 2512; x_wconf 85' lang='lat' dir='ltr'>eam</span> <span class='ocrx_word' id='word_1_174' title='bbox 165 2458 307 2510; x_wconf 90' lang='lat' dir='ltr'>tenemus</span> <span class='ocrx_word' id='word_1_175' title='bbox 322 2443 494 2509; x_wconf 87' lang='lat' dir='ltr'>editionem</span> <span class='ocrx_word' id='word_1_176' title='bbox 514 2465 609 2529; x_wconf 71' lang='lat' dir='ltr'>apuam</span> <span class='ocrx_word' id='word_1_177' title='bbox 632 2465 724 2529; x_wconf 90' lang='lat' dir='ltr'>supra</span> <span class='ocrx_word' id='word_1_178' title='bbox 743 2441 962 2529; x_wconf 80' lang='lat' dir='ltr'>exposuimus,</span> <span class='ocrx_word' id='word_1_179' title='bbox 976 2442 1109 2508; x_wconf 83' lang='lat' dir='ltr'>maxime</span> 
     </span>
     <span class='ocr_line' id='line_1_22' title="bbox 62 2548 1109 2624; baseline -0.009 -2"><span class='ocrx_word' id='word_1_180' title='bbox 62 2577 151 2622; x_wconf 89' lang='lat' dir='ltr'>cum</span> <span class='ocrx_word' id='word_1_181' title='bbox 165 2555 293 2622; x_wconf 80' lang='lat' dir='ltr'>evidens</span> <span class='ocrx_word' id='word_1_182' title='bbox 308 2552 341 2616; x_wconf 92' lang='lat' dir='ltr'>in</span> <span class='ocrx_word' id='word_1_183' title='bbox 359 2575 398 2616; x_wconf 90' lang='lat' dir='ltr'>eo</span> <span class='ocrx_word' id='word_1_184' title='bbox 414 2550 569 2616; x_wconf 85' lang='lat' dir='ltr'>habeatur</span> <span class='ocrx_word' id='word_1_185' title='bbox 585 2549 764 2624; x_wconf 88' lang='lat' dir='ltr'>distinctio,</span> <span class='ocrx_word' id='word_1_186' title='bbox 785 2549 838 2614; x_wconf 90' lang='lat' dir='ltr'>ubi</span> <span class='ocrx_word' id='word_1_187' title='bbox 857 2549 899 2613; x_wconf 89' lang='lat' dir='ltr'>ait</span> <span class='ocrx_word' id='word_1_188' title='bbox 918 2573 925 2613; x_wconf 89' lang='lat'><strong>:</strong></span> <span class='ocrx_word' id='word_1_189' title='bbox 949 2548 1109 2616; x_wconf 85' lang='lat' dir='ltr'>Canticum</span> 
     </span>
     <span class='ocr_line' id='line_1_23' title="bbox 64 2655 1120 2746; baseline -0.009 -15"><span class='ocrx_word' id='word_1_190' title='bbox 64 2662 297 2736; x_wconf 84' lang='lat' dir='ltr'>Canticorum,</span> <span class='ocrx_word' id='word_1_191' title='bbox 315 2659 392 2746; x_wconf 84' lang='lat' dir='ltr'>quod</span> <span class='ocrx_word' id='word_1_192' title='bbox 407 2672 449 2724; x_wconf 84' lang='lat' dir='ltr'>est</span> <span class='ocrx_word' id='word_1_193' title='bbox 466 2658 522 2744; x_wconf 82' lang='lat' dir='ltr'>ipsi</span> <span class='ocrx_word' id='word_1_194' title='bbox 539 2656 697 2722; x_wconf 83' lang='lat' dir='ltr'>Salomoni</span> <span class='ocrx_word' id='word_1_195' title='bbox 710 2656 731 2720; x_wconf 87' lang='lat'>¹.</span> <span class='ocrx_word' id='word_1_196' title='bbox 751 2657 784 2723; x_wconf 90' lang='lat' dir='ltr'>Si</span> <span class='ocrx_word' id='word_1_197' title='bbox 795 2657 881 2744; x_wconf 88' lang='lat' dir='ltr'>enim</span> <span class='ocrx_word' id='word_1_198' title='bbox 897 2655 1045 2722; x_wconf 86' lang='lat' dir='ltr'>voluisset</span> <span class='ocrx_word' id='word_1_199' title='bbox 1059 2658 1120 2722; x_wconf 83' lang='lat' dir='ltr'>in-&#39;</span> 
     </span>
     <span class='ocr_line' id='line_1_24' title="bbox 1 2763 1110 2875; baseline -0.011 -35"><span class='ocrx_word' id='word_1_200' title='bbox 1 2823 9 2875; x_wconf 63' lang='lat' dir='ltr'>p</span> <span class='ocrx_word' id='word_1_201' title='bbox 59 2773 174 2861; x_wconf 85' lang='lat' dir='ltr'>telligi</span> <span class='ocrx_word' id='word_1_202' title='bbox 191 2771 397 2838; x_wconf 88' lang='lat' dir='ltr'>Canticorum</span> <span class='ocrx_word' id='word_1_203' title='bbox 416 2764 592 2832; x_wconf 90' lang='lat' dir='ltr'>Salomonis</span> <span class='ocrx_word' id='word_1_204' title='bbox 612 2765 675 2829; x_wconf 90' lang='lat' dir='ltr'>hoc</span> <span class='ocrx_word' id='word_1_205' title='bbox 692 2787 761 2830; x_wconf 86' lang='lat' dir='ltr'>esse</span> <span class='ocrx_word' id='word_1_206' title='bbox 780 2763 965 2838; x_wconf 86' lang='lat' dir='ltr'>Canticum,</span> <span class='ocrx_word' id='word_1_207' title='bbox 982 2764 1110 2831; x_wconf 82' lang='lat' dir='ltr'>dixisset</span> 
     </span>
     <span class='ocr_line' id='line_1_25' title="bbox 1 2869 1109 2970; baseline -0.009 -22"><span class='ocrx_word' id='word_1_208' title='bbox 1 2869 8 2886; x_wconf 47' lang='lat'>⁵</span> <span class='ocrx_word' id='word_1_209' title='bbox 56 2884 207 2970; x_wconf 85' lang='lat' dir='ltr'>ntique,</span> <span class='ocrx_word' id='word_1_210' title='bbox 235 2877 403 2943; x_wconf 86' lang='lat' dir='ltr'>Canticum</span> <span class='ocrx_word' id='word_1_211' title='bbox 431 2874 636 2940; x_wconf 90' lang='lat' dir='ltr'>Canticorum</span> <span class='ocrx_word' id='word_1_212' title='bbox 658 2895 728 2958; x_wconf 81' lang='lat' dir='ltr'>quae</span> <span class='ocrx_word' id='word_1_213' title='bbox 755 2882 828 2934; x_wconf 77' lang='lat' dir='ltr'>siant</span> <span class='ocrx_word' id='word_1_214' title='bbox 853 2870 1034 2947; x_wconf 84' lang='lat' dir='ltr'>Salomoni,</span> <span class='ocrx_word' id='word_1_215' title='bbox 1058 2872 1109 2938; x_wconf 87' lang='lat' dir='ltr'>vel</span> 
     </span>
     <span class='ocr_line' id='line_1_26' title="bbox 53 2980 1107 3070; baseline -0.012 -12"><span class='ocrx_word' id='word_1_216' title='bbox 53 2991 248 3058; x_wconf 87' lang='lat' dir='ltr'>Canticum</span> <span class='ocrx_word' id='word_1_217' title='bbox 266 3009 305 3050; x_wconf 81' lang='lat' dir='ltr'>ex</span> <span class='ocrx_word' id='word_1_218' title='bbox 319 2984 457 3070; x_wconf 77' lang='lat' dir='ltr'>Canticis</span> <span class='ocrx_word' id='word_1_219' title='bbox 472 2980 671 3048; x_wconf 83' lang='lat' dir='ltr'>Salomonis:</span> <span class='ocrx_word' id='word_1_220' title='bbox 691 3002 776 3045; x_wconf 91' lang='lat' dir='ltr'>nunc</span> <span class='ocrx_word' id='word_1_221' title='bbox 794 2991 901 3062; x_wconf 78' lang='lat' dir='ltr'>autem</span> <span class='ocrx_word' id='word_1_222' title='bbox 919 2981 991 3066; x_wconf 89' lang='lat' dir='ltr'>quia</span> <span class='ocrx_word' id='word_1_223' title='bbox 1011 2981 1107 3056; x_wconf 84' lang='lat' dir='ltr'>dixit,</span> 
     </span>
    </p>

    <p class='ocr_par' dir='ltr' id='par_1_5' title="bbox 1 3088 1209 3390">
     <span class='ocr_line' id='line_1_27' title="bbox 1 3088 1209 3192; baseline -0.008 -27"><span class='ocrx_word' id='word_1_224' title='bbox 1 3096 10 3192; x_wconf 42' lang='lat' dir='ltr'><strong>j</strong></span> <span class='ocrx_word' id='word_1_225' title='bbox 51 3099 152 3190; x_wconf 78' lang='lat' dir='ltr'>qawd</span> <span class='ocrx_word' id='word_1_226' title='bbox 176 3109 223 3162; x_wconf 83' lang='lat' dir='ltr'>est</span> <span class='ocrx_word' id='word_1_227' title='bbox 245 3091 413 3167; x_wconf 84' lang='lat' dir='ltr'>Salomoni,</span> <span class='ocrx_word' id='word_1_228' title='bbox 434 3089 610 3156; x_wconf 88' lang='lat' dir='ltr'>ostenditur</span> <span class='ocrx_word' id='word_1_229' title='bbox 624 3088 707 3153; x_wconf 84' lang='lat' dir='ltr'>istud</span> <span class='ocrx_word' id='word_1_230' title='bbox 730 3089 897 3154; x_wconf 86' lang='lat' dir='ltr'>Canticum</span> <span class='ocrx_word' id='word_1_231' title='bbox 912 3089 997 3174; x_wconf 83' lang='lat' dir='ltr'>quod</span> <span class='ocrx_word' id='word_1_232' title='bbox 1015 3101 1062 3153; x_wconf 87' lang='lat' dir='ltr'>est</span> <span class='ocrx_word' id='word_1_233' title='bbox 1077 3090 1111 3156; x_wconf 88' lang='lat' dir='ltr'>in</span> <span class='ocrx_word' id='word_1_234' title='bbox 1208 3117 1209 3120; x_wconf 44' lang='lat'>¹</span> 
     </span>
     <span class='ocr_line' id='line_1_28' title="bbox 2 3192 1110 3285; baseline -0.011 -15"><span class='ocrx_word' id='word_1_235' title='bbox 2 3201 10 3218; x_wconf 81' lang='lat'><em>&#39;</em></span> <span class='ocrx_word' id='word_1_236' title='bbox 47 3205 245 3276; x_wconf 84' lang='lat' dir='ltr'>manibus,</span> <span class='ocrx_word' id='word_1_237' title='bbox 263 3212 295 3265; x_wconf 88' lang='lat' dir='ltr'>et</span> <span class='ocrx_word' id='word_1_238' title='bbox 316 3197 484 3285; x_wconf 86' lang='lat' dir='ltr'>quoderat</span> <span class='ocrx_word' id='word_1_239' title='bbox 505 3195 533 3259; x_wconf 86' lang='lat' dir='ltr'>ei</span> <span class='ocrx_word' id='word_1_240' title='bbox 552 3194 749 3270; x_wconf 87' lang='lat' dir='ltr'>canendum,</span> <span class='ocrx_word' id='word_1_241' title='bbox 773 3215 840 3262; x_wconf 82' lang='lat' dir='ltr'>ease</span> <span class='ocrx_word' id='word_1_242' title='bbox 861 3192 1047 3260; x_wconf 88' lang='lat' dir='ltr'>Salomonis.</span> <span class='ocrx_word' id='word_1_243' title='bbox 1069 3195 1110 3260; x_wconf 85' lang='lat' dir='ltr'>Et</span> 
     </span>
     <span class='ocr_line' id='line_1_29' title="bbox 47 3299 1111 3390; baseline -0.01 -11"><span class='ocrx_word' id='word_1_244' title='bbox 47 3321 134 3384; x_wconf 82' lang='lat' dir='ltr'>hoc</span> <span class='ocrx_word' id='word_1_245' title='bbox 161 3312 204 3376; x_wconf 90' lang='lat' dir='ltr'>de</span> <span class='ocrx_word' id='word_1_246' title='bbox 223 3305 431 3374; x_wconf 86' lang='lat' dir='ltr'>attitulatione</span> <span class='ocrx_word' id='word_1_247' title='bbox 453 3326 549 3390; x_wconf 90' lang='lat' dir='ltr'>quam</span> <span class='ocrx_word' id='word_1_248' title='bbox 565 3301 728 3390; x_wconf 88' lang='lat' dir='ltr'>proposuit</span> <span class='ocrx_word' id='word_1_249' title='bbox 750 3301 921 3369; x_wconf 82' lang='lat' dir='ltr'>continere.</span> <span class='ocrx_word' id='word_1_250' title='bbox 942 3299 1111 3374; x_wconf 76' lang='lat' dir='ltr'>Videamus</span> 
     </span>
    </p>
   </div>
   <div class='ocr_carea' id='block_1_5' title="bbox 43 3419 562 3512">
    <p class='ocr_par' dir='ltr' id='par_1_6' title="bbox 43 3419 562 3512">
     <span class='ocr_line' id='line_1_30' title="bbox 43 3419 562 3512; baseline -0.039 -21"><span class='ocrx_word' id='word_1_251' title='bbox 43 3444 151 3512; x_wconf 80' lang='lat' dir='ltr'>ergo</span> <span class='ocrx_word' id='word_1_252' title='bbox 164 3419 233 3507; x_wconf 89' lang='lat' dir='ltr'>jam</span> <span class='ocrx_word' id='word_1_253' title='bbox 243 3427 277 3480; x_wconf 89' lang='lat' dir='ltr'>et</span> <span class='ocrx_word' id='word_1_254' title='bbox 293 3436 362 3501; x_wconf 84' lang='lat' dir='ltr'>quae</span> <span class='ocrx_word' id='word_1_255' title='bbox 378 3422 562 3500; x_wconf 82' lang='lat' dir='ltr'>sequuntur.</span> 
     </span>
    </p>
   </div>
   <div class='ocr_carea' id='block_1_6' title="bbox 1 3533 283 3609">
    <p class='ocr_par' dir='ltr' id='par_1_7' title="bbox 1 3533 283 3609">
     <span class='ocr_line' id='line_1_31' title="bbox 1 3533 283 3609; baseline -0.021 -9"><span class='ocrx_word' id='word_1_256' title='bbox 1 3533 12 3547; x_wconf 44' lang='lat'><em>³</em></span> <span class='ocrx_word' id='word_1_257' title='bbox 92 3551 105 3586; x_wconf 85' lang='lat'>¹</span> <span class='ocrx_word' id='word_1_258' title='bbox 121 3554 209 3600; x_wconf 77' lang='lat' dir='ltr'>Cant.</span> <span class='ocrx_word' id='word_1_259' title='bbox 223 3565 244 3609; x_wconf 81' lang='lat' dir='ltr'>a,</span> <span class='ocrx_word' id='word_1_260' title='bbox 261 3565 283 3595; x_wconf 85' lang='lat' dir='ltr'>r.</span> 
     </span>
    </p>
   </div>
   <div class='ocr_carea' id='block_1_7' title="bbox 531 3737 691 3748">
    <p class='ocr_par' dir='ltr' id='par_1_8' title="bbox 531 3737 691 3748">
     <span class='ocr_line' id='line_1_32' title="bbox 531 3737 691 3748; baseline -0.006 0"><span class='ocrx_word' id='word_1_261' title='bbox 531 3737 691 3748; x_wconf 69' lang='grc' dir='ltr'>...ι-ι-</span> 
     </span>
    </p>
   </div>
   <div class='ocr_carea' id='block_1_8' title="bbox 0 0 1338 4610">
    <p class='ocr_par' dir='ltr' id='par_1_9' title="bbox 0 0 1338 4610">
     <span class='ocr_line' id='line_1_33' title="bbox 0 0 1338 4610; baseline 0 0"><span class='ocrx_word' id='word_1_262' title='bbox 0 0 1338 4610; x_wconf 95' lang='lat' dir='ltr'> </span> 
     </span>
    </p>
   </div>
  </div>
 </body>
</html>
