2644 4612
228 253 289 317 552
680 261 821 306 onronurs

226 395 404 466 sectidores
416 402 448 456 et
463 391 586 455 fructus
609 389 649 453 ab
668 386 736 475 ipso
751 383 894 473 sperandi
914 355 1007 448 sunt:¹
1018 385 1094 450 initia
1112 409 1171 452 roro
1182 403 1203 453 et
1265 409 1266 488 }

231 509 243 593 (
256 520 291 573 ut
305 507 348 571 ita
360 503 488 589 dicam)
503 496 689 589 proficiendi
710 495 846 560 suavitas
860 503 960 582 potest
974 517 990 560 a
1002 493 1154 561 celestibus
1165 499 1205 561 rir-

232 621 353 685 tutibus
364 615 556 688 ministrari,
573 609 621 677 vel
637 622 792 698 certeper
807 609 927 696 eosqui
939 607 1071 672 dicebaut
1087 608 1205 696 (utsupra
1264 591 1266 666 ἶ

234 729 390 815 diximus)
414 725 584 813 «quoniam
598 719 716 786 Christi
731 721 833 785 bonus
847 721 925 786 odor
935 739 1034 783 sumus
1047 717 1105 783 Deo
1113 719 1139 782 in
1148 723 1206 785 onni

234 838 384 907 sloco¹.»
401 837 465 903 Sed
480 849 512 900 et
527 835 587 902 alio
599 833 696 900 modo
707 855 875 920 possumus
895 829 994 896 adhuc
1008 827 1152 917 intelligere
1163 829 1206 896 tu

237 973 306 1039 quae
321 947 479 1013 habentur
494 944 527 1009 in
546 943 711 1018 manibus,
732 953 767 1006 ut
790 941 932 1007 dicamus
954 937 1043 1003 veluti
1062 941 1207 1028 prophetiam

238 1055 407 1146 quomdam
432 1053 530 1119 videri
555 1051 596 1117 ud
609 1050 785 1116 Ecclesiam
803 1051 938 1121 iactam,
957 1072 1011 1136 per
1029 1072 1108 1136 quum
1120 1063 1207 1115 vocetur

240 1169 280 1237 nd
295 1157 554 1256 repromissiones
567 1161 709 1235 iuturus,
727 1171 762 1224 ut
778 1159 866 1248 quasi
882 1169 952 1247 post
967 1159 1206 1224 consummationem

239 1273 345 1340 saeculi
367 1295 441 1338 cum
471 1283 594 1357 tempus
624 1265 862 1331 resurrectionis
895 1263 1050 1330 advenerit
1071 1263 1204 1329 dicaturei:

240 1383 379 1469 Exurge.
400 1379 440 1444 Et
457 1378 529 1464 quie
541 1398 644 1440 sermo
663 1371 716 1439 hic
733 1373 840 1437 statim
862 1396 943 1462 opus
965 1369 1160 1436 resurrectionis
1172 1370 1204 1432 d-

242 1497 365 1582 signat,
382 1503 532 1575 tanquam
552 1508 590 1549 ex
606 1482 838 1548 resurrectione
853 1479 969 1546 clarior
983 1493 1015 1547 et
1028 1476 1200 1570 splendidord·

241 1603 343 1678 secte,
357 1602 505 1668 inritatur
520 1598 560 1663 ad
577 1617 729 1684 regnum,
743 1603 775 1657 et
790 1588 907 1656 dicitur
922 1593 971 1656 ei:
995 1618 1006 1651 ι
1018 1589 1103 1666 Veni,
1117 1589 1196 1678 proxim

245 1733 335 1777 antea
347 1761 355 1786 ,
369 1707 508 1797 speciosa
520 1727 591 1770 mea
603 1754 611 1776 ‚
621 1700 772 1768 columba
784 1722 874 1775 mea,
889 1699 963 1784 quia
976 1697 1080 1786 hyems
1089 1692 1191 1760 transitio

245 1823 400 1911 Hyemem
416 1819 483 1884 sine
503 1815 604 1884 dubio
621 1813 717 1902 hujus
733 1810 896 1900 praesentis
911 1809 983 1875 vitae
997 1805 1190 1898 procellasettu

246 1930 336 1995 bines
352 1925 540 1998 nominans,
557 1921 671 2010 quibus
690 1919 830 1984 humana
847 1917 910 1981 vita
931 1907 1185 2000 tentationmprocd·

247 2036 285 2104 lis
300 2037 445 2126 agitatur.
458 2033 595 2100 Transiit
608 2053 683 2118 ergo
697 2027 810 2116 hyems
822 2027 880 2092 ista
892 2049 969 2092 cum
986 2023 1090 2113 pluviis
1100 2017 1190 2095 scidit

249 2147 318 2212 sibi.
344 2147 412 2212 Sibi
436 2141 649 2230 unusquisque
670 2137 734 2227 egit
756 2137 788 2200 in
810 2134 872 2201 hac
892 2136 955 2200 vita
983 2158 1072 2200 omne
1094 2129 1148 2218 quod
1158 2126 1195 2212 epit

252 2256 446 2344 Principium
464 2275 538 2318 vero
554 2245 835 2337 repromissionum
857 2243 1037 2310 suturarum
1058 2241 1135 2306 flores.
1148 2238 1201 2304 Setu-

253 2374 314 2438 rim
329 2367 369 2434 ud
391 2363 531 2432 redicem
546 2357 666 2426 arboris
687 2357 822 2443 positam
844 2355 877 2419 in
899 2353 1205 2420 consummationne-

256 2481 337 2555 culi‚
362 2490 396 2542 ut
411 2472 535 2539 excidat
557 2489 684 2534 omnem
702 2463 848 2530 arborem
872 2488 938 2528 non
962 2463 1111 2529 facientem
1126 2458 1209 2522 [ruane

254 2593 396 2663 bonum,
413 2599 536 2670 tempus
550 2575 722 2668 putationis
737 2571 886 2661 intellige.
908 2571 1028 2640 Vocem
1046 2592 1106 2636 vcro
1117 2564 1211 2635 turturis,

256 2727 327 2794 quac
343 2702 375 2765 in
390 2694 500 2762 litteris
519 2683 769 2778 repromissionis
790 2683 939 2760 auditur,
962 2710 1053 2774 quam
1072 2672 1214 2752 mansuetu

257 2811 439 2880 haereditate
455 2801 640 2890 suscipient,
657 2797 774 2864 Christi
789 2818 959 2885 personum
971 2795 1047 2862 facie
1057 2795 1092 2862 ad
1102 2790 1216 2858 toene

258 2948 322 2992 non
333 2924 398 3010 jam
413 2940 470 3006 per
481 2908 646 3008 speculum
660 2921 693 2974 et
707 2909 740 2974 in
752 2907 919 2996 aenigmate
935 2907 1070 2972 docentis
1080 2887 1218 2970 adorati·

260 3033 370 3102 culuea
385 3049 459 3092 vero
477 3046 546 3110 quae
560 3042 691 3109 germen
706 3040 800 3083 suum
820 3017 988 3104 producit,
1008 3016 1092 3080 totius
1108 3024 1219 3092 congdtt
1264 3021 1266 3100 ζ

260 3143 352 3208 tionis
375 3140 533 3228 justorum
560 3129 680 3196 fructus
703 3129 869 3194 hahentur.
898 3126 969 3191 lstae
991 3148 1059 3192 vero
1075 3119 1221 3188 etsuoaet

259 3256 359 3320 beatae
374 3244 523 3336 angelicae
545 3240 695 3311 virtutes,
720 3235 835 3323 quibus
859 3233 951 3300 electi
971 3235 1077 3322 quique
1093 3223 1222 3295 etbeatiea

259 3357 489 3429 resurrectione
500 3350 724 3420 sociabuntur,
736 3344 791 3433 qui
802 3356 896 3408 erunt
907 3344 988 3410 sicut
1001 3339 1099 3430 Angeli
1111 3335 1156 3404 Dei
1164 3383 1170 3408 ‚
1179 3332 1222 3418 ipo

261 3484 334 3542 sunt
349 3470 427 3536 vites
442 3476 474 3528 et
489 3461 639 3526 florentes
653 3455 772 3528 vineae,
785 3475 854 3540 qum
870 3452 1000 3518 odorem
1014 3472 1096 3516 suum
1106 3441 1223 3524 unicuique

261 3584 396 3654 animo,
420 3585 453 3642 et
474 3570 607 3661 grotiom
629 3587 725 3656 quam
750 3588 767 3629 a
789 3563 953 3630 conditore
976 3560 1097 3648 suscepit
1113 3555 1224 3644 prium

262 3717 347 3763 rruuc
363 3692 478 3756 iterum
500 3679 656 3770 perditam
678 3659 895 3762 recuperavip,
913 3672 1098 3761 impertiunt,
1111 3660 1224 3732 snarittlt

299 3871 411 3922 ¹2Cut·.
425 3885 459 3926 11,
478 3862 517 3911 15.
531 3891 553 3898 --
570 3857 661 3905 2(ἶιιιιι.
672 3871 710 3908 ιι,
728 3869 774 3912 ru,
800 3867 839 3902 ιι.
