2744 4624
239 259 280 340 84
359 249 361 254 ’
673 279 815 332 ortorum

240 391 318 462 tiam
332 399 426 489 gerit,
441 400 491 467 vel
506 401 669 470 Christum
683 404 716 470 in
731 403 954 493 persecutione
968 423 1077 470 coram
1092 401 1276 471 homiuibus

239 507 422 586 confitetur,
443 508 644 578 collaudatur
663 539 681 580 a
701 513 850 580 fratribus
872 513 946 578 suia.
966 512 1112 579 «Laetitia
1132 514 1225 577 enim
1239 525 1277 578 ct

239 619 419 709 »gaudium
437 631 485 686 est
503 620 632 711 Angelis
648 623 681 688 iu
698 620 782 688 coelo
797 645 892 710 super
913 645 977 687 uuo
993 611 1160 710 peccatore
1175 619 1278 710 peni-

240 760 253 793 ι
265 729 397 795 tentiam
409 730 547 820 agente¹.
559 732 629 798 »Ab
644 733 719 821 ipsio
728 755 803 821 ergo
816 744 966 820 tanquam
978 755 995 797 a
1007 731 1157 797 fratribus
1169 731 1278 815 (unius

241 839 361 904 etenim
372 849 405 902 et
416 839 568 905 creatoris
583 851 616 905 ot
626 841 725 929 patris
741 838 798 904 filii
814 852 887 906 aunt
902 851 935 904 et
948 838 1092 905 homines
1103 851 1136 903 ct
1148 836 1276 928 Angeli)

242 945 474 1014 collaudantur.
495 946 616 1014 Verum
637 949 663 1012 is
685 949 739 1034 qui
760 946 933 1013 confitetur
954 946 1127 1012 Dominum
1148 946 1277 1022 lesum,

242 1054 316 1141 quia
331 1053 364 1120 in
380 1053 500 1141 Spiritu
512 1065 623 1121 sancto
633 1054 818 1129 confitetur,
832 1076 945 1120 manus
957 1056 1026 1142 ejus
1039 1077 1134 1142 super
1146 1053 1280 1120 dorsum

242 1161 445 1228 inimicorum
456 1161 648 1228 efficiuntur.
666 1162 730 1242 Qui
745 1161 831 1226 enim
847 1173 920 1228 ante
935 1161 1121 1227 exhibuerat
1133 1165 1280 1229 membra

245 1295 300 1338 sua
312 1272 428 1337 servire
439 1271 597 1360 iniquitati
613 1271 655 1336 ad
669 1271 882 1358 iniquitatem,
895 1293 982 1336 nunc
994 1293 1031 1335 ea
1048 1271 1199 1338 exhibens
1210 1293 1281 1336 acr-

245 1379 311 1446 rire
327 1380 454 1467 justitiae
471 1380 504 1446 in
520 1378 818 1454 sanctificationem,
837 1379 903 1466 jam
917 1379 1106 1468 fugientium
1125 1403 1158 1444 se
1177 1379 1290 1461 inimi,

247 1511 360 1554 corum
374 1511 518 1563 suorum,
534 1487 640 1562 idest,
654 1488 848 1562 daemonum,
863 1497 950 1575 terga
962 1499 1053 1553 renat
1066 1499 1099 1551 et
1110 1487 1212 1555 caedit.
1225 1488 1280 1555 sie

247 1598 333 1663 enim
344 1609 463 1687 pugnat
475 1619 539 1662 non
550 1579 639 1683 qudsi
653 1603 759 1661 adrem
771 1597 907 1672 caedens,
919 1595 975 1661 sod
984 1597 1141 1662 daemones
1151 1597 1277 1686 lugens:

248 1709 367 1797 quique
381 1708 424 1772 ob
436 1707 550 1772 nimios
567 1705 730 1794 profectus
741 1703 828 1770 velut
841 1707 899 1773 Dei
916 1707 980 1795 jam
993 1708 1025 1772 in
1036 1730 1070 1772 oc
1080 1707 1278 1795 participium

250 1817 386 1892 habens,
399 1816 496 1880 ctiam
508 1814 633 1881 adorari
645 1814 763 1879 dicitur
777 1837 794 1878 a
807 1813 879 1880 filiis
892 1816 1061 1904 patrissui.
1077 1813 1169 1880 Filios
1178 1813 1275 1903 patris

252 1924 300 1988 aui
312 1923 402 2010 quasi
416 1923 450 1988 in
467 1921 578 1988 morali
590 1921 661 1988 loco
673 1945 839 2010 possumus
851 1922 1026 2012 intelligere
1037 1924 1166 1989 minoris
1177 1921 1282 1990 meriti

251 2029 377 2106 fideles,
392 2030 446 2117 qui
461 2030 494 2096 iu
508 2053 547 2094 eo
563 2031 699 2118 majores
718 2053 861 2119 quosque
879 2042 912 2096 ct
933 2031 1135 2120 perfectiores
1150 2032 1284 2098 adorant

249 2138 342 2227 ,quod
362 2161 473 2206 corum
489 2161 584 2227 opera
597 2137 740 2210 humiles
756 2161 794 2205 ac
809 2139 945 2228 subjecti
965 2153 1155 2207 venerantur
1171 2153 1205 2206 ct
1220 2139 1286 2206 lau-

257 2247 333 2314 dant
347 2270 355 2310 ε
370 2247 455 2315 unde
466 2248 508 2313 ad
519 2245 693 2316 Ecclesiam
712 2247 828 2316 dicitur
840 2271 848 2313 ε
861 2275 874 2310 ι
887 2248 1074 2318 Adorabunt
1091 2250 1217 2338 vestigia
1234 2273 1288 2339 pe

231 2417 236 2428 ,
257 2352 558 2442 »dumtuorum².r

291 2483 374 2533 ι[ιιιο.
386 2499 427 2545 xv,
440 2500 475 2534 ro.
491 2483 543 2521 -2
556 2484 614 2532 loti.
630 2499 668 2543 cx,
686 2485 723 2542 tl.
