2692 4610
351 306 382 347 ιιι
406 305 575 350 neutricum
598 305 726 350 ιιοιιιιιι
750 305 805 348 ιιιι.
1028 280 1090 358 add

63 423 197 490 hebetia
214 443 250 486 ae
266 419 404 486 mortale
414 433 599 510 peccatum,
614 432 689 488 tuno
705 420 864 495 Christus,
876 420 931 507 qui
947 430 995 486 ost
1012 418 1087 492 vita,

61 531 137 598 venit
151 532 191 597 ad
207 530 353 600 enimam
370 531 537 596 viventem.
555 531 638 610 Quia
653 531 735 597 sicut
751 529 806 595 lux
821 552 886 595 non
901 540 1088 617 potestesse

62 663 128 706 cum
137 640 292 711 tenebris,
304 661 365 706 nec
374 661 449 704 cum
460 639 625 726 iniquitate
636 639 773 728 justitias
785 639 826 705 ita
839 659 900 704 neo
912 637 974 703 vita
985 647 1090 726 puteat

64 772 216 818 catenum
231 761 348 816 morte.
364 749 405 814 Et
420 749 492 815 ideo
507 751 533 814 ai
550 750 620 836 quie
634 750 694 816 sihi
708 750 855 815 conantur
869 759 918 814 ert
932 747 1018 834 quod
1035 744 1090 810 hn-

67 861 138 926 beat
155 859 232 924 intra
246 883 279 926 ee
296 857 433 924 mortale
449 871 630 947 peccatum,
651 883 754 947 neque
773 860 806 925 id
826 881 892 924 aee
909 881 968 948 per
984 858 1087 946 paeni-

66 970 190 1036 tentiam
204 967 397 1056 pieniaaimae
414 968 636 1035 satisfactionis
651 970 783 1057 abjecit,
805 992 868 1035 non
884 979 988 1058 eperat
1003 967 1088 1056 quod
1214 977 1218 982 '

65 1079 155 1144 intret
165 1077 309 1146 Christus
320 1078 364 1144 ad
374 1078 513 1144 animam
525 1080 608 1168 ejus,
622 1080 675 1167 qui
688 1079 731 1144 ad
741 1101 870 1146 omnem
882 1077 1019 1147 animam
1032 1073 1089 1142 da-

62 1187 195 1256 functam
212 1210 278 1254 uon
295 1187 406 1262 intrat,
422 1188 496 1276 quia
511 1210 647 1278 magnus
664 1188 821 1255 Sacerdos
835 1199 893 1254 eat.

109 1321 121 1356 ι
134 1297 171 1365 tn
182 1307 277 1384 patre
292 1319 353 1362 euo
367 1305 400 1360 et
414 1309 516 1362 matre
530 1319 586 1362 aua
602 1319 668 1362 non
683 1295 986 1362 contaminabitur⁸.
999 1324 1013 1357 ι
1031 1296 1091 1365 Hic

60 1405 231 1492 Scripturae
250 1402 339 1470 iocus
360 1403 567 1471 difficillimae
585 1417 633 1472 eat
657 1405 698 1469 ad
716 1402 964 1494 explanandum,
983 1403 1039 1469 ead
1064 1405 1090 1469 ai

63 1514 259 1580 orationibus
268 1515 381 1580 sauir
394 1515 497 1580 Deum
509 1527 632 1603 patrem
646 1513 742 1581 Verbi
757 1515 970 1603 depravemini
987 1525 1022 1579 ut
1034 1537 1091 1580 noa

64 1621 242 1688 illuminare
253 1621 410 1711 dignetur,
423 1623 491 1712 ipso
507 1619 646 1690 doninte
660 1625 778 1712 poterit
792 1623 963 1714 explanari.
978 1621 1092 1689 Omnis

62 1731 114 1820 qui
132 1731 308 1819 ingreditur
321 1731 410 1798 hunc
426 1732 597 1807 mundum,
618 1731 651 1798 in
672 1733 809 1820 quadam
824 1731 1092 1798 contaminatione

57 1841 140 1908 effici
151 1841 280 1908 dieitur.
293 1840 426 1929 Propter
435 1841 523 1928 quod
534 1852 567 1906 et
577 1841 742 1931 Scriptura
755 1841 852 1910 dicit:
864 1869 877 1901 ι
890 1841 991 1910 Nemo
1002 1863 1094 1906 mun·

55 1949 142 2016 »dua
157 1949 299 2021 asorde,
314 1969 375 2012 nac
389 1947 415 2011 ai
433 1948 525 2012 unius
539 1947 602 2012 diei
614 1947 709 2013 suerit
720 1948 781 2013 vita
793 1949 864 2036 ejus
875 1946 897 2012 ².
913 1975 926 2010 ι
943 1949 1010 2012 iioc
1024 1947 1093 2034 ipso
1158 2015 1165 2020 ,

54 2079 129 2145 crgo
144 2056 234 2143 quod
257 2057 289 2120 in
307 2053 398 2120 vulva
418 2056 529 2122 matrit
547 2067 595 2120 eet
615 2056 749 2143 positus,
765 2068 798 2122 et
821 2056 906 2144 quod
927 2057 1092 2122 materiam

56 2164 202 2251 eorporis
222 2166 263 2229 ab
283 2161 404 2251 origine
421 2163 545 2251 paterni
568 2164 696 2229 seminis
718 2167 827 2241 sumit,
846 2166 877 2230 in
899 2177 989 2254 patre
1005 2176 1038 2230 et
1058 2167 1092 2229 in

60 2284 168 2338 matre
179 2273 409 2338 contaminatur
420 2271 483 2337 dici
498 2283 612 2361 puteat.
628 2273 692 2340 Aut
706 2275 808 2340 nescis
820 2276 906 2362 quia,
924 2297 997 2340 oum
1013 2285 1093 2362 ¹‹prn-

62 2381 213 2469 draginta
229 2379 347 2446 dicrum
369 2381 472 2447 iactus
496 2381 589 2446 suerit
610 2407 690 2471 puer
712 2383 884 2460 uratoulus,
900 2383 1033 2450 offertur
1053 2383 1101 2454 ad·

57 2491 176 2566 attare,
197 2504 231 2556 ut
248 2491 300 2556 uti
318 2490 523 2580 purificetur,
544 2502 695 2579 tanquam
712 2493 767 2579 qui
788 2490 927 2580 pollutus
947 2491 1044 2564 suerit
1063 2491 1095 2555 ia

53 2603 123 2690 ipae
144 2601 370 2688 conceptione.
387 2598 436 2665 vei
463 2601 585 2688 paterni
609 2601 748 2672 neminie,
766 2599 814 2665 vei
839 2601 920 2665 uteri
940 2601 1098 2666 materni?

52 2709 170 2776 Omnis
188 2729 268 2795 ergo
287 2707 385 2772 homo
405 2708 437 2772 in
453 2719 543 2794 patre
559 2718 592 2772 et
611 2708 643 2772 in
659 2721 760 2776 matre
776 2705 915 2796 pollutus
929 2717 988 2784 eat,
1010 2706 1095 2773 aolus

54 2841 130 2884 rero
150 2817 250 2884 Jesua
268 2816 424 2882 Dominus
439 2838 530 2882 meua
549 2817 582 2882 in
600 2817 682 2881 hunc
702 2819 938 2906 generationem
956 2819 1098 2885 mundua.
1171 2865 1174 2872 ⁴

51 2927 218 3016 ingressus
233 2936 297 2999 est,
309 2925 341 2989 in
353 2937 455 2990 matre
466 2948 531 2990 non
546 2937 595 2989 est
609 2923 759 3012 pollutus.
774 2926 935 3014 Ingressus
946 2939 994 2992 eet
1007 2928 1098 3002 enim!
1193 2947 1195 2952 ·
1241 2989 1252 3012 ,

48 3059 174 3123 eorpus
190 3034 492 3100 incontaminatum.
513 3034 584 3120 lpse
597 3035 684 3099 enim
700 3046 769 3099 erat
782 3035 836 3123 qui
851 3047 884 3099 at
899 3036 1020 3105 dudum
1038 3061 1095 3125 per

48 3142 267 3212 Salomonem
279 3141 421 3207 dixerat:
441 3141 563 3230 «Magia
576 3155 684 3210 autem
697 3165 771 3208 cum
782 3165 885 3208 essem
895 3145 1012 3220 bonus,
1022 3147 1093 3210 veni
1207 3141 1210 3150 ¹
1253 3171 1259 3184 ·

52 3255 125 3320 »nd
138 3275 262 3341 cor-pua
273 3251 548 3339 incoinquinatum
562 3252 585 3317 ³.
605 3280 618 3312 ι
635 3253 705 3318 Νοιι
716 3267 850 3341 actergo
862 3257 1095 3324 oontaminatua

53 3367 89 3432 in
103 3377 226 3440 matre,
242 3365 300 3430 sed
321 3387 364 3429 ne
384 3365 417 3429 in
440 3377 530 3454 patre
551 3365 691 3454 quidem.
716 3364 800 3433 Nihil
821 3367 906 3432 anim
922 3369 1041 3457 «loseph
1065 3370 1095 3434 in

53 3476 267 3562 gematinna
287 3476 358 3563 ejus
374 3486 488 3562 praeter
503 3475 713 3541 ministerium
728 3477 870 3562 praestitit
884 3488 917 3541 et
932 3477 1093 3544 affectum.

56 3583 156 3650 Unde
167 3595 198 3650 et
208 3609 269 3674 pro
281 3583 371 3652 fideli
383 3583 571 3662 ministerio,
580 3586 676 3674 patris
688 3587 716 3650 ei
730 3585 919 3655 vocabulum
934 3587 1096 3676 Scriptura

50 3695 228 3762 conmsit.
246 3695 302 3760 Sic
321 3693 412 3764 enim
426 3693 523 3764 Maria
540 3696 605 3781 ipsa
624 3695 701 3760 dicit
716 3696 748 3760 in
766 3693 935 3783 Evangelio
958 3719 965 3759 ι
986 3697 1108 3762 «Ecca,

47 3832 64 3876 ι,
77 3827 145 3894 ego
157 3815 193 3869 et
205 3814 299 3892 pater
314 3813 391 3866 tuus
402 3800 546 3866 dotentas
558 3805 777 3889 querebamus
791 3802 854 3868 tat
870 3831 883 3864 ι
897 3803 950 3869 Sic
965 3828 1041 3892 ergo
1054 3827 1101 3871 eo·

83 3931 196 3982 ⁵,Lcrit.
210 3948 266 3990 ιιι,
282 3947 322 3979 ιι.
334 3957 365 3968 -
376 3929 387 3962 ²
398 3931 458 3990 tob,
469 3946 522 3990 ιιι,
533 3929 557 3990 d,
572 3933 633 3979 ⁵.-
645 3931 654 3964 ⁸
665 3933 725 3996 Sap.
742 3949 797 3995 ιιιι,
812 3950 851 3984 ao.
862 3960 892 3972 -··
906 3932 915 3966 ¹
928 3933 989 3983 [auc.
1001 3933 1083 4002 rapide
