2702 4610
135 355 140 368 ·
255 321 312 386 iso
693 332 836 380 nements

246 462 334 535 ium;
359 463 426 548 jem
449 471 480 523 te
504 457 544 523 ad
563 467 771 545 preparatam
790 453 919 520 deducit
939 453 1181 518 habitationem.
1199 451 1288 519 Audi

244 569 348 634 Deum
359 565 518 632 dicentem
532 561 564 627 in
577 559 746 652 Evangelio
760 583 769 626 ε
781 559 867 628 «Alii
879 557 1117 634 laboraverunt,
1131 569 1165 624 et
1178 581 1235 624 vos
1250 559 1283 624 in

147 683 153 699 '
246 664 399 742 »iuberes
414 695 526 739 eorum
541 671 693 737 introistis
703 670 754 736 ’.ι

291 783 364 850 XII.
378 777 668 854 «Sanctimonium,
679 777 829 853 Domine,
840 777 924 865 quod
936 790 1159 866 pompaverunt
1169 799 1287 846 moniis

249 919 262 955 s
280 905 341 960 tuae
351 890 374 956 ².
386 917 399 954 a
412 887 666 955 sanctimonium
679 887 795 954 dicitur
806 885 1047 952 tabernaculum
1060 887 1131 962 Dei,
1144 885 1195 952 vel
1208 899 1284 952 tcm-

249 1001 351 1092 plum,
362 1001 401 1066 eb
411 996 725 1086 eoquodsonctificet
737 995 934 1063 accedentes.
949 995 1018 1061 Hoc
1027 1017 1091 1060 non
1100 993 1179 1061 dicit
1188 1017 1287 1060 mauu

249 1107 386 1178 hominis
397 1109 529 1180 fectum.
543 1106 599 1171 sed
611 1129 709 1172 menn
722 1105 788 1169 Dei.
805 1103 891 1183 Quid
901 1102 999 1192 ergo?
1010 1102 1144 1190 Propter
1156 1115 1188 1167 te
1200 1103 1287 1167 Deus

249 1234 282 1288 et
294 1219 429 1311 plantat,
442 1231 474 1282 et
492 1213 646 1288 edificem
663 1213 798 1304 agricola
813 1211 962 1288 efficitur,
980 1223 1119 1277 structor
1133 1211 1285 1286 efficitur,

249 1352 291 1395 ne
306 1329 364 1393 tibi
379 1325 497 1413 aliquid
514 1324 604 1389 desit.
625 1322 706 1388 Audi
722 1333 755 1388 et
770 1319 903 1388 Paulum
916 1321 1098 1386 dicentem:
1109 1321 1193 1386 «Dei
1206 1323 1286 1410 agai·

251 1469 263 1502 o
277 1427 416 1513 cultum,
428 1435 487 1502 Dei
502 1431 669 1498 aedificatio
680 1431 783 1498 estis⁸.
799 1430 919 1514 »Quod
929 1453 1005 1519 ergo
1017 1429 1101 1496 istud
1112 1443 1161 1495 est
1172 1432 1285 1497 sancti·-

250 1547 395 1614 monium
407 1543 568 1634 quodnon
580 1564 678 1607 manu
697 1539 834 1637 hominis
852 1540 1047 1614 factumest,
1064 1536 1120 1605 sed
1139 1541 1286 1606 monibus

250 1659 308 1725 Dei
327 1653 496 1747 puratum?
511 1652 594 1719 Audi
618 1652 812 1741 Sapientiam
834 1651 1011 1725 dicentem,
1028 1650 1101 1738 quis
1119 1677 1133 1709 ‹
1148 1649 1286 1716 edifica·

252 1795 265 1831 s
281 1769 325 1834 vit
336 1767 394 1832 sibi
407 1765 540 1831 domum
551 1762 597 1828 ’.υ
615 1765 680 1852 Ego
692 1774 800 1828 nutem
812 1760 874 1826 hoc
883 1759 922 1824 de
932 1759 1145 1826 incarnatione
1152 1759 1284 1825 Domini

253 1875 370 1942 rectius
384 1869 624 1959 intelligendum
638 1882 726 1960 puto.
746 1868 817 1934 Non
832 1868 919 1932 enim
934 1889 1031 1932 munu
1044 1867 1206 1933 hominum
1218 1869 1289 1936 iac-

254 1995 322 2050 tum
337 1993 397 2058 est,
421 1979 454 2044 id
474 1992 535 2055 est,
552 2001 616 2046 non
632 2001 727 2067 opere
744 1978 885 2043 humano
900 1974 1055 2064 templum
1070 1976 1173 2051 curnis
1189 1977 1288 2043 aedifi-

253 2105 345 2160 catur
367 2092 400 2156 in
421 2088 557 2178 virgines
577 2088 646 2165 sed,
668 2088 749 2154 sicut
771 2085 959 2175 praedixenot
978 2085 1101 2162 Daniel,
1118 2085 1196 2176 lepis
1220 2088 1287 2154 sine

253 2201 400 2268 menibus
412 2199 534 2266 excisus
550 2199 662 2274 crevit,
675 2209 708 2262 et
722 2196 824 2263 fectus
838 2208 886 2262 est
905 2219 996 2262 mono
1012 2196 1175 2286 mugnus‘.
1198 2199 1286 2265 Istud

255 2322 302 2378 est
317 2309 561 2376 sanctimonium
571 2308 676 2374 cernis
687 2316 867 2394 assumpto,
879 2316 912 2370 et
927 2305 994 2372 sine
1007 2307 1168 2382 menibus,
1181 2307 1286 2384 idest,

257 2423 375 2510 absque
389 2443 483 2510 opere
497 2419 677 2495 hominum,
690 2417 730 2484 de
745 2428 854 2484 monte
869 2414 1015 2482 humanm
1031 2427 1152 2484 naturae
1165 2427 1195 2482 et
1209 2420 1287 2483 suh-

256 2530 378 2598 stentiae
392 2527 495 2594 carnis
509 2528 661 2593 excisum.

298 2638 388 2706 Xlll.
405 2664 419 2696 ι
434 2636 570 2702 Domine
585 2636 639 2723 qui
656 2657 767 2723 regnes
783 2635 816 2698 in
835 2633 998 2710 menium,
1014 2647 1047 2700 et
1065 2635 1098 2700 in
1120 2633 1287 2708 succulum,

258 2761 317 2814 »et
335 2744 471 2812 ndhuc⁸.
488 2769 501 2805 s
516 2743 649 2823 Quoties
664 2743 696 2808 in
718 2741 869 2810 saecuium
885 2743 1014 2819 dicitur,
1031 2742 1197 2833 longitudo
1219 2745 1290 2832 qui·

259 2857 331 2924 dem
342 2855 507 2945 temporis,
519 2853 575 2919 sed
586 2876 654 2919 ease
666 2851 738 2918 finis
750 2851 861 2942 aliquis
875 2853 1051 2926 indicatum
1067 2855 1138 2920 etsi
1155 2855 1187 2919 in
1203 2854 1290 2920 atiud

257 2963 407 3034 saeculum
422 2964 559 3037 dicotur,
573 2960 685 3050 uliquis
697 2961 764 3026 sine
776 2961 874 3026 dubio
889 2958 1013 3050 longior
1024 2961 1169 3050 quidem,
1183 2975 1291 3028 tamen

257 3074 386 3164 ponitur
403 3070 493 3143 finis;
514 3083 547 3135 et
567 3069 691 3158 quoties
716 3068 831 3136 saecuia
858 3069 1045 3137 occulorum
1071 3073 1292 3146 nominantur.

256 3184 401 3259 sortasse,
419 3179 494 3246 licet
511 3181 638 3268 ignotus
660 3179 764 3253 nobis,
784 3191 922 3244 tamenn
943 3179 1011 3245 Deo
1027 3192 1164 3245 statutus
1181 3179 1294 3269 uliquis

258 3291 412 3358 terminus
422 3288 592 3354 indicetur.
608 3287 703 3366 Quod
715 3309 789 3352 veno
801 3286 889 3351 addit
905 3286 938 3351 in
948 3285 1012 3352 hoc
1023 3285 1108 3362 loco,
1120 3303 1152 3352 et
1165 3288 1291 3362 «utos,

258 3398 382 3465 nullum
404 3418 531 3463 sensum
552 3393 687 3466 termini,
704 3392 837 3480 alicujus
855 3406 911 3460 eut
929 3393 1001 3460 finis
1024 3393 1160 3484 reliquit.
1177 3397 1293 3477 Quod-

259 3531 396 3595 cumque
416 3508 501 3572 enim
520 3503 599 3569 iilud
619 3503 804 3592 cogitaveris
827 3503 860 3567 in
883 3527 946 3591 quo
966 3503 1064 3570 finem
1087 3517 1180 3594 putes
1201 3531 1299 3595 posse

260 3617 581 3702 consistere‚sen1pen
595 3611 652 3676 tibi
665 3610 742 3676 dicit
757 3633 861 3676 sermo
877 3611 1096 3699 propheticus,
1109 3613 1140 3677 E
1143 3629 1155 3678 t
1166 3615 1293 3688 auton.

259 3725 344 3794 velot
358 3725 384 3788 si
399 3723 545 3811 loquetur
560 3723 599 3787 ud
615 3734 659 3795 te,
677 3733 710 3785 ct
725 3719 810 3785 dicot
829 3743 836 3784 :
854 3717 949 3785 Putas
966 3721 998 3786 in
1015 3720 1167 3790 secutum
1184 3723 1297 3790 saecuii

293 3885 387 3934 ¹Joen.
400 3901 434 3943 iv,
445 3883 545 3933 58.-ι
560 3883 640 3932 Exod.
655 3899 695 3940 xv,
712 3897 749 3944 ¹7·
765 3879 814 3919 ω’
831 3896 839 3927 ι
856 3880 915 3929 Cor.
931 3896 1009 3944 m‚9.
1020 3880 1071 3918 ..t
1084 3881 1156 3930 Prov.
1172 3897 1216 3942 ιχ,
1232 3899 1255 3932 ,,
1269 3909 1298 3919 ..

262 3957 271 3990 ⁵
284 3961 348 4010 Dan.
362 3978 394 4018 ιι,
404 3959 443 4018 54.
453 3987 482 3996 -
492 3959 502 3993 ⁶
514 3958 596 4008 Exod.
608 3973 650 4019 xv,
663 3957 700 4007 ιδ.
