2644 4612
293 303 325 347 ιιι
349 302 510 346 curricuu
535 301 744 347 crrrrconuu
762 296 823 345 nn.
850 301 898 344 111.
1050 278 1110 339 bar
1172 307 1176 314 ·

90 423 239 511 spexisset
258 423 343 511 quod
364 446 496 513 sponsus
511 434 621 511 utpote
638 425 687 489 rir
703 448 767 489 uon
783 420 935 488 resederit
955 420 987 484 iu
1000 420 1116 496 domo,
1165 451 1168 456 ·

87 536 154 620 ipsa
176 555 278 597 rursus
303 554 412 597 amore
437 533 506 620 ejus
532 533 711 621 exagitata,
735 532 847 598 exierit
866 531 972 605 foras,
998 541 1031 594 et
1054 528 1118 594 cir·

92 640 228 706 cumiens
238 650 382 730 peragret
396 641 481 707 circa
497 640 627 706 domum
642 664 707 707 non
720 640 918 728 ingrediens,
934 650 1017 702 etex
1032 635 1118 702 omni

91 760 178 835 parte
197 749 362 837 prospiciat
387 750 514 838 quando
535 749 574 814 ad
594 772 664 816 eam
679 748 787 814 redeat
808 769 967 837 sponsus:
992 756 1026 811 ct
1041 767 1117 810 ecce

92 855 192 919 subito
207 856 308 922 rident
321 879 396 922 eum
412 857 587 923 vicinorum
601 857 757 922 montium
769 856 842 944 juga
857 853 1021 919 immensis
1031 851 1116 918 salti-

88 963 144 1028 bus
159 946 359 1052 superantem
373 963 567 1031 descendere
583 964 623 1030 ad
642 963 773 1028 domum
792 963 901 1051 inqua
917 983 1027 1027 amore
1048 961 1119 1049 ejus

84 1067 210 1136 sollicita
228 1083 346 1138 estuat
358 1094 481 1160 sponsa.
504 1071 694 1138 perveniens
712 1093 787 1136 vero
802 1092 933 1159 sponsus
956 1068 995 1133 ad
1010 1067 1117 1157 parie-

82 1191 146 1243 tem
169 1177 304 1256 domus,
321 1191 382 1244 stet
406 1177 572 1269 paululum
596 1191 668 1270 post
691 1180 814 1268 ipsum,
842 1177 1041 1244 considerans
1064 1176 1117 1262 (ut

83 1285 147 1351 fieri
170 1284 269 1374 solet)
288 1284 427 1374 aliquid,
444 1299 476 1352 et
505 1289 611 1354 animo
632 1298 815 1353 retractans.
835 1285 907 1352 Jam
928 1309 1002 1350 vero
1020 1285 1115 1351 etiam

82 1393 145 1481 ipss
159 1395 297 1459 sentiens
315 1393 433 1482 aliquid
447 1396 565 1461 amoris
580 1420 656 1485 erga
676 1417 843 1484 sponsam,
861 1417 936 1458 usus
952 1391 1114 1458 altitudine

83 1527 137 1568 sua
151 1527 219 1591 quas
236 1505 362 1593 attingit
379 1528 479 1592 usque
501 1505 542 1571 ad
562 1491 675 1571 domus
694 1505 867 1581 fenestras,
885 1527 955 1590 quae
973 1503 1116 1568 fenestrae

83 1609 217 1676 habeant
243 1609 382 1698 aliquam
406 1625 528 1702 partem
549 1615 670 1701 operis,
695 1625 731 1678 ut
754 1613 860 1688 aiunt,
883 1610 1053 1687 reticulati,
1076 1612 1117 1676 Et
1186 1621 1195 1704 J

88 1729 164 1783 tunc
178 1720 341 1785 incumbat
355 1721 484 1807 quidem
499 1745 557 1810 per
570 1721 739 1797 fenestras,
755 1721 946 1786 eminentior
960 1731 1064 1786 autem
1073 1719 1117 1785 sic

85 1825 123 1890 sit
134 1825 294 1904 fenestris,
309 1828 502 1918 attingatque
516 1852 614 1916 usque
629 1831 669 1895 ad
685 1830 846 1918 superiora
861 1851 970 1894 earum
988 1850 1057 1914 quae
1069 1851 1117 1892 re-

82 1931 231 2012 ticulato,
245 1947 281 2000 ut
296 1936 448 2014 diximus,
465 1960 559 2026 opere
571 1938 726 2004 distinctae
740 1951 831 2012 sunt,
846 1936 983 2024 indeque
993 1935 1102 2025 prospi

79 2041 169 2106 ciens
195 2041 372 2129 alloquatur
394 2069 564 2132 sponsam,
587 2059 620 2110 et
637 2046 722 2112 dicat
746 2047 775 2112 ci
794 2070 801 2111 :
823 2046 996 2134 «Exurge,
1020 2044 1116 2122 veni,

74 2149 248 2236 »proxima
263 2172 352 2225 mea,
368 2148 504 2215 formosa
518 2173 607 2227 mea,
623 2151 772 2218 columba
784 2152 891 2227 mea¹‚
908 2165 961 2216 »et
975 2150 1111 2240 reliqua.

73 2258 154 2322 Haec
182 2268 258 2321 sunt
277 2281 366 2346 quae,
390 2269 425 2324 nt
446 2258 589 2346 superius
615 2258 865 2347 designavimus,
894 2258 1115 2324 difficultatem

73 2363 252 2454 plurimam
269 2364 421 2454 dirigendi
442 2365 578 2442 ordinis,
594 2378 626 2431 et
644 2365 820 2455 aperiendae
834 2364 1048 2454 intelligentias
1066 2365 1118 2430 ha·

74 2473 152 2538 bere
166 2472 260 2537 nobis
276 2473 339 2540 visa
357 2485 440 2539 sunt.
459 2475 539 2554 Quae
555 2486 588 2537 ut
603 2485 680 2562 puto
695 2474 889 2540 evidentiora
903 2473 1014 2542 fecerit
1030 2497 1117 2562 repe·

76 2580 133 2646 tita
160 2580 233 2646 haec
256 2603 342 2646 nunc
364 2581 479 2671 indago
499 2604 692 2648 sermonum.
716 2581 870 2671 spiritalis
894 2593 999 2647 autem
1015 2582 1047 2647 in
1066 2580 1115 2648 his

75 2688 251 2778 expositio,
270 2713 334 2755 non
360 2690 404 2755 ita
424 2687 579 2757 laboriosa
606 2715 643 2757 ac
666 2689 801 2757 difficilis
822 2690 969 2757 babetur.
993 2692 1117 2779 Sponsa

76 2797 160 2862 enim
177 2797 267 2862 verbi
284 2798 404 2874 anima,
420 2821 491 2886 quae
502 2799 534 2864 in
547 2799 643 2865 domo
652 2798 748 2888 regali
761 2798 842 2884 (boc
854 2811 902 2864 est
914 2799 946 2864 in
955 2797 1113 2888 Ecclesia)

77 2905 242 2980 consistit,
259 2904 420 2972 dooetura
437 2908 534 2973 verbo
549 2907 626 2983 Dei,
644 2909 698 2997 qui
713 2919 762 2972 est
776 2929 908 2996 sponsus
923 2930 1013 2982 suus,
1031 2932 1114 2996 quas·

77 3035 219 3102 cumque
234 3004 370 3102 reposita
385 3025 458 3079 sunt
473 3027 506 3080 et
526 3017 691 3082 recondita
712 3017 795 3082 intra
818 3015 922 3081 aulam
936 3016 1053 3104 regiam
1080 3030 1114 3082 ct

77 3121 264 3188 cubiculum
281 3123 361 3210 regis
377 3145 384 3186 :
398 3123 490 3188 discit
504 3124 537 3188 in
551 3123 613 3189 hac
628 3124 724 3190 domo
735 3174 744 3200 ,
757 3147 826 3211 quae
840 3136 889 3189 est
899 3122 1037 3190 Ecclesia
1055 3126 1113 3190 Ilei

80 3229 156 3306 rivi,
176 3228 276 3296 cellas
296 3231 392 3295 etiam
409 3231 472 3294 vini
501 3229 584 3296 illins
601 3232 685 3320 quod
708 3233 748 3297 de
768 3233 882 3297 sanctis
902 3230 1113 3299 torcularibus

84 3350 306 3427 congregatum
320 3351 384 3416 est,
401 3338 495 3406 cellas
513 3341 574 3405 vini
590 3363 654 3406 non
671 3339 773 3406 solum
790 3342 861 3408 nori
876 3342 931 3408 scd
948 3356 980 3408 et
997 3342 1112 3408 veteris

83 3465 119 3509 ac
133 3446 251 3523 suavis,
267 3469 337 3534 quae
351 3460 398 3513 est
418 3448 561 3515 doctrina
578 3449 667 3538 Legis
679 3461 712 3514 et
728 3451 952 3539 prophetarum
968 3475 976 3515 :
992 3453 1024 3515 in
1041 3451 1113 3536 qui-

80 3553 137 3620 bus
151 3554 346 3620 sufficienter
364 3557 531 3621 exercitata
544 3558 675 3647 recipiat
694 3559 725 3623 in
740 3583 773 3624 se
788 3559 907 3649 ipsum,
925 3560 980 3647 qni
995 3569 1064 3622 erat
1078 3559 1112 3628 in

79 3663 236 3753 principio
253 3664 336 3752 apud
347 3664 450 3730 Deum
462 3665 547 3730 Deus
560 3668 690 3732 verbum
701 3717 710 3744 ‚
723 3669 852 3735 sednon
866 3690 991 3755 semper
1002 3689 1112 3734 secum

80 3783 321 3862 permanentem
341 3797 348 3837 :
366 3795 430 3838 non
452 3773 537 3839 enim
559 3774 705 3863 possibile
726 3789 773 3844 est
795 3777 859 3843 boc
881 3776 1028 3842 humana
1053 3799 1112 3843 nas

117 3916 208 3968 *Cant
219 3936 254 3977 ιι,
273 3935 310 3970 ιο.
