2644 4612
226 274 293 340 516
674 296 815 342 carcaria

225 419 414 510 liujusmodi
431 443 597 488 cervorum
612 420 716 511 pullos
739 421 890 488 Dominus
904 424 1011 500 nutrit,
1027 445 1125 492 eorum
1142 427 1206 494 dnn-

222 530 371 617 taxetqni
388 531 509 617 jactant
522 531 555 596 in
569 531 706 598 Domino
719 532 940 620 cogitationem
955 555 1051 607 suam,
1066 546 1096 596 ut
1105 535 1204 621 ipseeor

222 639 361 714 nutriat,
378 639 487 728 etipse
498 651 600 706 servet
614 637 738 704 colores
750 651 858 728 partus
866 663 975 705 eorum
986 663 1068 716 ‚cum
1078 663 1110 705 ex
1120 642 1204 709 timore

224 746 283 811 Dei
301 759 334 812 et
355 747 389 812 in
405 759 515 812 ventre
531 747 754 834 conceperint,
770 758 802 812 et
816 731 1030 836 parturierint,
1050 759 1079 812 et
1096 749 1204 835 spiritum

225 853 334 922 salutis
351 855 540 943 pepererint.
560 855 751 941 Huiusmodi
770 866 861 944 partu
879 853 999 920 dolores
1016 855 1075 944 ipsc
1087 855 1203 923 Dominus

227 975 347 1037 servat,
363 975 396 1027 et
416 974 516 1028 curat.
536 962 601 1028 Sed
618 973 651 1028 et
668 963 783 1028 emittit
804 961 929 1028 dolores
945 985 1049 1028 eorum
1062 1011 1070 1037 ,
1084 974 1113 1027 nt
1126 977 1204 1030 eunus

225 1083 317 1146 eant,
333 1082 366 1136 et
380 1069 479 1137 sscant
500 1082 663 1159 portantes
684 1071 804 1137 semina
823 1094 899 1147 sua,
917 1081 950 1136 et
968 1071 1028 1136 sint
1044 1071 1073 1136 in
1085 1070 1203 1138 doloribus

227 1179 391 1246 hominum
409 1201 446 1245 ac
464 1177 664 1268 flagellentur
685 1200 761 1245 cnm
777 1180 979 1254 hominibus,
995 1203 1033 1244 ne
1052 1179 1119 1244 forte
1131 1192 1203 1247 coest

225 1311 280 1354 eos
295 1288 454 1376 superbia.
472 1287 527 1353 isti
539 1309 666 1375 quoquc
680 1287 739 1376 ipsi
751 1288 836 1354 cervi
853 1290 1043 1375 abrumpunt
1055 1286 1101 1372 (ut
1110 1289 1155 1374 ait)
1164 1311 1201 1354 tu·

221 1407 271 1460 tos
283 1417 366 1460 suos.
383 1395 472 1475 Quos
481 1394 568 1460 enim
579 1395 745 1482 genuerint
756 1418 814 1486 per
826 1393 1048 1484 Evangelium‚
1060 1395 1198 1484 abrumpmt

223 1523 279 1567 eos
296 1499 462 1569 avinculis
481 1512 706 1592 peccatorum,
725 1515 757 1568 et
781 1527 799 1568 a
820 1501 942 1591 laqueis
962 1501 1086 1578 diaboii,
1101 1525 1131 1567 ne
1147 1501 1196 1566 ultra

226 1608 379 1676 voluntati
394 1633 505 1676 eorum
519 1622 690 1676 teneantur
711 1609 868 1676 obstricti.
888 1609 944 1676 lsti
960 1611 1052 1676 etiam
1064 1607 1194 1699 multiplica·

224 1721 364 1795 buntur,
379 1730 412 1784 et
431 1717 558 1807 (nteit)
572 1741 637 1784 non
648 1730 856 1784 revertentur.
873 1719 947 1785 Non
958 1719 1191 1788 enimimitahutu

224 1849 355 1892 uxorem
366 1826 468 1900 Loth,
482 1848 547 1891 non
562 1825 712 1897 redibunt
727 1839 904 1892 retrorsum
915 1827 937 1891 ¹.
957 1826 1066 1893 Sciunt
1079 1823 1184 1910 eaiapai

225 1936 278 2022 qui
294 1935 391 2000 mittit
405 1957 536 2000 menum
548 1957 637 1999 suam
655 1933 695 2000 ad
703 1946 862 2010 aratrum,
877 1935 903 1999 si
916 1935 1178 2022 retrospereit,aptu

225 2067 290 2108 non
301 2043 360 2107 erit
366 2065 462 2131 regno
470 2041 644 2108 coelorum²
656 2067 664 2107 :
678 2043 734 2108 scd
741 2065 866 2132 semper
875 2067 948 2130 quae
959 2055 1044 2108 retro
1054 2037 1184 2108 suntote

212 2163 354 2228 cuntur,
368 2152 444 2216 etin
456 2175 493 2216 ea
505 2163 659 2240 quarente
674 2173 708 2216 so
726 2163 800 2216 sunt
818 2175 852 2217 se
867 2153 1055 2218 extendunt.
1067 2149 1134 2216 Tales
1142 2145 1191 2210 enin

226 2283 336 2328 cervos
354 2283 412 2324 vox
426 2260 554 2327 Domini
569 2259 645 2326 facit
666 2282 735 2324 esse
749 2259 918 2348 perfectos.
946 2262 1026 2341 Quae
1041 2283 1090 2326 vor
1103 2253 1195 2326 muni.

225 2370 286 2434 nisi
301 2366 353 2434 illa
364 2392 435 2455 quae
451 2368 483 2434 in
495 2370 616 2457 Legeet
627 2368 660 2433 in
672 2368 835 2456 prophetis
845 2367 999 2446 hahetur,
1014 2382 1044 2435 et
1057 2364 1159 2458 pervenit
1168 2382 1198 2424 tt

224 2499 287 2564 que
308 2476 347 2541 ad
363 2476 541 2551 «Ioannem,
558 2475 613 2562 qui
631 2488 701 2540 erat
718 2498 779 2541 vox
800 2473 970 2542 clamantis
989 2478 1021 2542 in
1039 2469 1201 2541 deerunt

224 2586 290 2673 ipsa
301 2585 387 2649 enim
404 2582 601 2649 vorJoannis
613 2633 622 2658 ‚
635 2583 690 2672 qui
705 2583 850 2649 dicebat:
861 2611 875 2644 ι
887 2584 1002 2650 Parate
1017 2586 1090 2650 nam
1103 2576 1203 2650 Domini.

225 2705 349 2758 »rectas
359 2691 452 2756 facite
464 2691 590 2757 semitas
609 2692 668 2757 Dei
684 2690 823 2766 nostri⁴,
841 2718 853 2752 r
873 2693 1032 2782 perfectos
1043 2691 1206 2757 iaciebatccr
1267 2699 1268 2724 ³

225 2824 297 2876 vos,
312 2812 346 2864 nt
360 2811 464 2864 essent
479 2798 610 2887 perfecti
626 2799 659 2864 in
673 2799 787 2866 eodem
799 2821 914 2877 sensu,
935 2812 969 2866 et
985 2801 1016 2866 in
1034 2793 1207 2866 eedemsuien·

222 2909 274 2975 tia.
288 2908 351 2988 Qui
363 2907 448 2973 enim
464 2905 605 2982 tulisset,
618 2908 732 2972 merito
747 2907 842 2973 dicit:
854 2909 969 2975 «Sicut
982 2931 1085 2974 cervus
1094 2901 1206 2970 desiderat
1266 2911 1268 2948 t

225 3012 285 3078 rad
299 3011 401 3076 fontes
413 3034 584 3098 aquarum,
597 3012 639 3077 ita
656 3011 813 3078 desiderat
828 3013 935 3079 anima
946 3037 1017 3080 mea
1031 3002 1206 3078 adtelteus⁵u

224 3121 343 3186 Cervus
359 3143 486 3209 qnoque
501 3120 711 3187 amicitiarum
723 3120 795 3208 quis
807 3118 886 3186 alius
901 3122 1058 3188 videbitur
1068 3119 1119 3186 nisi
1129 3109 1213 3199 ittequi

223 3229 358 3318 peremit
380 3240 559 3318 serpentem
583 3226 671 3294 illum
692 3229 748 3315 qui
770 3228 939 3296 seduxerat
957 3230 1068 3303 Evam,
1088 3239 1116 3291 et
1129 3217 1215 3308 eloquii

222 3338 270 3402 sni
286 3335 413 3403 {letibus
425 3337 547 3424 peccati
562 3336 595 3401 in
610 3359 682 3402 eam
693 3359 815 3402 venena
825 3335 1027 3412 diffundens,
1042 3355 1152 3402 omnem
1162 3351 1214 3419 pos·

1266 2729 1268 2790 p

223 3444 358 3510 teritetis
374 3443 516 3512 sobolem
529 3445 674 3533 contagio
682 3445 947 3533 praevaricationis
961 3441 1134 3512 infecerat‘:
1145 3451 1215 3504 etrs-
1266 3441 1267 3448 ’

225 3566 316 3619 nerat
334 3551 454 3619 solvere
474 3551 654 3618 inimicitias
672 3554 704 3617 in
723 3575 818 3618 carno
833 3575 903 3627 sua.
925 3577 1003 3640 quas
1013 3553 1088 3618 inter
1101 3550 1216 3616 Dennet

221 3661 384 3728 hominem
396 3658 507 3725 noxius
518 3660 674 3727 mediator
689 3659 861 3726 effecerat?
875 3657 984 3726 Pullus
996 3683 1067 3728 vero
1080 3656 1215 3747 gratiarum

260 3819 344 3871 ¹Gen.
361 3817 553 3871 xrx.-²1.ur.
574 3839 608 3869 rx.
624 3817 674 3858 -3
687 3823 775 3873 Martii.
790 3837 835 3882 ru,
853 3824 875 3870 3.
888 3823 937 3859 ..t
950 3821 1059 3882 Isaiae,
1070 3815 1092 3868 3.
1102 3811 1212 3860 -⁵P⁵³l²

221 3929 289 3974 zan,
304 3929 325 3961 r.
339 3907 391 3947 -θ
405 3913 467 3959 Gen.
479 3927 518 3958 nr.
