2660 4610
347 301 378 342 ns
402 298 563 342 canrrcuu
587 299 789 342 cnnrtconuu
813 300 872 342 mn.
900 300 934 342 n.
1092 281 1157 365 447

117 415 310 504 quaestiones
323 427 433 479 utrum
444 415 525 480 sacta
535 463 543 489 ,
554 426 597 478 'au
608 414 738 479 omnino
752 397 868 480 anullo
881 414 979 480 sacta:
995 428 1027 480 ct
1039 417 1063 481 si
1075 417 1158 483 lacta

118 525 182 598 sit,
195 521 355 609 quomodo
371 521 410 585 sit
421 521 522 586 sacta:
539 531 663 596 utrum,
681 533 716 585 ut
731 534 843 609 putant
857 521 972 609 aliqui,
988 524 1021 588 in
1037 524 1156 588 semine

122 629 283 719 corporali
305 629 400 694 etiam
420 628 516 716 ipsius
533 628 706 694 substantia
723 630 915 704 continetur,
936 642 968 693 et
984 631 1071 718 origo
1086 632 1156 718 ejus

122 739 243 827 pariter
256 760 328 802 cum
342 733 461 823 origine
472 735 613 823 corporis
630 735 805 800 traducitur
820 760 828 799 ε
843 761 882 800 an
894 737 1157 824 perfectaextrin-

122 869 215 911 secus
233 845 376 918 veniens,
393 855 503 930 parato
522 844 587 930 jam
603 854 635 907 ct
652 842 788 907 formato
810 843 892 908 inter
906 845 1026 910 viscera
1041 845 1159 912 mulie-

121 953 191 1018 bria
209 975 340 1039 corpore
353 950 504 1016 induitur.
520 951 560 1014 Et
575 951 599 1014 si
616 950 658 1014 ita
674 951 734 1025 sit,
749 963 855 1016 utrum
871 974 972 1040 nuper
989 965 1093 1019 creata
1108 977 1159 1018 ve·

120 1061 208 1136 niat,
223 1071 255 1123 et
272 1071 349 1124 tunc
364 1059 503 1148 primum
514 1057 597 1122 facta
612 1080 687 1123 oum
699 1081 813 1146 corpus
828 1059 1030 1126 videturesse
1042 1061 1157 1126 forma·

117 1181 209 1241 tum,
231 1179 266 1230 ut
283 1189 376 1232 causa
399 1165 527 1230 facturae
549 1165 618 1251 ejus
640 1165 800 1230 animandi
824 1167 965 1254 corporis
987 1169 1156 1234 necessitas

117 1275 259 1340 extitisse
273 1273 444 1338 credatur:
462 1296 501 1336 au
512 1272 599 1359 prius
612 1284 644 1336 et
660 1271 736 1336 olim
751 1272 854 1349 sacta,
873 1275 915 1338 ob
927 1272 1064 1362 aliquam
1079 1299 1158 1342 cau-

118 1406 186 1448 sam
201 1381 242 1447 ad
257 1404 372 1468 corpus
384 1380 575 1445 sumendum
584 1379 691 1444 venire
702 1380 898 1445 existimetur
909 1405 916 1446 :
927 1393 960 1445 et
971 1382 996 1446 si
1009 1406 1048 1447 ex
1063 1407 1155 1449 causa

48 1483 52 1496 '
119 1489 223 1576 aliqua
239 1489 273 1552 in
286 1489 350 1553 hoc
366 1486 479 1552 deduci
492 1486 643 1562 creditur,
661 1511 731 1574 quae
746 1485 799 1552 illa
812 1489 852 1551 sit
868 1510 963 1554 causa
979 1500 1014 1552 ut
1030 1493 1155 1578 agnosci

120 1598 236 1686 possit,
250 1595 387 1660 scientiae
403 1618 482 1683 opus
498 1606 555 1659 est.
575 1594 681 1660 Sedet
692 1593 770 1659 illud
781 1595 963 1682 requiritur,
981 1610 1089 1662 utrum
1104 1621 1154 1663 se-

123 1703 189 1772 mel
204 1716 324 1770 tantum
340 1725 473 1791 corpore
483 1702 646 1778 induatur,
659 1714 691 1766 et
707 1703 739 1767 id
756 1705 959 1792 postmodum
976 1705 1154 1793 depositum

125 1811 206 1878 ultra
229 1835 289 1876 non
313 1824 452 1900 quaerat,
471 1835 511 1876 an
533 1832 608 1876 cum
626 1809 723 1875 semel
742 1821 923 1900 susceptum
952 1811 1152 1900 deposuerit,

118 1922 236 1985 iterum
251 1931 389 1984 assumat
407 1942 415 1982 :
435 1930 467 1982 et
488 1919 513 1982 si
530 1918 671 1983 secundo
694 1919 855 2007 sumptum
878 1944 1003 2009 semper
1018 1921 1153 1996 habeat,

118 2051 159 2093 an
176 2019 347 2114 aliquando
363 2027 478 2090 iterum
494 2025 631 2112 abjiciat.
645 2027 685 2090 Et
700 2027 726 2090 si
740 2027 869 2113 quidem
884 2029 1061 2094 secuudum
1077 2052 1154 2095 auc-

119 2135 281 2199 toritatem
297 2133 531 2220 Scriptururum
548 2131 779 2196 consummatio
798 2133 962 2199 immineat
974 2112 1103 2209 mundi,
1121 2148 1154 2200 et

118 2240 439 2328 corruptibilisstatus
450 2238 505 2303 hic
519 2239 552 2302 iu
564 2238 837 2326 incorruptibilem
851 2241 1040 2316 mutabitur,
1051 2243 1154 2306 ambi-

119 2371 219 2437 guum
231 2371 296 2412 non
310 2347 406 2412 sideri
417 2346 504 2434 quod
516 2346 547 2410 in
563 2346 724 2435 praesentis
742 2344 810 2409 sitae
822 2357 939 2410 statum
952 2349 1155 2417 secundoaut

121 2458 215 2522 tertio
230 2457 263 2521 iu
278 2479 394 2543 corpus
406 2455 512 2520 venire
526 2455 633 2541 possit.
650 2454 730 2520 Nam
745 2455 770 2518 si
786 2454 939 2542 recipitur
951 2454 1034 2529 hoc,
1049 2477 1157 2520 neces-

117 2564 202 2630 sario
218 2563 359 2650 sequitur
375 2574 409 2626 ut
423 2561 606 2649 hujusmodi
624 2561 876 2626 successionibus
889 2563 1155 2648 consequentibus

1 2682 3 2689 '
116 2671 217 2736 finem
235 2670 353 2734 nesciat
368 2668 516 2733 mundus.
535 2669 576 2732 Et
595 2666 699 2732 adbuc
715 2667 905 2754 agnitionem
920 2666 969 2730 sui
986 2667 1089 2731 anima
1104 2690 1156 2730 re-

5 2841 12 2857 ,
117 2778 279 2868 quirat,si
295 2789 343 2842 est
357 2775 467 2864 aliquis
483 2775 581 2851 ordo,
599 2786 652 2838 aut
668 2786 741 2838 sunt
757 2772 851 2860 aliqui
868 2775 994 2861 spiritus
1012 2775 1155 2860 ejusdem

4 2869 13 2965 ,¹
117 2887 305 2952 substantia
316 2908 390 2951 cum
403 2885 486 2972 ipsa,
503 2881 553 2948 alii
569 2905 643 2948 vero
659 2905 724 2947 non
739 2882 902 2968 ejusdem,
919 2882 975 2946 sed
986 2882 1099 2946 diversi
1116 2884 1155 2948 ab

1 2979 7 2992 i
117 3019 178 3070 ea,
194 2994 306 3069 idest,
322 2993 346 3058 si
359 3004 432 3057 sunt
446 3003 478 3055 ct
495 2989 546 3055 alii
561 2991 690 3078 spiritus
704 2986 905 3054 rationabiles
919 3000 954 3051 ut
969 2989 1034 3076 ipsa
1047 3001 1112 3064 est,
1126 3002 1159 3054 et

12 3169 14 3174 ,
121 3101 176 3168 alii
190 3113 332 3166 carentes
345 3100 466 3164 ratione
481 3121 489 3162 ε
503 3109 536 3164 et
547 3098 572 3162 si
588 3097 699 3163 eadem
716 3108 764 3160 est
778 3096 875 3182 ipsius
891 3117 962 3180 quae
976 3107 1009 3158 et
1021 3094 1160 3184 Angelo-
1188 3167 1194 3174 ⁸

121 3231 199 3274 rum
214 3208 407 3282 substantia,
427 3210 576 3292 quoniam
597 3202 781 3268 rationabile
798 3227 814 3266 a
837 3202 1014 3267 rationabili
1038 3227 1154 3292 nequa-

125 3341 224 3407 quam
235 3317 360 3382 differre
377 3315 525 3403 creditur.
546 3312 609 3377 Aut
621 3312 645 3375 si
660 3334 724 3375 non
739 3322 787 3374 est
797 3308 924 3396 quidem
933 3308 1003 3374 talis
1014 3333 1071 3398 per
1082 3312 1160 3374 sub-

10 3495 16 3515 ,
126 3425 293 3500 stantiam,
311 3424 366 3491 sed
385 3423 445 3487 erit
467 3419 537 3485 talis
555 3421 778 3508 pergratiam,
803 3419 826 3482 si
843 3420 993 3484 meruerit
1011 3443 1019 3483 :
1038 3445 1076 3485 an
1096 3442 1159 3484 uon

8 3518 15 3534 ¹
122 3534 225 3624 possit
245 3532 376 3598 omnino
396 3527 504 3594 similis
526 3527 607 3593 effici
627 3524 771 3614 Angelis,
789 3525 847 3589 nisi
870 3525 932 3590 boc
951 3539 1071 3592 naturae
1097 3549 1163 3590 sua}

121 3639 279 3730 qualitas,
301 3651 354 3702 aut
372 3635 543 3701 similitudo
559 3633 723 3721 receperit.
750 3632 850 3698 Reddi
871 3633 954 3697 onim
971 3656 1062 3720 posse
1079 3631 1163 3696 vide-

122 3749 215 3816 bitur
230 3747 317 3833 quod
339 3744 489 3809 amissum
511 3754 576 3817 est,
596 3753 786 3806 nontamen
809 3738 943 3803 conferri
967 3738 1000 3800 id
1022 3737 1107 3822 quod
1122 3762 1163 3802 ex

3 3873 11 3901 ³
122 3855 218 3922 initio
235 3852 390 3919 Conditor
405 3875 471 3918 non
488 3849 619 3916 dederit.
639 3848 749 3914 Sedet
765 3847 827 3912 hoc
843 3846 946 3911 adbuc
964 3844 1002 3908 ad
1026 3866 1155 3931 cognos-
