2662 4602
234 277 292 342 rgo
676 267 819 316 onrosttrs

230 393 382 460 sentiam!
398 389 602 456 Confidentor
616 412 692 478 ergo
707 389 747 454 de
764 387 851 454 vobis
868 386 952 466 dico,
972 387 1045 478 quir
1062 413 1117 457 vos
1136 414 1207 458 non
1229 393 1273 458 its
1326 365 1328 418 l

229 499 381 572 didicistis
394 497 568 572 Christum,
584 517 687 584 neque
699 495 740 561 ita
754 495 840 561 docti
852 496 938 572 estis,
951 497 1008 562 sed
1018 520 1122 588 neque
1135 498 1192 565 lex
1204 500 1273 590 ipsa

230 611 299 676 haeo
314 606 430 674 sanctis
451 619 484 670 et
503 603 651 672 fidelibus
674 606 826 695 praeoipit.
855 604 906 670 vis
929 606 1023 683 scire,
1043 610 1213 697 quianon
1234 614 1274 676 ad

228 731 356 786 sanctos
371 729 403 782 et
422 718 522 805 justos
537 717 595 782 ista
618 715 787 782 dicantur?
806 715 890 782 Audi
907 716 1097 806 Apostolum
1118 720 1185 784 ista
1209 720 1271 784 dis·

230 831 446 919 tinguentem:
466 826 595 902 «lusto,
612 827 736 914 inquit,
751 824 802 891 lex
817 836 945 890 nonest
959 826 1075 914 posita,
1088 827 1147 892 sed
1163 827 1272 915 injus·
1327 903 1328 910 χ

229 940 295 1004 »tis
310 950 342 1004 ot
364 961 428 1003 non
445 937 593 1012 subditis,
611 935 750 1002 scelestis
770 947 803 1000 ct
825 937 1061 1012 contaminatis,
1085 938 1270 1025 patricidis,

229 1044 463 1123 »matricidis¹,
481 1059 540 1112 εει
561 1048 676 1112 borum
695 1043 858 1112 similibus.
882 1045 964 1124 Quia
984 1068 1061 1136 ergo
1077 1045 1269 1136 hujusmodi

228 1159 410 1226 hominibus
422 1155 591 1245 Apostolus
607 1154 708 1246 legem
723 1156 801 1221 dicit
817 1153 1010 1244 impositam,
1026 1153 1177 1222 Ecclesia
1199 1158 1267 1232 Dei,
1328 1235 1329 1242 ἵ

227 1289 322 1354 quum
339 1267 421 1332 absit
433 1267 464 1330 in
477 1264 659 1354 hujusmodi
679 1263 871 1329 facinoribus
888 1263 1054 1340 maculari,
1067 1261 1186 1332 relicta
1204 1264 1266 1332 aliis
1328 1251 1329 1302 l

226 1376 343 1452 littera,
360 1377 497 1442 sanctius
512 1375 689 1442 aetlilicetur
703 1399 720 1440 a
735 1373 857 1464 spiritu.
1328 1437 1329 1450 ,

267 1484 438 1551 Videamus
461 1485 568 1572 itaque
594 1505 681 1550 nunc
702 1483 787 1572 quod
808 1497 856 1550 est
872 1484 1053 1572 depositum
1069 1485 1162 1573 quod
1185 1485 1257 1552 lide·
1328 1565 1329 1574 χ

222 1594 300 1680 lium
317 1595 532 1682 unusquisque
551 1593 699 1681 suscepit.
722 1595 788 1682 Ego
810 1605 889 1684 puto
909 1594 995 1682 quod
1018 1607 1051 1659 et
1072 1597 1179 1684 ipsam
1195 1600 1260 1664 ani-
1328 1613 1330 1686 t

221 1725 307 1768 mam
320 1716 459 1769 nostram
470 1715 503 1767 et
514 1725 630 1790 corpus
643 1699 820 1790 depositum
834 1703 1016 1791 accepimus
1031 1727 1048 1768 u
1064 1703 1150 1772 Deo.
1165 1705 1205 1772 Et
1216 1709 1259 1772 vis
1329 1707 1330 1746 l

220 1813 328 1880 videre
343 1815 445 1913 majps
459 1811 545 1881 uliud
566 1813 758 1901 depositum,
775 1811 862 1901 quod
877 1813 1029 1900 accepisti
1049 1837 1068 1878 ε
1088 1814 1181 1881 Deo?
1196 1818 1257 1906 lpsi

219 1924 332 1988 nnimae
350 1935 412 1988 tuae
433 1923 518 2010 Deus
543 1922 713 2014 imaginem
738 1941 827 1988 suam
851 1933 884 1986 ει
898 1921 1141 1990 similitudinem
1166 1949 1257 1991 com·

221 2033 390 2099 mondavit.
409 2034 498 2114 lstud
517 2057 591 2123 ergo
613 2033 790 2121 depositum
813 2045 878 2098 tam
899 2033 1061 2122 integrum
1087 2035 1136 2100 tibi
1157 2037 1252 2100 resti-
1328 2097 1330 2126 4

220 2143 374 2208 tuendum
384 2155 448 2220 est,
459 2167 553 2231 qpam
566 2168 585 2210 o
596 2156 626 2208 ιε
640 2155 765 2209 constat
776 2165 843 2208 esse
860 2155 1055 2232 susceptum.
1072 2143 1106 2208 si
1118 2143 1200 2210 enim
1209 2145 1249 2210 sis
1329 2153 1330 2204 t

222 2249 413 2326 misericors,
430 2233 512 2332 sicut
526 2249 620 2316 Pater
635 2262 706 2315 tuus
726 2250 758 2316 iu
774 2247 861 2315 coelis
879 2249 1058 2316 misericors
1074 2263 1138 2327 est,
1155 2251 1257 2341 imago

220 2361 277 2426 Dei
289 2360 321 2426 in
333 2372 364 2425 te
375 2373 434 2436 est,
449 2371 481 2427 et
493 2339 652 2450 integrum
666 2361 846 2449 depositum
858 2382 972 2426 servas.
989 2360 1022 2426 Si
1035 2360 1201 2450 perlectus
1213 2385 1259 2436 es,

219 2467 300 2533 sicut
319 2464 412 2553 Pater
426 2479 500 2533 tuus
516 2467 548 2532 in
565 2465 653 2532 omlis
671 2465 829 2555 perlectus
850 2477 910 2539 est,
932 2467 1078 2556 imaginis
1098 2467 1158 2533 Dei
1175 2469 1212 2534 in
1230 2482 1259 2534 te

218 2575 398 2675 depositum
413 2590 531 2642 manet.
548 2573 699 2658 Similiter
712 2587 744 2640 et
759 2586 871 2641 caetora
885 2574 1003 2652 omnia,
1019 2577 1045 2642 si
1057 2575 1144 2665 pius,
1159 2579 1187 2644 si
1199 2580 1259 2668 jus·

113 2739 122 2746 .
209 2685 529 2771 .tuses,si.sanctus,
546 2683 724 2764 simundus
746 2685 863 2758 corde;
880 2697 912 2748 et
927 2685 1034 2750 omnia
1050 2708 1123 2773 quae
1141 2688 1177 2754 in
1191 2688 1252 2754 Deo

219 2806 333 2882 praesto
344 2807 418 2882 sunt
428 2817 485 2885 per
496 2804 656 2868 naturam,
669 2793 694 2857 si
708 2792 764 2858 tibi
775 2817 833 2882 per
845 2793 1053 2860 imitationem
1067 2797 1251 2874 subsistunt,

218 2905 400 2994 depositum
416 2903 502 3006 apud
522 2915 552 2968 te
567 2893 687 3005 Divinae
709 2903 851 2992 imaginis
871 2902 992 2970 salvum
1014 2916 1073 2969 est.
1093 2905 1129 2972 Si
1146 2931 1256 2974 veroe

217 3015 376 3081 contrario
387 3005 473 3103 agas,
490 3027 523 3079 ει
534 3037 591 3103 pro
605 3013 808 3079 misericorde
820 3009 973 3090 crudelis,
986 3017 1113 3103 propio
1125 3018 1255 3108 impius,

215 3146 274 3211 pro
291 3121 613 3211 benignoviolentus,
629 3144 687 3209 pro
702 3120 810 3208 quieto
827 3119 1042 3199 turbulentus,
1058 3149 1119 3213 pro
1130 3125 1251 3192 liberali

214 3243 322 3322 raptor
336 3234 463 3313 existas,
477 3233 601 3322 abjecta
614 3213 748 3334 imagine
764 3231 835 3306 Dei,
853 3230 968 3297 diaboli
985 3232 1017 3298 iu
1033 3245 1066 3299 te
1082 3237 1247 3326 imaginem

215 3343 390 3432 suscepisti,
408 3355 440 3408 ot
461 3343 582 3408 bonum
598 3341 776 3430 depositum
796 3339 852 3405 tibi
873 3340 1022 3407 divinitus
1040 3347 1250 3424 commenda·

216 3464 283 3516 tum
302 3451 473 3542 abnegasti.
494 3451 638 3516 hutnon
656 3449 716 3552 hoo
732 3460 799 3513 erut
814 3450 900 3536 quod
915 3451 973 3515 sub
991 3453 1148 3538 mysterio
1164 3454 1255 3544 Apo-

213 3558 311 3624 stolus
327 3557 429 3625 electo
446 3555 601 3646 discipulo
617 3556 787 3636 mandabat
802 3549 983 3631 Timotheo,
1000 3556 1112 3648 dicens
1129 3584 1136 3624 :
1153 3560 1184 3626 Ο
1200 3560 1256 3627 Ti-

215 3669 382 3744 motbee,«
401 3670 523 3732 bonum
547 3653 725 3754 depositum
751 3663 918 3732 custodi²l
935 3667 1026 3756 »Ego
1049 3668 1149 3734 etiam
1176 3669 1257 3737 illud

215 3777 310 3852 addo,
328 3777 413 3864 quod
425 3788 457 3839 ει
473 3775 635 3840 Christum
651 3775 823 3840 Dominum
843 3773 1020 3863 depositum
1036 3778 1256 3868 suscepimus,

247 3907 279 3954 ¹1
296 3909 363 3955 Tinr.
381 3907 492 3972 ι,9.-2
510 3908 604 3958 2'sim.
617 3926 634 3966 ι,
648 3907 685 3964 id.
784 3949 789 3969 ,
