2744 4600
235 277 296 339 512
668 297 811 340 carcanus

235 419 284 483 tis.
301 417 398 496 Quod
408 418 434 482 si
451 416 613 505 purificari
625 420 787 506 potuerint
798 419 944 484 homines
955 443 972 484 a
985 422 1141 508 peccatis.
1152 435 1186 488 et
1200 445 1261 488 esse
1344 499 1346 522 ι

234 529 390 614 puriores,
407 529 597 592 minuuntur
611 539 642 590 et
657 527 779 592 hostiae.
802 525 837 592 si
856 529 942 592 enim
957 551 1016 617 pro
1035 531 1174 617 peccetis
1195 546 1264 597 sunt

233 637 358 710 hostiur,
370 649 403 701 et
422 659 481 724 pro
495 634 699 700 multitudine
719 650 926 723 peccatorum
944 637 1163 726 multiplicate
1180 655 1260 714 snut,

234 747 301 810 aine
318 745 417 809 dubio
432 757 471 834 et
486 767 544 832 pro
566 744 736 832 exiguitate
752 745 952 809 minuuntur.
972 746 1074 833 llujus
1094 760 1201 812 antem
1219 749 1261 813 rei
1279 737 1282 744 ¹

235 858 266 920 in
282 855 489 942 presentibus
507 853 584 919 locis
600 852 773 941 Scriptura
788 853 944 921 habemus
959 854 1088 931 indicia,
1106 856 1214 932 idest,
1230 860 1259 924 in

233 964 344 1030 ultima
362 963 530 1028 festivitate
550 963 770 1052 scenopegia,
797 985 873 1030 cum
893 977 1047 1052 peracto
1071 965 1139 1030 dies
1157 967 1261 1032 hostie

233 1075 387 1161 jubentur
400 1071 517 1137 offerri.
534 1073 573 1136 Et
585 1072 686 1159 prima
699 1071 828 1157 quidem
840 1071 891 1136 die
901 1075 992 1162 quasi
1004 1073 1112 1139 adhuc
1123 1075 1158 1139 in
1170 1078 1263 1142 abun·

234 1181 340 1247 dantia
360 1193 580 1270 peccatorum,
597 1179 841 1266 quatuordecim
860 1179 949 1245 vituli
965 1182 1121 1269 jubentur
1135 1182 1257 1256 oll'errir

234 1292 373 1357 secunda
388 1303 498 1355 autem
513 1290 578 1364 die,
591 1287 767 1352 imminutis
783 1300 892 1377 utpote
907 1291 1061 1378 peccatis,
1079 1291 1265 1358 minuuntur

232 1414 265 1466 et
279 1401 402 1476 hostiae,
421 1413 454 1464 et
469 1398 624 1464 tredecim
646 1396 732 1462 vituli
752 1397 949 1470 offeruntur3
969 1399 1060 1462 tertia
1076 1399 1127 1464 dic
1143 1400 1262 1467 duode-

234 1514 309 1587 cim,
331 1522 452 1598 etpost
471 1509 539 1574 haec
561 1507 710 1572 undecim
733 1529 742 1570 ι
763 1508 857 1571 etita
878 1507 967 1595 quusi
991 1508 1262 1596 purificationibus

232 1619 400 1686 deficiente
415 1642 473 1707 per
487 1618 554 1682 dies
567 1615 770 1682 multitudine
786 1627 1006 1704 peccatorum,
1021 1617 1178 1683 minuitur
1193 1643 1263 1686 cnu-
1345 1645 1346 1678 1

232 1740 402 1818 sequenter
411 1726 508 1791 etiam
524 1748 676 1789 numerus
691 1726 878 1791 hostiarum.
895 1725 949 1790 Sic
959 1726 1055 1791 etiam
1068 1751 1128 1814 pro
1137 1729 1261 1825 dispen-
1345 1733 1346 1752 ³

232 1839 353 1902 satione
372 1834 468 1899 totius
486 1833 598 1898 mundi
619 1834 775 1898 rationem
793 1833 1024 1922 purificationis
1044 1835 1256 1926 intelligis...„

232 1946 360 2012 Intuere
376 1942 473 2030 igitur
493 1943 588 2008 totius
604 1943 717 2008 mundi
740 1943 996 2031 purificationem
1013 1965 1022 2008 t
1047 1946 1118 2011 vide
1140 1950 1262 2034 quantis
1345 2021 1346 2030 χ

233 2051 395 2138 indigeant
420 2051 476 2114 ista
503 2051 608 2114 omnin
632 2050 758 2124 hostiis,
782 2063 918 2136 quantos
945 2050 1110 2136 requirant
1137 2053 1261 2128 vitulos,
1345 2057 1346 2082 ³

232 2169 366 2244 quantos
378 2157 503 2230 arietes,
516 2167 650 2242 quantos
661 2156 778 2220 hircos.
794 2156 902 2221 Sedet
913 2157 945 2221 in
959 2157 1005 2222 his
1021 2159 1173 2224 omnibus
1186 2185 1262 2227 unus

231 2280 279 2332 est
301 2266 409 2354 Agnus
428 2266 482 2352 qui
500 2265 599 2330 totius
622 2264 733 2328 mundi
757 2267 862 2353 potuit
884 2266 1008 2332 anferre
1027 2280 1212 2355 peccatum,
1233 2284 1264 2334 et

231 2377 304 2442 ideo
321 2386 524 2442 cessaverunt
542 2386 663 2439 caeterte
682 2373 790 2438 bostiae
811 2397 819 2438 :
844 2377 915 2462 qnia
940 2376 1009 2440 talis
1024 2376 1093 2443 lraec
1116 2379 1179 2443 luit
1195 2379 1266 2445 hos·

231 2491 285 2562 tia,
304 2499 339 2551 ut
360 2509 421 2551 una
439 2484 504 2549 sola
519 2483 680 2549 sufficeret
700 2486 869 2571 promtius
888 2487 998 2550 mundi
1014 2486 1128 2553 salute.
1151 2489 1265 2555 Caeteri

229 2599 314 2665 enim
334 2597 482 2685 precibus
505 2605 649 2682 peccata,
666 2592 719 2658 hic
739 2591 824 2658 solus
841 2607 999 2682 potestate-
1015 2596 1146 2663 dimisit.
1169 2601 1267 2667 Dice·

228 2704 378 2772 batonim
393 2700 510 2775 :rFili.
525 2701 652 2766 remissa
668 2713 742 2765 sunt
759 2702 815 2766 tibi
828 2715 960 2790 peccata
983 2715 1036 2768 tua
1048 2705 1069 2769 ¹.
1086 2733 1099 2766 ι
1118 2706 1175 2773 Sic
1188 2733 1267 2798 ergo
1345 2777 1346 2800 5

228 2811 555 2885 imbuiturmundus,
585 2809 688 2898 primo
710 2831 769 2897 per
795 2811 933 2876 diversas
956 2812 1074 2878 hostias
1100 2818 1270 2883 remissio·

228 2947 302 2992 nem
319 2945 459 3010 quaerere
479 2932 698 3009 peccatorum,
719 2920 821 2985 donec
842 2921 946 2986 veniat
967 2923 1008 2987 ad
1029 2923 1169 2991 hostiam
1191 2951 1269 3016 per·

228 3039 355 3108 lectam,
381 3032 422 3096 ud
448 3029 586 3096 hostiam'
614 3041 882 3105 consummatam,
915 3054 1033 3120 agnum
1061 3036 1269 3115 anniculum,

228 3144 417 3236 perlectum.
434 3141 487 3227 qui
505 3137 594 3204 tollat
608 3148 740 3225 peccata
757 3122 852 3204 tetius
869 3141 997 3213 mundi;
1016 3164 1075 3229 per
1088 3166 1190 3230 quem
1208 3145 1271 3212 fea·

229 3253 362 3320 tivitates
380 3259 451 3335 agat
466 3243 657 3334 spirituales,
677 3268 741 3309 non
756 3246 799 3311 ad
814 3248 992 3312 sutietatem
1012 3252 1131 3326 caruis,
1149 3253 1211 3318 sed
1227 3255 1270 3319 ad

228 3361 405 3453 proiectum
432 3356 558 3443 spiritus
596 3342 758 3419 sacrificiis
789 3356 1004 3442 spiritualibus
1035 3361 1272 3448 purificatione

228 3468 341 3538 mentis
356 3462 480 3529 oblatis.
497 3464 595 3529 Decet
607 3463 693 3528 enim
708 3465 773 3528 Deo
789 3465 948 3531 immolari
963 3468 1126 3536 victimam
1138 3475 1271 3546 cordis.

226 3597 258 3652 et
273 3577 410 3646 hostiam
429 3572 632 3639 contribulati
653 3573 796 3661 spiritus,
823 3599 888 3641 nun
909 3578 1013 3644 carnis
1040 3593 1073 3644 et
1096 3585 1273 3670 sanguinis

226 3686 379 3786 jugularit
394 3685 466 3772 quia
482 3711 494 3744 ι
508 3685 567 3750 etsi
582 3686 766 3771 agnovimus
784 3685 947 3752 Christum
959 3687 1130 3776 aliquando
1146 3715 1272 3759 secun·

226 3803 331 3872 »dum
346 3815 487 3868 curnem,
502 3794 557 3859 sed
572 3815 658 3858 nunc
676 3794 742 3880 jum
762 3819 826 3862 non
848 3797 1016 3863 novimus²
1032 3821 1039 3863 ι
1055 3825 1069 3860 ι
1085 3809 1118 3865 et
1135 3801 1213 3868 ideo
1232 3804 1270 3869 iu

257 3926 370 3980 ¹tlnttlr.
382 3939 418 3982 rx,
430 3939 451 3971 a.
465 3920 517 3961 -2
528 3938 540 3970 a
550 3921 609 3970 Cor.
621 3935 646 3980 v,
660 3922 697 3970 16.
