2734 4594
406 264 438 311 rn
463 264 576 308 merrus
597 263 733 310 sunrcou
756 265 829 310 nou.
857 269 898 308 rx.
1115 249 1175 326 ¹45

132 391 209 460 ised
224 401 257 457 et
271 387 403 458 calceati
424 386 519 477 pedes
534 389 567 452 in
580 389 807 477 preparatione
823 391 984 480 Evangelii
999 392 1105 482 pacis¹
1126 417 1134 459 ε
1152 421 1165 453 r

131 514 163 565 et
177 499 241 568 hoc
251 497 349 564 modo
361 507 498 563 armatos
514 494 625 562 tollere
639 494 788 561 vexillum
806 499 910 563 crucis
922 500 1061 576 Christi,
1077 513 1110 566 et
1125 523 1174 566 se-

132 607 278 696 quicum.
289 605 379 672 Licet
389 615 497 670 tamen
509 603 605 668 etism
615 602 677 671 hoo
690 603 722 667 in
732 602 844 668 militie
858 604 996 681 Christi,
1009 617 1044 671 ut
1056 608 1081 672 si
1093 607 1174 672 forte

134 714 301 804 sliqusndo
312 711 495 778 inferiorem
511 723 542 775 te
557 711 677 776 viribus
690 712 825 776 senseris
837 712 870 777 in
882 713 1173 801 persecutionibus,

133 831 166 883 et
180 841 245 884 non
260 819 386 904 aequum
403 814 459 879 tihi
476 815 641 880 adversum
657 813 877 882 crudelitatem
898 817 1024 905 tyranni
1040 841 1098 906 per
1112 817 1176 886 fre-

134 924 284 1014 gilitstem
302 922 445 1012 eorporis
461 920 576 986 videris
593 943 661 986 esse
680 933 863 997 certamen,
881 923 956 989 dare
975 921 1083 990 locum
1103 926 1175 1001 irae,

134 1050 165 1102 et
178 1037 287 1125 fugere
303 1037 343 1100 de
359 1033 430 1100 loco
446 1031 487 1099 sd
507 1029 615 1098 locum
632 1053 641 1096 t
659 1054 719 1097 nec
733 1032 791 1096 tihi
807 1032 839 1098 in
854 1031 917 1099 hoc
931 1035 1100 1100 ascribitur
1114 1036 1176 1102 mi-

134 1142 223 1209 litsre
237 1141 456 1208 commissum.
475 1138 665 1228 Designatur
678 1138 741 1204 hoe
754 1139 849 1206 etium
866 1141 898 1205 iu
913 1140 1035 1230 legibus
1051 1143 1170 1208 Christi

135 1250 269 1316 dicentis
283 1271 291 1314 ε
303 1275 316 1308 ι
328 1249 362 1315 Si
377 1271 433 1314 vos
447 1246 604 1337 persecuti
617 1246 732 1312 fuerint
748 1248 780 1313 in
796 1247 857 1314 hec
868 1249 1014 1327 civitate,
1028 1251 1125 1340 fugite
1141 1253 1173 1318 in

137 1354 283 1422 reliam².
298 1355 451 1421 ‚Summo
464 1377 602 1442 nomque
616 1355 663 1419 rei
674 1366 741 1430 est,
754 1355 864 1420 lesum
877 1379 973 1444 quem
985 1357 1083 1423 semel
1098 1383 1173 1424 con-

136 1463 236 1529 fessus
247 1486 299 1538 es,
311 1486 375 1529 non
386 1485 510 1552 negare.
523 1461 656 1528 Certum
668 1475 715 1527 est
727 1463 812 1528 euim
824 1464 911 1551 quod
924 1463 1089 1530 Christum
1101 1489 1177 1532 coo·

140 1570 249 1636 fitetur
267 1567 337 1646 ille,
355 1570 408 1657 qui
430 1581 595 1659 propterea
612 1569 708 1658 frigit,
728 1593 767 1636 ne
783 1584 886 1660 neget.
905 1573 939 1638 Si
955 1574 1024 1662 quis
1043 1597 1120 1663 ergo
1132 1576 1177 1640 ti·
1216 1581 1218 1585 ’

140 1678 296 1744 mitlusest
306 1689 338 1742 et
345 1676 567 1743 formidolosus
575 1677 686 1767 corde,
697 1677 1179 1755 discedetacestris,rcvertatur

138 1787 269 1851 domum
290 1809 399 1861 suem,
418 1808 459 1851 ne
476 1783 656 1873 exemplum
672 1786 794 1850 timoris
812 1799 845 1851 et
863 1787 1038 1854 formidinis
1054 1790 1177 1854 caeteris

135 1894 285 1981 praebeet.
297 1893 351 1959 Vis
364 1905 470 1958 eutem
483 1893 588 1958 videre
600 1893 708 1979 quenti
725 1893 866 1959 criminis
878 1895 918 1959 sit
929 1897 1059 1961 timidus
1071 1909 1104 1962 et
1114 1897 1176 1962 for-

137 1997 333 2066 midolosus?
353 2001 389 2065 ln
407 1998 598 2090 Apocalypsi
620 1999 674 2064 uhi
695 2013 924 2066 enumerantur
945 2003 967 2068 ii
990 2005 1043 2091 qui
1061 2005 1092 2069 in
1113 2016 1178 2070 sta-

106 2108 112 2120 “
137 2129 237 2196 gnum
256 2106 336 2194 ignis
357 2107 501 2172 mittendi
521 2118 613 2182 sunt,
630 2106 673 2170 ihi
693 2117 766 2172 ente
788 2129 898 2174 omnes
918 2109 1043 2174 timidos
1062 2122 1094 2176 et
1112 2112 1178 2176 for-

138 2212 310 2278 midolosos
325 2214 431 2301 ponit,
449 2235 522 2280 cum
540 2213 656 2301 quihus
671 2225 704 2277 et
719 2211 862 2277 infideles
877 2225 910 2277 et
926 2214 1130 2284 fornicatores
1144 2230 1178 2284 et

140 2320 275 2385 vinarios
287 2320 449 2408 deputet¹.
469 2320 522 2386 Sic
542 2329 625 2384 inter
641 2319 778 2408 ingentia
790 2332 822 2385 et
841 2319 974 2386 nefanda
986 2322 1119 2388 crimina
1135 2325 1179 2388 ti·

138 2426 236 2491 moris
255 2438 288 2491 et
308 2427 483 2492 formidinis
507 2426 628 2491 crimen
651 2427 789 2514 ponitur.
815 2426 891 2491 Haec
915 2439 1020 2492 eutem
1042 2429 1177 2495 diximus

135 2543 268 2623 propter
282 2555 336 2598 eos
351 2532 407 2621 qui
423 2533 526 2621 primo
540 2531 626 2598 velut
641 2531 742 2597 timidi
758 2544 790 2596 et
804 2532 1000 2599 formidolosi
1014 2540 1111 2602 corde
1128 2537 1179 2602 di-

131 2642 307 2706 mittuntur
325 2640 365 2704 de
381 2640 501 2706 cestris.
639 2645 646 2658 “

181 2747 222 2811 ll.
240 2748 305 2814 Sed
318 2760 523 2839 posteaquem
539 2749 596 2814 ista
617 2748 804 2838 vigintiduo
823 2748 919 2816 millis
941 2751 1175 2832 discesserunt,

137 2849 227 2914 addit
238 2850 342 2917 edhuc
362 2874 467 2916 sermo
484 2851 624 2927 divinus,
640 2864 672 2916 et
691 2852 768 2918 dicit
787 2853 825 2918 ud
845 2855 976 2920 cheon
995 2856 1174 2934 ulduno,

139 2954 278 3043 sinque,
294 2957 427 3046 populus
445 2957 565 3022 multus
580 2971 645 3034 est,
665 2958 790 3047 depone
809 2983 863 3025 eos
880 2962 919 3027 ed
935 2984 1069 3049 equum,
1086 2977 1118 3030 et
1133 2966 1176 3031 ihi

135 3087 216 3129 »eos
232 3065 375 3152 probabo
389 3065 448 3130 tibi
459 3064 480 3128 ⁴.
494 3063 558 3128 »Ut
569 3065 679 3140 video,
691 3064 734 3130 illi
745 3068 799 3153 qui
807 3067 900 3162 primi
913 3070 1072 3156 reprobati
1084 3086 1175 3148 sunt,

133 3172 247 3237 necin
270 3195 385 3260 squam
406 3171 653 3247 descenderant,
672 3173 728 3237 sed
748 3174 852 3239 adhuc
875 3189 908 3239 se
930 3176 1177 3246 catechumenos

132 3278 363 3366 designabunt,
385 3291 418 3343 et
437 3278 595 3343 intantum
616 3279 792 3344 formidinis
819 3280 893 3345 vitio
914 3282 1055 3349 deterriti
1082 3301 1174 3366 sunt,

133 3399 177 3454 ut
188 3407 248 3453 nec
262 3389 301 3455 ed
317 3389 476 3456 lavacrum
493 3386 628 3452 salutare
643 3387 895 3454 descenderent:
911 3389 955 3456 illi
971 3413 1047 3479 ergo
1062 3393 1108 3460 sic
1125 3420 1183 3461 re-

119 3496 262 3587 probati
277 3507 362 3562 sunt.
388 3497 441 3561 lsti
465 3518 541 3561 vero
559 3495 691 3560 secundi
714 3495 755 3560 ad
769 3519 882 3583 aquam
899 3497 1048 3574 veniunt,
1074 3512 1109 3566 ut
1133 3503 1176 3568 ibi

111 3605 326 3698 probentur.¹
349 3607 388 3670 Et
403 3602 564 3692 quomodo
586 3602 776 3691 probentur,
795 3603 976 3670 videamus:
997 3634 1013 3665 ι
1025 3607 1064 3671 Et
1080 3608 1177 3684 dixit,

169 3765 281 3833 ¹Ephss.
294 3784 337 3826 vs,
355 3779 399 3829 tt,
423 3765 472 3823 15,
493 3765 533 3817 16·
545 3791 578 3807 ·-
592 3766 703 3816 ¹Mstth.
715 3783 746 3829 n,
767 3763 809 3816 ²3,
821 3768 874 3805 -Ι
887 3773 966 3833 spor.
980 3781 1025 3817 m
1039 3766 1177 3823 .-¹‘1url.

113 3871 194 3915 '¹¹¹
210 3863 235 3918 ⁴·

229 3968 257 4008 X·
1010 3967 1047 4010 10
1108 3993 1112 4012 ι
