2660 4610
235 289 298 371 lot
687 313 830 357 onroruus

235 435 333 499 orlore
348 445 494 522 suscepto
503 433 542 498 de
551 445 653 498 morte
666 433 696 497 iu
706 444 843 499 mortem
857 433 966 521 dejicit
975 485 984 510 ,
993 437 1173 501 seeundum
1184 436 1262 504 illum

234 545 288 631 qui
300 542 425 608 dicebat
441 565 448 606 :
462 541 642 621 «Quoniam
652 540 769 606 Christi
778 543 880 606 bonus
893 543 973 608 odor
984 567 1095 608 sumus
1107 594 1117 616 ,
1132 543 1197 609 aliis
1207 547 1264 632 qui·

234 651 328 716 »dem
344 651 384 715 de
399 649 462 715 vito
478 650 510 714 in
526 649 643 725 ritem,
661 647 727 714 aliis
740 661 845 715 eutem
862 651 942 716 orlor
960 650 1001 716 do
1017 665 1124 716 morte
1143 654 1175 717 in
1189 677 1264 718 mor-

233 758 353 823 »tem’.
377 757 548 844 »Denique
570 769 602 820 et
624 755 657 821 hi
680 757 795 844 quibus
822 756 1002 824 intellectus
1026 760 1204 824 herbarum
1226 773 1263 824 est

230 868 527 955 pigmentorumque
549 864 682 953 peritia,
704 847 819 929 lerunt¹
835 867 981 954 quaerlum
1002 889 1071 931 esse
1091 868 1260 955 pigmento,

228 998 364 1062 quorum
380 975 405 1038 si
421 974 552 1038 odorem
568 971 710 1060 ceperint
727 973 878 1038 nonnulla
890 973 1037 1039 animalia
1055 975 1214 1040 continuo
1227 978 1261 1040 io·

228 1094 373 1147 tereunt:
389 1080 449 1146 aliu
464 1104 539 1145 roro
554 1079 667 1146 eodem
682 1081 780 1145 odore
795 1092 993 1156 recreantur,
1010 1083 1181 1170 ritumque
1195 1085 1259 1150 reei-

226 1191 327 1278 piunt.
347 1155 386 1254 fit
401 1211 488 1254 nuno
502 1211 578 1276 ergo
594 1188 626 1252 in
642 1187 690 1252 his
705 1189 779 1276 ipsis
798 1188 1048 1277 expositionibus
1069 1203 1106 1254 et
1119 1193 1258 1256 sermoni·

225 1300 284 1364 bus
301 1321 379 1384 quos
396 1297 549 1364 hebemus
571 1295 603 1359 in
626 1296 772 1361 manibus
787 1347 796 1372 ,
811 1297 936 1363 ridetur
959 1297 1027 1362 aliis
1047 1321 1122 1363 esso
1151 1301 1208 1364 u'ta
1228 1323 1257 1366 ex

225 1407 307 1480 vitu,
325 1404 390 1470 uliis
406 1428 481 1469 vero
496 1427 582 1469 mors
597 1426 636 1468 ex
656 1416 769 1469 morte.
794 1404 873 1471 Nam
889 1405 913 1470 si
929 1405 1000 1472 haee
1015 1408 1141 1496 exponi
1160 1409 1197 1473 ite
1210 1433 1256 1473 so-

224 1515 288 1578 diat
305 1511 448 1578 animulis
463 1511 517 1598 qui
529 1510 646 1575 dicitur
660 1510 758 1576 homo
770 1561 779 1586 ,
792 1513 846 1598 qui
863 1536 926 1578 uon
943 1526 1052 1602 potest
1067 1516 1254 1605 pereipireet

222 1619 395 1708 intelligere
403 1631 554 1707 quaesuut
569 1617 704 1707 Spiritus
716 1619 792 1695 Dei,
807 1619 950 1686 irridebit
958 1622 1027 1686 sine
1038 1622 1145 1689 dubio
1155 1675 1165 1698 ,
1175 1637 1250 1710 atque

221 1731 327 1818 inepta
339 1730 407 1794 haee
417 1751 483 1792 osse
492 1739 524 1791 et
536 1726 639 1793 inania
647 1727 891 1815 pronunciabit‚
905 1727 1015 1794 diceus
1023 1733 1150 1797 somnia
1161 1733 1248 1821 potius

220 1861 315 1924 quum
325 1860 430 1901 rerum
442 1858 553 1901 causas
562 1847 595 1899 et
606 1834 752 1922 dogmate
762 1835 866 1901 divina
878 1839 1018 1903 tracturi.
1032 1839 1091 1904 llis
1099 1863 1166 1928 ergo
1175 1839 1242 1903 odor

219 1941 1234 2020 hioCanticiCantioorumellioiturdemorteinmortem‚seilioet

219 2053 258 2116 de
271 2062 374 2117 morto
387 2047 596 2124 infidelitatis,
610 2050 642 2114 in
651 2062 789 2116 mortem
803 2051 912 2139 judieii
926 2063 959 2116 et
971 2053 1230 2119 condemnationis.

217 2159 428 2245 Sequentibus
442 2180 516 2222 vero
528 2155 699 2244 spiritalem
708 2180 835 2222 sensum
844 2171 875 2222 et
884 2157 1036 2224 subtilem
1048 2211 1058 2236 ,
1069 2159 1241 2250 atqueintel·

214 2265 382 2355 ligentibus
393 2264 547 2351 majorum
560 2263 662 2329 inesse
675 2263 840 2330 veritatem
850 2265 882 2330 in
892 2267 940 2332 his
952 2291 1024 2355 quse
1035 2293 1102 2335 non
1116 2271 1237 2336 ridentur

213 2397 309 2462 quam
321 2374 353 2437 in
365 2372 412 2437 his
425 2394 494 2461 quae
507 2371 669 2446 videntur,
679 2384 712 2436 et
726 2373 847 2438 veriora
862 2374 970 2440 haberi
988 2379 1077 2465 opud
1092 2380 1194 2444 Deum
1205 2379 1244 2442 in·

210 2479 343 2545 visibilia
356 2491 386 2542 et
399 2476 547 2567 spiritalia
561 2479 660 2566 magis
676 2502 771 2566 quam
785 2479 915 2546 visibilia
928 2494 962 2547 et
977 2475 1161 2572 corporalia
1171 2537 1179 2560 ,
1189 2508 1250 2551 um-

210 2586 377 2677 pleetenda
404 2585 471 2650 sine
487 2585 586 2650 dubio
608 2585 792 2673 hujusmodi
818 2587 1026 2678 intelligentia
1048 2595 1210 2660 videbitur
1223 2605 1252 2657 et

211 2694 379 2782 sequendo.
400 2693 584 2782 Agnoscunt
602 2693 689 2757 enim
707 2691 769 2758 talo
787 2718 858 2760 esso
875 2695 1093 2786 intelligendas
1119 2701 1251 2768 veritatis

209 2806 269 2869 iter
286 2826 349 2890 quo
369 2802 552 2890 pervenitur
574 2801 614 2865 ud
629 2801 744 2865 Deum.
764 2802 828 2868 sed
850 2803 1006 2891 siquidem
1023 2805 1149 2874 alienus
1166 2834 1183 2874 a
1199 2809 1257 2874 fide

209 2915 249 2977 sit
260 2912 305 2986 is,
324 2911 376 2997 qui
392 2910 460 2975 haee
476 2906 572 2976 stulta
586 2908 708 2996 judicat
723 2921 755 2973 et
775 2910 951 2987 irridenda,
971 2914 1050 2979 nibil
1070 2918 1203 2983 mirum.
1222 2915 1252 2981 Si

209 3043 284 3086 vero
296 3017 456 3106 aliquisuex
466 3016 515 3080 his
527 3016 567 3080 sit
579 3015 633 3105 qui
645 3016 791 3081 videntur
802 3018 931 3084 eredere
943 3069 952 3095 ‚
967 3032 999 3085 et
1011 3021 1252 3112 Scriptus-arum

213 3126 431 3194 auctoritatem
448 3125 607 3211 recipere,
623 3146 685 3188 non
699 3136 805 3190 tumen
815 3125 927 3214 recipit
938 3129 1147 3216 expositionis
1159 3133 1257 3220 hujus

213 3230 358 3322 spiritalis
373 3232 527 3306 formum,
543 3231 598 3296 sed
616 3231 727 3298 irridet
737 3245 771 3296 et
782 3235 913 3322 derogat
927 3285 936 3310 ,
952 3248 1116 3304 tentemus
1131 3265 1173 3306 ex
1189 3239 1255 3305 aliis

212 3342 448 3430 seripturarum
472 3337 550 3402 locis
576 3339 732 3404 instruere
757 3363 832 3405 eum
855 3365 892 3406 ae
907 3346 1112 3430 persuadere.
1144 3350 1256 3429 Quisi

211 3451 292 3515 sorte
312 3447 427 3536 poterit
453 3447 498 3512 sio
516 3447 717 3536 resipiscere,
737 3459 768 3512 et
789 3447 862 3514 talia
887 3452 1032 3536 quaedam
1051 3455 1199 3522 dicamus
1216 3457 1255 3522 ael

210 3581 304 3631 eum,
321 3554 473 3642 scripturn
496 3564 543 3617 ost
558 3577 565 3617 :
583 3555 802 3643 «Praeeeptum
826 3555 954 3623 Domini
971 3559 1115 3628 lucidum
1132 3563 1255 3630 illumi-

211 3687 311 3730 »nans
329 3659 471 3726 oculos².
487 3661 600 3728 »Dicat
615 3684 690 3750 ergo
709 3663 820 3739 nobis,
837 3665 890 3751 qui
913 3679 986 3731 sunt
1005 3670 1089 3734 oculi
1107 3673 1161 3758 qui
1177 3672 1257 3736 illu·
1316 3659 1318 3668 Α

209 3773 371 3838 minantur·
385 3767 456 3833 luce
472 3768 631 3856 praecepti.
653 3770 693 3833 Et
711 3770 825 3835 iterum
838 3795 870 3836 :r
884 3773 948 3853 Qui
970 3773 1067 3842 habet
1083 3803 1175 3844 aures
1191 3805 1255 3844 au-

244 3915 443 3978 *osor,1x‚r5‚
460 3917 497 3966 16.
513 3945 533 3952 —
549 3911 723 4006 ²Psalmarx,
738 3917 763 3969 8.
