2776 4616
292 253 356 332 456
733 277 873 322 oarsaurs
895 259 897 262 ’

291 418 345 460 eos
360 397 392 462 iu
407 396 620 462 summitatem
636 409 668 460 et
686 397 833 464 verticem
852 393 1032 484 voluptatis,
1049 407 1083 460 ut
1097 391 1246 462 excludat
1258 416 1313 460 eos

282 515 308 570 'a
325 506 403 572 Deo.
426 504 602 574 Excludens
617 507 748 574 enimet
763 507 923 574 devoratio
944 507 1167 594 iuterpretatur
1181 501 1309 570 Balach.

292 617 368 682 ldeo
379 616 514 703 denique
528 630 561 683 et
576 618 608 683 iu
623 639 765 684 eremum
780 616 879 684 tendit
894 617 1010 706 Fogor,
1027 615 1130 691 idest,
1143 615 1184 681 ad
1195 638 1233 680 ee
1244 637 1313 704 quac

293 726 325 790 in
341 749 449 792 eremo
467 740 553 801 sunt,
575 739 614 804 et=
628 729 749 796 deserta
771 729 840 798 Deo
863 728 995 817 negotia.
1007 754 1020 787 ι
1034 725 1074 792 Et
1093 726 1170 791 dixit
1184 722 1312 790 Balaam

294 835 364 927 rad
384 835 524 910 Balach:
539 837 694 905 Construe
715 838 791 905 mihi
810 838 864 904 hie
885 850 1006 927 septem
1028 860 1110 913 aras,
1123 847 1157 901 et
1171 834 1221 902 lac
1238 835 1313 900 milri

232 966 235 972 ·
294 974 309 1012 ι,
320 944 374 1011 hic
387 957 507 1034 septem
523 944 636 1026 vitulos
654 938 822 1036 et'septem
838 947 950 1012 arietes
966 971 974 1011 ε
993 958 1026 1011 et
1043 946 1117 1012 fecit
1131 942 1251 1011 Balach
1268 946 1310 1010 si-

295 1068 376 1124 »cut
390 1055 468 1126 dixit
481 1057 509 1121 ei
533 1055 672 1132 Balaam,
689 1069 721 1124 et
735 1055 850 1123 obtulit
864 1056 997 1123 vitulum
1015 1069 1048 1122 et
1068 1056 1200 1121 arietem
1218 1077 1312 1143 super

293 1198 306 1232 r
323 1168 439 1234 aram¹.
462 1167 604 1256 »Aperta
619 1169 746 1255 quidem
767 1167 907 1257 Apostoli
923 1168 1075 1234 sententia
1091 1177 1139 1232 est
1153 1165 1311 1232 dicentia:

301 1305 314 1339 ι
333 1279 411 1358 Quae
428 1280 518 1342 enim
532 1276 709 1344 sacrificant
729 1289 838 1366 gentes
856 1278 1030 1354 daemoniis,
1046 1289 1079 1342 et
1099 1299 1162 1342 uon
1176 1275 1248 1341 Deo
1264 1299 1309 1340 sa-

295 1415 307 1446 ·
321 1384 496 1452 criticent².
511 1383 596 1450 »Sed
611 1396 643 1450 et
657 1384 811 1472 Propheta
823 1383 966 1460 similiter
976 1384 1069 1451 dicit:
1082 1411 1095 1445 r
1107 1382 1310 1450 sacrificave-

296 1523 308 1557 ι
322 1507 395 1560 runt
411 1493 584 1569 daemoniis,
600 1506 632 1558 et
644 1515 707 1558 uon
718 1493 817 1560 Deo⁸.
832 1494 973 1560 »Tamen
985 1493 1134 1581 quoniam
1148 1506 1185 1558 et
1195 1491 1249 1560 lex
1259 1494 1314 1560 Dei

295 1606 334 1670 de
356 1603 517 1673 sacrificiis
530 1605 684 1692 praecipit,
699 1615 731 1670 ct
746 1605 842 1669 ritum
858 1604 1053 1670 sacrificandi
1069 1605 1164 1668 tradit
1180 1601 1254 1671 filiis
1269 1604 1313 1669 ls-

294 1713 371 1788 raiil,
383 1714 560 1801 requiratur
573 1712 710 1780 fortassis
726 1736 785 1779 cur
799 1713 866 1780 haec
881 1736 955 1781 cum
970 1714 1130 1780 daemoniis
1146 1715 1247 1780 dicata
1266 1716 1312 1782 vi·

213 1853 216 1866 ·
294 1825 440 1898 deantur,
452 1823 547 1890 etiam
561 1822 628 1888 Deo
642 1825 813 1912 jubeantur
828 1823 942 1889 offerri.
962 1801 1002 1888 'Es
1016 1824 1076 1888 erit
1090 1821 1211 1912 quidem
1229 1824 1314 1888 sim-

294 1932 365 2021 plex
375 1943 407 1998 et
418 1933 480 1998 cita
490 1933 662 2020 responsio,
674 1949 708 1997 ut
721 1932 987 2021 quemadmodum
999 1933 1031 1997 iu
1043 1931 1316 2032 aliispstendimus

294 2042 379 2132 quod
390 2041 532 2109 libellum
544 2045 665 2131 repudii
678 2044 744 2108 dari
756 2066 820 2108 non
830 2043 888 2109 Dei
901 2042 1066 2112 voluntatis
1078 2042 1149 2118 fuit,
1160 2043 1216 2130 qui
1229 2045 1313 2132 quod

294 2155 500 2242 conjunxerat
511 2151 612 2218 noluit
626 2152 774 2241 separari,
788 2151 843 2216 sed
857 2149 978 2239 Moyses
988 2151 1058 2218 haec
1068 2151 1196 2239 proprie
1207 2151 1250 2218 ad
1261 2153 1313 2218 du

293 2263 397 2328 ritiam
413 2261 516 2328 cordis
531 2260 714 2327 ludaeorum
730 2260 871 2349 scripsit:
883 2260 924 2324 ita
939 2259 1034 2332 etiam
1045 2267 1076 2324 dt
1088 2260 1128 2324 de
1140 2259 1205 2327 hoc
1217 2261 1312 2326 videri

293 2373 402 2462 possit,
424 2371 496 2460 quia
519 2371 603 2437 Deus
619 2370 719 2458 (sicut
741 2393 798 2459 per
812 2367 908 2435 alium
929 2368 1117 2458 Prophetam
1134 2369 1235 2458 dicit)
1255 2395 1318 2437 non

294 2483 464 2549 manducet
478 2505 588 2547 carues
606 2493 782 2555 taurorum,
800 2503 858 2545 nec
874 2479 1057 2568 sanguinem
1076 2479 1243 2546 hircorum
1262 2505 1318 2570 po·

258 2609 266 2616 ”
294 2592 359 2659 tat‘
368 2617 377 2666 ;
395 2592 517 2657 etitem
533 2604 567 2655 ut
581 2589 655 2656 olibi
670 2592 822 2679 scriptum
840 2602 900 2665 est,
916 2589 988 2679 quia
999 2615 1012 2648 ι
1023 2612 1085 2654 non
1098 2589 1250 2656 mandavi
1263 2592 1318 2658 tibi

294 2685 363 2769 »de
388 2699 560 2774 sderificiis,
582 2698 631 2764 vel
657 2699 802 2775 victimis,
823 2700 855 2765 in
875 2699 925 2764 die
944 2722 1005 2786 qua
1021 2699 1112 2764 eduxi
1128 2709 1159 2764 te
1176 2699 1217 2764 de
1235 2712 1317 2766 terra

295 2841 308 2874 s
322 2810 447 2901 AEgypti
458 2809 481 2875 ⁸.
493 2838 504 2870 r
514 2809 577 2876 Sed
591 2808 711 2898 Moyses
725 2810 794 2876 haec
804 2809 845 2875 ad
855 2807 1004 2875 duritiam
1018 2809 1121 2876 cordis
1132 2831 1251 2875 eorum
1262 2835 1317 2900 pro

294 2921 522 2989 consuetudine
537 2921 668 3009 pessime
684 2942 745 3009 qua
762 2919 874 2985 imbuti
890 2919 1055 2985 lucrantia
1067 2917 1218 3008 AEgypto,
1233 2945 1319 2987 man-

295 3032 380 3098 davit
398 3032 443 3097 eis
459 3054 467 3096 t
488 3044 523 3095 ut
540 3031 593 3118 qui
614 3029 769 3096 abstinere
785 3052 895 3094 senon
910 3041 1037 3119 possent
1051 3031 1089 3096 eb
1105 3029 1320 3105 immolando,

293 3139 362 3206 Deo
377 3138 501 3214 saltem,
516 3149 547 3204 et
568 3161 632 3203 non
652 3137 812 3203 daemoniis
835 3136 1043 3203 immolarent.
1062 3136 1245 3204 Videndum
1269 3151 1323 3204 ta-

294 3273 367 3314 men
379 3258 438 3323 est,
452 3271 492 3313 ne
506 3247 586 3312 forte
600 3249 640 3313 sit
654 3258 686 3311 et
698 3245 800 3334 aliqua
816 3247 1012 3314 sacrificandi
1029 3247 1096 3312 Deo
1108 3245 1271 3313 occultior
1283 3271 1321 3314 ac

266 3431 267 3436 η
296 3356 445 3422 secretior
461 3355 549 3421 ratio.
570 3355 616 3421 Ne
631 3353 723 3429 forte,
741 3353 882 3443 inquam,
899 3353 1050 3422 sacrificiu
1066 3379 1136 3443 quee
1149 3356 1218 3421 Deo
1235 3357 1321 3424 olle-

192 3440 199 3462 ·
296 3480 421 3542 runtur,
438 3467 478 3532 ad
493 3467 747 3562 ¹destructionem
767 3465 845 3532 liant
867 3491 975 3534 eorum
1000 3466 1229 3534 sacrificiorum
1252 3493 1323 3558 quar

204 3661 206 3668 y
296 3577 491 3644 demonibus
499 3575 718 3643 immolantur:
730 3578 844 3668 utquia
854 3601 910 3666 per
918 3575 968 3642 illa
980 3576 1319 3650 vulneranturanime.

294 3710 351 3775 per
365 3688 420 3752 istu
439 3697 608 3756 sanentur:
627 3685 709 3751 sicut
722 3698 754 3750 et
768 3685 787 3750 ii
803 3683 992 3750 confirmant
1007 3686 1060 3772 qui
1073 3684 1245 3752 medicinae
1267 3710 1323 3776 pe·

326 3842 420 3891 *Num
442 3857 513 3900 xxiii,
526 3857 565 3905 29,
576 3841 606 3889 50
628 3868 658 3876 -
672 3840 683 3872 ²
699 3842 777 3890 rCor.
791 3859 814 3902 x,
827 3859 868 3892 ro.
880 3869 910 3880 -
925 3840 934 3874 ⁸
948 3842 1021 3890 Daut.
1034 3855 1111 3899 xxxu,
1127 3855 1164 3902 ¹7·
1175 3839 1229 3876 —l
1248 3841 1319 3889 Psal.

295 3933 361 3974 xcix,
377 3917 413 3964 13.
425 3941 455 3952 -
468 3915 477 3946 ⁵
489 3915 585 3963 Jcrcm.
600 3929 644 3973 vn,
659 3932 680 3960 a.
