<?xml version="1.0" encoding="UTF-8"?>
<!DOCTYPE html PUBLIC "-//W3C//DTD XHTML 1.0 Transitional//EN"
    "http://www.w3.org/TR/xhtml1/DTD/xhtml1-transitional.dtd">
<html xmlns="http://www.w3.org/1999/xhtml" xml:lang="en" lang="en">
 <head>
  <title>
</title>
<meta http-equiv="Content-Type" content="text/html;charset=utf-8" />
  <meta name='ocr-system' content='tesseract 3.04.00' />
  <meta name='ocr-capabilities' content='ocr_page ocr_carea ocr_par ocr_line ocrx_word'/>
</head>
<body>
  <div class='ocr_page' id='page_1' title='image "./collectioselect01guilgoog_1070.png"; bbox 0 0 2644 4612; ppageno 0'>
   <div class='ocr_carea' id='block_1_1' title="bbox 183 295 773 360">
    <p class='ocr_par' dir='ltr' id='par_1_1' title="bbox 183 295 773 360">
     <span class='ocr_line' id='line_1_1' title="bbox 183 295 773 360; baseline 0.003 -4"><span class='ocrx_word' id='word_1_1' title='bbox 183 295 244 358; x_wconf 73' lang='lat' dir='ltr'><strong>ios</strong></span> <span class='ocrx_word' id='word_1_2' title='bbox 284 307 286 312; x_wconf 84' lang='lat'>&#39;</span> <span class='ocrx_word' id='word_1_3' title='bbox 571 327 575 334; x_wconf 91' lang='lat'><em>·</em></span> <span class='ocrx_word' id='word_1_4' title='bbox 631 315 773 360; x_wconf 85' lang='lat' dir='ltr'><strong>onrcsnrs</strong></span> 
     </span>
    </p>
   </div>
   <div class='ocr_carea' id='block_1_2' title="bbox 81 435 1310 3896">
    <p class='ocr_par' dir='ltr' id='par_1_2' title="bbox 81 435 1310 3896">
     <span class='ocr_line' id='line_1_2' title="bbox 179 435 1218 528; baseline -0.006 -26"><span class='ocrx_word' id='word_1_5' title='bbox 179 435 234 525; x_wconf 87' lang='lat' dir='ltr'><strong>qui</strong></span> <span class='ocrx_word' id='word_1_6' title='bbox 249 438 290 503; x_wconf 93' lang='lat' dir='ltr'><strong>ad</strong></span> <span class='ocrx_word' id='word_1_7' title='bbox 309 462 382 504; x_wconf 88' lang='lat' dir='ltr'><strong>cnm</strong></span> <span class='ocrx_word' id='word_1_8' title='bbox 398 452 605 528; x_wconf 83' lang='lat' dir='ltr'><strong>pervenerat,</strong></span> <span class='ocrx_word' id='word_1_9' title='bbox 621 451 654 504; x_wconf 89' lang='lat' dir='ltr'><strong>et</strong></span> <span class='ocrx_word' id='word_1_10' title='bbox 676 439 790 507; x_wconf 77' lang='lat' dir='ltr'>dixerit</span> <span class='ocrx_word' id='word_1_11' title='bbox 808 461 816 502; x_wconf 91' lang='lat'><strong>:</strong></span> <span class='ocrx_word' id='word_1_12' title='bbox 851 437 943 502; x_wconf 80' lang='lat' dir='ltr'><strong>«Vox</strong></span> <span class='ocrx_word' id='word_1_13' title='bbox 957 437 1089 502; x_wconf 75' lang='lat' dir='ltr'><strong>fraterni</strong></span> <span class='ocrx_word' id='word_1_14' title='bbox 1113 436 1218 508; x_wconf 74' lang='lat' dir='ltr'><strong>mei.»</strong></span> 
     </span>
     <span class='ocr_line' id='line_1_3' title="bbox 182 545 1227 636; baseline -0.005 -23"><span class='ocrx_word' id='word_1_15' title='bbox 182 548 343 634; x_wconf 77' lang='lat' dir='ltr'><strong>Sponsum</strong></span> <span class='ocrx_word' id='word_1_16' title='bbox 358 570 433 614; x_wconf 83' lang='lat' dir='ltr'><strong>vcro</strong></span> <span class='ocrx_word' id='word_1_17' title='bbox 449 545 589 636; x_wconf 86' lang='lat' dir='ltr'><strong>intellige</strong></span> <span class='ocrx_word' id='word_1_18' title='bbox 603 547 707 636; x_wconf 90' lang='lat' dir='ltr'><strong>primo</strong></span> <span class='ocrx_word' id='word_1_19' title='bbox 722 545 852 635; x_wconf 84' lang='lat' dir='ltr'><strong>quidem</strong></span> <span class='ocrx_word' id='word_1_20' title='bbox 868 557 1038 633; x_wconf 87' lang='lat' dir='ltr'><strong>antequam</strong></span> <span class='ocrx_word' id='word_1_21' title='bbox 1056 556 1227 632; x_wconf 76' lang='lat' dir='ltr'><strong>appareret</strong></span> 
     </span>
     <span class='ocr_line' id='line_1_4' title="bbox 180 637 1226 748; baseline -0.002 -26"><span class='ocrx_word' id='word_1_22' title='bbox 180 657 281 724; x_wconf 89' lang='lat' dir='ltr'><strong>oculis</strong></span> <span class='ocrx_word' id='word_1_23' title='bbox 295 637 434 748; x_wconf 73' lang='lat' dir='ltr'><strong>sponsae,</strong></span> <span class='ocrx_word' id='word_1_24' title='bbox 450 682 528 725; x_wconf 83' lang='lat' dir='ltr'><strong>vnce</strong></span> <span class='ocrx_word' id='word_1_25' title='bbox 546 660 576 724; x_wconf 89' lang='lat' dir='ltr'><strong>ei</strong></span> <span class='ocrx_word' id='word_1_26' title='bbox 598 658 663 724; x_wconf 84' lang='lat' dir='ltr'><strong>sola</strong></span> <span class='ocrx_word' id='word_1_27' title='bbox 679 659 841 747; x_wconf 87' lang='lat' dir='ltr'><strong>agnitum:</strong></span> <span class='ocrx_word' id='word_1_28' title='bbox 855 669 927 747; x_wconf 90' lang='lat' dir='ltr'><strong>post</strong></span> <span class='ocrx_word' id='word_1_29' title='bbox 946 656 1014 722; x_wconf 80' lang='lat' dir='ltr'><strong>baec</strong></span> <span class='ocrx_word' id='word_1_30' title='bbox 1028 679 1108 722; x_wconf 85' lang='lat' dir='ltr'><strong>vero</strong></span> <span class='ocrx_word' id='word_1_31' title='bbox 1127 656 1226 720; x_wconf 87' lang='lat' dir='ltr'><strong>etiam</strong></span> 
     </span>
     <span class='ocr_line' id='line_1_5' title="bbox 181 763 1229 856; baseline -0.005 -25"><span class='ocrx_word' id='word_1_32' title='bbox 181 768 403 856; x_wconf 87' lang='lat' dir='ltr'><strong>conspectibus</strong></span> <span class='ocrx_word' id='word_1_33' title='bbox 428 768 498 855; x_wconf 87' lang='lat' dir='ltr'><strong>ejus</strong></span> <span class='ocrx_word' id='word_1_34' title='bbox 522 767 702 855; x_wconf 74' lang='lat' dir='ltr'><strong>apparuisse</strong></span> <span class='ocrx_word' id='word_1_35' title='bbox 722 789 818 854; x_wconf 86' lang='lat' dir='ltr'><strong>super</strong></span> <span class='ocrx_word' id='word_1_36' title='bbox 835 777 961 830; x_wconf 89' lang='lat' dir='ltr'><strong>montes</strong></span> <span class='ocrx_word' id='word_1_37' title='bbox 975 765 1134 852; x_wconf 87' lang='lat' dir='ltr'><strong>quosdam</strong></span> <span class='ocrx_word' id='word_1_38' title='bbox 1153 763 1229 828; x_wconf 87' lang='lat' dir='ltr'><strong>vici-</strong></span> 
     </span>
     <span class='ocr_line' id='line_1_6' title="bbox 179 870 1227 963; baseline -0.004 -25"><span class='ocrx_word' id='word_1_39' title='bbox 179 897 237 939; x_wconf 88' lang='lat' dir='ltr'><strong>nos</strong></span> <span class='ocrx_word' id='word_1_40' title='bbox 254 872 297 940; x_wconf 90' lang='lat' dir='ltr'><strong>illi</strong></span> <span class='ocrx_word' id='word_1_41' title='bbox 313 873 385 941; x_wconf 88' lang='lat' dir='ltr'><strong>loco</strong></span> <span class='ocrx_word' id='word_1_42' title='bbox 401 875 512 962; x_wconf 93' lang='lat' dir='ltr'><strong>inquo</strong></span> <span class='ocrx_word' id='word_1_43' title='bbox 528 897 640 963; x_wconf 87' lang='lat' dir='ltr'><strong>sponsa</strong></span> <span class='ocrx_word' id='word_1_44' title='bbox 652 874 838 940; x_wconf 81' lang='lat' dir='ltr'><strong>morabatur</strong></span> <span class='ocrx_word' id='word_1_45' title='bbox 849 872 1034 947; x_wconf 78' lang='lat' dir='ltr'><strong>salientem,</strong></span> <span class='ocrx_word' id='word_1_46' title='bbox 1051 883 1086 936; x_wconf 90' lang='lat' dir='ltr'><strong>ct</strong></span> <span class='ocrx_word' id='word_1_47' title='bbox 1101 870 1227 958; x_wconf 84' lang='lat' dir='ltr'><strong>magnis</strong></span> 
     </span>
     <span class='ocr_line' id='line_1_7' title="bbox 180 976 1228 1071; baseline -0.004 -25"><span class='ocrx_word' id='word_1_48' title='bbox 180 982 369 1069; x_wconf 88' lang='lat' dir='ltr'><strong>quibusdam</strong></span> <span class='ocrx_word' id='word_1_49' title='bbox 379 1031 388 1060; x_wconf 92' lang='lat'><strong>,</strong></span> <span class='ocrx_word' id='word_1_50' title='bbox 397 1005 462 1047; x_wconf 92' lang='lat' dir='ltr'><strong>non</strong></span> <span class='ocrx_word' id='word_1_51' title='bbox 470 995 535 1048; x_wconf 88' lang='lat' dir='ltr'><strong>tam</strong></span> <span class='ocrx_word' id='word_1_52' title='bbox 543 981 701 1071; x_wconf 88' lang='lat' dir='ltr'><strong>passibus,</strong></span> <span class='ocrx_word' id='word_1_53' title='bbox 714 1005 809 1070; x_wconf 91' lang='lat' dir='ltr'><strong>quam</strong></span> <span class='ocrx_word' id='word_1_54' title='bbox 818 979 967 1055; x_wconf 87' lang='lat' dir='ltr'><strong>saltibus,</strong></span> <span class='ocrx_word' id='word_1_55' title='bbox 976 976 1075 1045; x_wconf 87' lang='lat' dir='ltr'><strong>colles</strong></span> <span class='ocrx_word' id='word_1_56' title='bbox 1084 989 1228 1043; x_wconf 85' lang='lat' dir='ltr'><strong>montes·</strong></span> 
     </span>
     <span class='ocr_line' id='line_1_8' title="bbox 179 1086 1226 1178; baseline -0.005 -23"><span class='ocrx_word' id='word_1_57' title='bbox 179 1113 242 1176; x_wconf 89' lang='lat' dir='ltr'><strong>quc</strong></span> <span class='ocrx_word' id='word_1_58' title='bbox 259 1091 293 1156; x_wconf 91' lang='lat' dir='ltr'><strong>in</strong></span> <span class='ocrx_word' id='word_1_59' title='bbox 317 1090 448 1178; x_wconf 84' lang='lat' dir='ltr'><strong>modum</strong></span> <span class='ocrx_word' id='word_1_60' title='bbox 465 1091 549 1156; x_wconf 86' lang='lat' dir='ltr'><strong>cervi</strong></span> <span class='ocrx_word' id='word_1_61' title='bbox 565 1088 614 1154; x_wconf 84' lang='lat' dir='ltr'><strong>rel</strong></span> <span class='ocrx_word' id='word_1_62' title='bbox 630 1112 752 1178; x_wconf 82' lang='lat' dir='ltr'><strong>cnpreae</strong></span> <span class='ocrx_word' id='word_1_63' title='bbox 769 1087 1066 1162; x_wconf 75' lang='lat' dir='ltr'><strong>transcendentem,</strong></span> <span class='ocrx_word' id='word_1_64' title='bbox 1079 1097 1115 1151; x_wconf 86' lang='lat' dir='ltr'><strong>ct</strong></span> <span class='ocrx_word' id='word_1_65' title='bbox 1132 1087 1179 1152; x_wconf 89' lang='lat' dir='ltr'><strong>ita</strong></span> <span class='ocrx_word' id='word_1_66' title='bbox 1190 1086 1226 1151; x_wconf 86' lang='lat' dir='ltr'><strong>ad</strong></span> 
     </span>
     <span class='ocr_line' id='line_1_9' title="bbox 178 1195 1225 1287; baseline -0.005 -23"><span class='ocrx_word' id='word_1_67' title='bbox 178 1221 326 1287; x_wconf 81' lang='lat' dir='ltr'><strong>sponsam</strong></span> <span class='ocrx_word' id='word_1_68' title='bbox 338 1222 427 1265; x_wconf 88' lang='lat' dir='ltr'><strong>sunm</strong></span> <span class='ocrx_word' id='word_1_69' title='bbox 444 1199 616 1264; x_wconf 88' lang='lat' dir='ltr'><strong>amnicum</strong></span> <span class='ocrx_word' id='word_1_70' title='bbox 629 1198 854 1287; x_wconf 87' lang='lat' dir='ltr'><strong>properatione</strong></span> <span class='ocrx_word' id='word_1_71' title='bbox 866 1196 1059 1262; x_wconf 82' lang='lat' dir='ltr'><strong>venientem.</strong></span> <span class='ocrx_word' id='word_1_72' title='bbox 1074 1195 1142 1260; x_wconf 87' lang='lat' dir='ltr'><strong>Ubi</strong></span> <span class='ocrx_word' id='word_1_73' title='bbox 1155 1219 1225 1260; x_wconf 81' lang='lat' dir='ltr'><strong>vero</strong></span> 
     </span>
     <span class='ocr_line' id='line_1_10' title="bbox 179 1303 1224 1394; baseline -0.004 -23"><span class='ocrx_word' id='word_1_74' title='bbox 179 1307 219 1371; x_wconf 92' lang='lat' dir='ltr'><strong>ad</strong></span> <span class='ocrx_word' id='word_1_75' title='bbox 235 1306 365 1371; x_wconf 91' lang='lat' dir='ltr'><strong>domum</strong></span> <span class='ocrx_word' id='word_1_76' title='bbox 384 1307 466 1372; x_wconf 91' lang='lat' dir='ltr'><strong>intrn</strong></span> <span class='ocrx_word' id='word_1_77' title='bbox 481 1329 578 1394; x_wconf 90' lang='lat' dir='ltr'><strong>qnam</strong></span> <span class='ocrx_word' id='word_1_78' title='bbox 594 1328 708 1394; x_wconf 90' lang='lat' dir='ltr'><strong>sponsa</strong></span> <span class='ocrx_word' id='word_1_79' title='bbox 723 1304 985 1371; x_wconf 81' lang='lat' dir='ltr'><strong>commorabatur</strong></span> <span class='ocrx_word' id='word_1_80' title='bbox 999 1303 1153 1378; x_wconf 85' lang='lat' dir='ltr'><strong>advenit,</strong></span> <span class='ocrx_word' id='word_1_81' title='bbox 1171 1314 1224 1367; x_wconf 87' lang='lat' dir='ltr'><strong>stc·</strong></span> 
     </span>
     <span class='ocr_line' id='line_1_11' title="bbox 180 1411 1221 1503; baseline -0.003 -26"><span class='ocrx_word' id='word_1_82' title='bbox 180 1413 254 1478; x_wconf 83' lang='lat' dir='ltr'><strong>tissa</strong></span> <span class='ocrx_word' id='word_1_83' title='bbox 265 1435 339 1479; x_wconf 88' lang='lat' dir='ltr'><strong>eum</strong></span> <span class='ocrx_word' id='word_1_84' title='bbox 351 1411 516 1503; x_wconf 89' lang='lat' dir='ltr'><strong>paululum</strong></span> <span class='ocrx_word' id='word_1_85' title='bbox 531 1411 670 1502; x_wconf 89' lang='lat' dir='ltr'><strong>intellige</strong></span> <span class='ocrx_word' id='word_1_86' title='bbox 689 1422 761 1501; x_wconf 88' lang='lat' dir='ltr'><strong>post</strong></span> <span class='ocrx_word' id='word_1_87' title='bbox 778 1412 929 1487; x_wconf 92' lang='lat' dir='ltr'><strong>domum,</strong></span> <span class='ocrx_word' id='word_1_88' title='bbox 945 1411 989 1478; x_wconf 85' lang='lat' dir='ltr'><strong>ita</strong></span> <span class='ocrx_word' id='word_1_89' title='bbox 1003 1422 1040 1474; x_wconf 94' lang='lat' dir='ltr'><strong>ut</strong></span> <span class='ocrx_word' id='word_1_90' title='bbox 1053 1411 1221 1476; x_wconf 85' lang='lat' dir='ltr'><strong>sentiretur</strong></span> 
     </span>
     <span class='ocr_line' id='line_1_12' title="bbox 180 1517 1214 1609; baseline -0.002 -24"><span class='ocrx_word' id='word_1_91' title='bbox 180 1521 310 1609; x_wconf 88' lang='lat' dir='ltr'><strong>quidem</strong></span> <span class='ocrx_word' id='word_1_92' title='bbox 327 1521 435 1586; x_wconf 89' lang='lat' dir='ltr'><strong>adesse</strong></span> <span class='ocrx_word' id='word_1_93' title='bbox 445 1570 455 1596; x_wconf 96' lang='lat'><strong>,</strong></span> <span class='ocrx_word' id='word_1_94' title='bbox 467 1520 611 1586; x_wconf 91' lang='lat' dir='ltr'><strong>nondum</strong></span> <span class='ocrx_word' id='word_1_95' title='bbox 623 1531 730 1587; x_wconf 89' lang='lat' dir='ltr'><strong>tamen</strong></span> <span class='ocrx_word' id='word_1_96' title='bbox 742 1520 873 1585; x_wconf 90' lang='lat' dir='ltr'><strong>domum</strong></span> <span class='ocrx_word' id='word_1_97' title='bbox 886 1517 991 1608; x_wconf 87' lang='lat' dir='ltr'><strong>palam</strong></span> <span class='ocrx_word' id='word_1_98' title='bbox 1005 1517 1108 1584; x_wconf 81' lang='lat' dir='ltr'><strong>vellet</strong></span> <span class='ocrx_word' id='word_1_99' title='bbox 1119 1531 1151 1583; x_wconf 90' lang='lat' dir='ltr'><strong>et</strong></span> <span class='ocrx_word' id='word_1_100' title='bbox 1162 1520 1214 1583; x_wconf 86' lang='lat' dir='ltr'><strong>eri-</strong></span> 
     </span>
     <span class='ocr_line' id='line_1_13' title="bbox 182 1626 1215 1715; baseline -0.001 -23"><span class='ocrx_word' id='word_1_101' title='bbox 182 1628 294 1694; x_wconf 87' lang='lat' dir='ltr'><strong>denter</strong></span> <span class='ocrx_word' id='word_1_102' title='bbox 316 1629 451 1702; x_wconf 82' lang='lat' dir='ltr'><strong>intrare,</strong></span> <span class='ocrx_word' id='word_1_103' title='bbox 472 1649 505 1692; x_wconf 85' lang='lat' dir='ltr'><strong>se</strong></span> <span class='ocrx_word' id='word_1_104' title='bbox 524 1627 612 1714; x_wconf 86' lang='lat' dir='ltr'><strong>prius</strong></span> <span class='ocrx_word' id='word_1_105' title='bbox 628 1627 717 1714; x_wconf 87' lang='lat' dir='ltr'><strong>quasi</strong></span> <span class='ocrx_word' id='word_1_106' title='bbox 739 1627 798 1692; x_wconf 88' lang='lat' dir='ltr'><strong>sub</strong></span> <span class='ocrx_word' id='word_1_107' title='bbox 818 1627 966 1692; x_wconf 88' lang='lat' dir='ltr'><strong>amatoris</strong></span> <span class='ocrx_word' id='word_1_108' title='bbox 982 1627 1095 1715; x_wconf 85' lang='lat' dir='ltr'><strong>specie</strong></span> <span class='ocrx_word' id='word_1_109' title='bbox 1114 1649 1169 1715; x_wconf 92' lang='lat' dir='ltr'><strong>per</strong></span> <span class='ocrx_word' id='word_1_110' title='bbox 1179 1626 1215 1691; x_wconf 86' lang='lat' dir='ltr'><strong>l&#39;e-</strong></span> 
     </span>
     <span class='ocr_line' id='line_1_14' title="bbox 181 1731 1209 1823; baseline -0.005 -21"><span class='ocrx_word' id='word_1_111' title='bbox 181 1746 303 1802; x_wconf 88' lang='lat' dir='ltr'><strong>nestras</strong></span> <span class='ocrx_word' id='word_1_112' title='bbox 321 1735 460 1823; x_wconf 84' lang='lat' dir='ltr'><strong>aspicere</strong></span> <span class='ocrx_word' id='word_1_113' title='bbox 477 1731 556 1798; x_wconf 89' lang='lat' dir='ltr'><strong>velle</strong></span> <span class='ocrx_word' id='word_1_114' title='bbox 574 1755 733 1821; x_wconf 88' lang='lat' dir='ltr'><strong>sponsam.</strong></span> <span class='ocrx_word' id='word_1_115' title='bbox 758 1731 900 1822; x_wconf 81' lang='lat' dir='ltr'><strong>intellige</strong></span> <span class='ocrx_word' id='word_1_116' title='bbox 921 1745 1032 1799; x_wconf 89' lang='lat' dir='ltr'><strong>autem</strong></span> <span class='ocrx_word' id='word_1_117' title='bbox 1048 1734 1126 1799; x_wconf 83' lang='lat' dir='ltr'><strong>retia</strong></span> <span class='ocrx_word' id='word_1_118' title='bbox 1144 1757 1209 1822; x_wconf 71' lang='lat' dir='ltr'><strong>qua</strong></span> 
     </span>
     <span class='ocr_line' id='line_1_15' title="bbox 183 1840 1202 1930; baseline -0.003 -24"><span class='ocrx_word' id='word_1_119' title='bbox 183 1843 255 1907; x_wconf 90' lang='lat' dir='ltr'><strong>dam</strong></span> <span class='ocrx_word' id='word_1_120' title='bbox 268 1865 366 1930; x_wconf 89' lang='lat' dir='ltr'><strong>prope</strong></span> <span class='ocrx_word' id='word_1_121' title='bbox 381 1842 513 1907; x_wconf 91' lang='lat' dir='ltr'><strong>domum</strong></span> <span class='ocrx_word' id='word_1_122' title='bbox 528 1863 666 1930; x_wconf 84' lang='lat' dir='ltr'><strong>sponaae,</strong></span> <span class='ocrx_word' id='word_1_123' title='bbox 685 1853 740 1908; x_wconf 91' lang='lat' dir='ltr'><strong>aut</strong></span> <span class='ocrx_word' id='word_1_124' title='bbox 755 1840 883 1929; x_wconf 87' lang='lat' dir='ltr'><strong>laqueos</strong></span> <span class='ocrx_word' id='word_1_125' title='bbox 899 1863 968 1906; x_wconf 85' lang='lat' dir='ltr'><strong>csse</strong></span> <span class='ocrx_word' id='word_1_126' title='bbox 984 1843 1121 1929; x_wconf 87' lang='lat' dir='ltr'><strong>positos,</strong></span> <span class='ocrx_word' id='word_1_127' title='bbox 1140 1841 1202 1904; x_wconf 89' lang='lat' dir='ltr'><strong>utsi</strong></span> 
     </span>
     <span class='ocr_line' id='line_1_16' title="bbox 183 1945 1192 2036; baseline -0.001 -24"><span class='ocrx_word' id='word_1_128' title='bbox 183 1947 264 2020; x_wconf 86' lang='lat' dir='ltr'><strong>lerte</strong></span> <span class='ocrx_word' id='word_1_129' title='bbox 280 1949 367 2035; x_wconf 87' lang='lat' dir='ltr'><strong>ipsa,</strong></span> <span class='ocrx_word' id='word_1_130' title='bbox 385 1948 432 2013; x_wconf 88' lang='lat' dir='ltr'><strong>vel</strong></span> <span class='ocrx_word' id='word_1_131' title='bbox 448 1945 550 2036; x_wconf 87' lang='lat' dir='ltr'><strong>aliqua</strong></span> <span class='ocrx_word' id='word_1_132' title='bbox 570 1947 725 2014; x_wconf 89' lang='lat' dir='ltr'><strong>sodalium</strong></span> <span class='ocrx_word' id='word_1_133' title='bbox 741 1950 810 2036; x_wconf 82' lang='lat' dir='ltr'><strong>ejus</strong></span> <span class='ocrx_word' id='word_1_134' title='bbox 825 1972 864 2014; x_wconf 81' lang='lat' dir='ltr'><strong>cx</strong></span> <span class='ocrx_word' id='word_1_135' title='bbox 879 1947 1006 2014; x_wconf 85' lang='lat' dir='ltr'><strong>filiabus</strong></span> <span class='ocrx_word' id='word_1_136' title='bbox 1030 1947 1192 2016; x_wconf 82' lang='lat' dir='ltr'><strong>Hierusalem</strong></span> 
     </span>
     <span class='ocr_line' id='line_1_17' title="bbox 185 2052 1197 2144; baseline 0.001 -25"><span class='ocrx_word' id='word_1_137' title='bbox 185 2052 490 2141; x_wconf 81' lang='lat' dir='ltr'><strong>aliquandoexisset,</strong></span> <span class='ocrx_word' id='word_1_138' title='bbox 503 2067 680 2144; x_wconf 88' lang='lat' dir='ltr'><strong>caperetur.</strong></span> <span class='ocrx_word' id='word_1_139' title='bbox 696 2056 746 2121; x_wconf 84' lang='lat' dir='ltr'><strong>Ad</strong></span> <span class='ocrx_word' id='word_1_140' title='bbox 758 2057 816 2121; x_wconf 85' lang='lat' dir='ltr'><strong>ista</strong></span> <span class='ocrx_word' id='word_1_141' title='bbox 825 2079 898 2121; x_wconf 88' lang='lat' dir='ltr'><strong>vero</strong></span> <span class='ocrx_word' id='word_1_142' title='bbox 911 2056 990 2121; x_wconf 86' lang='lat' dir='ltr'><strong>retia</strong></span> <span class='ocrx_word' id='word_1_143' title='bbox 1000 2058 1197 2143; x_wconf 66' lang='lat' dir='ltr'><strong>veniesque</strong></span> 
     </span>
     <span class='ocr_line' id='line_1_18' title="bbox 185 2163 1207 2252; baseline 0 -26"><span class='ocrx_word' id='word_1_144' title='bbox 185 2185 256 2226; x_wconf 90' lang='lat' dir='ltr'><strong>sum</strong></span> <span class='ocrx_word' id='word_1_145' title='bbox 273 2173 396 2227; x_wconf 87' lang='lat' dir='ltr'><strong>certum</strong></span> <span class='ocrx_word' id='word_1_146' title='bbox 416 2175 482 2227; x_wconf 87' lang='lat' dir='ltr'><strong>est:</strong></span> <span class='ocrx_word' id='word_1_147' title='bbox 500 2164 554 2250; x_wconf 91' lang='lat' dir='ltr'><strong>qni</strong></span> <span class='ocrx_word' id='word_1_148' title='bbox 573 2187 649 2230; x_wconf 92' lang='lat' dir='ltr'><strong>cum</strong></span> <span class='ocrx_word' id='word_1_149' title='bbox 665 2164 734 2252; x_wconf 90' lang='lat' dir='ltr'><strong>capi</strong></span> <span class='ocrx_word' id='word_1_150' title='bbox 754 2164 792 2228; x_wconf 89' lang='lat' dir='ltr'><strong>ab</strong></span> <span class='ocrx_word' id='word_1_151' title='bbox 808 2164 852 2228; x_wconf 88' lang='lat' dir='ltr'><strong>eis</strong></span> <span class='ocrx_word' id='word_1_152' title='bbox 864 2187 928 2229; x_wconf 92' lang='lat' dir='ltr'><strong>non</strong></span> <span class='ocrx_word' id='word_1_153' title='bbox 944 2177 1073 2251; x_wconf 87' lang='lat' dir='ltr'><strong>posset,</strong></span> <span class='ocrx_word' id='word_1_154' title='bbox 1090 2165 1143 2228; x_wconf 86' lang='lat' dir='ltr'><strong>scd</strong></span> <span class='ocrx_word' id='word_1_155' title='bbox 1156 2163 1207 2227; x_wconf 85' lang='lat' dir='ltr'><strong>lor-</strong></span> 
     </span>
     <span class='ocr_line' id='line_1_19' title="bbox 187 2267 1211 2360; baseline 0.001 -26"><span class='ocrx_word' id='word_1_156' title='bbox 187 2268 248 2334; x_wconf 90' lang='lat' dir='ltr'><strong>tior</strong></span> <span class='ocrx_word' id='word_1_157' title='bbox 266 2291 378 2334; x_wconf 87' lang='lat' dir='ltr'><strong>corum</strong></span> <span class='ocrx_word' id='word_1_158' title='bbox 401 2267 551 2347; x_wconf 80' lang='lat' dir='ltr'><strong>effectus,</strong></span> <span class='ocrx_word' id='word_1_159' title='bbox 580 2270 734 2359; x_wconf 87' lang='lat' dir='ltr'><strong>diruperit</strong></span> <span class='ocrx_word' id='word_1_160' title='bbox 749 2272 816 2359; x_wconf 87' lang='lat' dir='ltr'><strong>ipsa</strong></span> <span class='ocrx_word' id='word_1_161' title='bbox 836 2271 935 2346; x_wconf 88' lang='lat' dir='ltr'><strong>retia,</strong></span> <span class='ocrx_word' id='word_1_162' title='bbox 959 2271 1156 2360; x_wconf 81' lang='lat' dir='ltr'><strong>diruptisque</strong></span> <span class='ocrx_word' id='word_1_163' title='bbox 1174 2272 1211 2335; x_wconf 88' lang='lat' dir='ltr'><strong>eis</strong></span> 
     </span>
     <span class='ocr_line' id='line_1_20' title="bbox 187 2376 1216 2467; baseline 0.003 -27"><span class='ocrx_word' id='word_1_164' title='bbox 187 2377 355 2465; x_wconf 89' lang='lat' dir='ltr'><strong>supcripsa</strong></span> <span class='ocrx_word' id='word_1_165' title='bbox 369 2376 519 2442; x_wconf 88' lang='lat' dir='ltr'><strong>incedens</strong></span> <span class='ocrx_word' id='word_1_166' title='bbox 531 2377 626 2442; x_wconf 88' lang='lat' dir='ltr'><strong>etiam</strong></span> <span class='ocrx_word' id='word_1_167' title='bbox 639 2401 697 2467; x_wconf 88' lang='lat' dir='ltr'><strong>per</strong></span> <span class='ocrx_word' id='word_1_168' title='bbox 706 2379 773 2466; x_wconf 89' lang='lat' dir='ltr'><strong>ipsa</strong></span> <span class='ocrx_word' id='word_1_169' title='bbox 784 2378 997 2466; x_wconf 85' lang='lat' dir='ltr'><strong>prospexerit:</strong></span> <span class='ocrx_word' id='word_1_170' title='bbox 1012 2391 1047 2443; x_wconf 89' lang='lat' dir='ltr'><strong>et</strong></span> <span class='ocrx_word' id='word_1_171' title='bbox 1058 2391 1216 2466; x_wconf 86' lang='lat' dir='ltr'><strong>postquam</strong></span> 
     </span>
     <span class='ocr_line' id='line_1_21' title="bbox 186 2477 1219 2574; baseline 0 -26"><span class='ocrx_word' id='word_1_172' title='bbox 186 2484 337 2570; x_wconf 89' lang='lat' dir='ltr'><strong>hocopus</strong></span> <span class='ocrx_word' id='word_1_173' title='bbox 351 2483 479 2559; x_wconf 83' lang='lat' dir='ltr'><strong>lecerit,</strong></span> <span class='ocrx_word' id='word_1_174' title='bbox 493 2484 577 2549; x_wconf 90' lang='lat' dir='ltr'><strong>dicat</strong></span> <span class='ocrx_word' id='word_1_175' title='bbox 592 2485 804 2574; x_wconf 87' lang='lat' dir='ltr'><strong>adspensam:</strong></span> <span class='ocrx_word' id='word_1_176' title='bbox 823 2486 985 2573; x_wconf 81' lang='lat' dir='ltr'><strong>«Exurge,</strong></span> <span class='ocrx_word' id='word_1_177' title='bbox 1000 2477 1219 2574; x_wconf 82' lang='lat' dir='ltr'><strong>veniproxima</strong></span> 
     </span>
     <span class='ocr_line' id='line_1_22' title="bbox 187 2591 1222 2678; baseline 0.002 -24"><span class='ocrx_word' id='word_1_178' title='bbox 187 2614 298 2665; x_wconf 79' lang='lat' dir='ltr'><strong>smea,</strong></span> <span class='ocrx_word' id='word_1_179' title='bbox 319 2613 432 2678; x_wconf 87' lang='lat' dir='ltr'><strong>sponsa</strong></span> <span class='ocrx_word' id='word_1_180' title='bbox 449 2615 537 2666; x_wconf 89' lang='lat' dir='ltr'><strong>mea,</strong></span> <span class='ocrx_word' id='word_1_181' title='bbox 560 2591 708 2658; x_wconf 86' lang='lat' dir='ltr'><strong>columba</strong></span> <span class='ocrx_word' id='word_1_182' title='bbox 730 2591 817 2658; x_wconf 87' lang='lat' dir='ltr'><strong>mea¹</strong></span> <span class='ocrx_word' id='word_1_183' title='bbox 830 2617 861 2656; x_wconf 75' lang='lat' dir='ltr'><strong>:a</strong></span> <span class='ocrx_word' id='word_1_184' title='bbox 885 2593 948 2658; x_wconf 90' lang='lat' dir='ltr'><strong>hoc</strong></span> <span class='ocrx_word' id='word_1_185' title='bbox 963 2606 1075 2660; x_wconf 89' lang='lat' dir='ltr'><strong>autem</strong></span> <span class='ocrx_word' id='word_1_186' title='bbox 1091 2594 1176 2660; x_wconf 85' lang='lat' dir='ltr'><strong>dicat</strong></span> <span class='ocrx_word' id='word_1_187' title='bbox 1190 2605 1222 2656; x_wconf 92' lang='lat' dir='ltr'><strong>nt</strong></span> 
     </span>
     <span class='ocr_line' id='line_1_23' title="bbox 187 2699 1224 2788; baseline 0.004 -25"><span class='ocrx_word' id='word_1_188' title='bbox 187 2700 255 2788; x_wconf 87' lang='lat' dir='ltr'><strong>ipso</strong></span> <span class='ocrx_word' id='word_1_189' title='bbox 270 2721 364 2786; x_wconf 86' lang='lat' dir='ltr'><strong>opere</strong></span> <span class='ocrx_word' id='word_1_190' title='bbox 384 2699 529 2763; x_wconf 88' lang='lat' dir='ltr'><strong>ostendat</strong></span> <span class='ocrx_word' id='word_1_191' title='bbox 541 2700 571 2763; x_wconf 91' lang='lat' dir='ltr'><strong>ei</strong></span> <span class='ocrx_word' id='word_1_192' title='bbox 588 2700 749 2787; x_wconf 90' lang='lat' dir='ltr'><strong>quomodo</strong></span> <span class='ocrx_word' id='word_1_193' title='bbox 768 2721 844 2765; x_wconf 88' lang='lat' dir='ltr'><strong>cum</strong></span> <span class='ocrx_word' id='word_1_194' title='bbox 866 2699 983 2766; x_wconf 86' lang='lat' dir='ltr'><strong>fidncia</strong></span> <span class='ocrx_word' id='word_1_195' title='bbox 1007 2701 1128 2766; x_wconf 85' lang='lat' dir='ltr'><strong>debeat</strong></span> <span class='ocrx_word' id='word_1_196' title='bbox 1149 2725 1224 2767; x_wconf 93' lang='lat' dir='ltr'><strong>con-</strong></span> 
     </span>
     <span class='ocr_line' id='line_1_24' title="bbox 187 2806 1226 2893; baseline 0 -21"><span class='ocrx_word' id='word_1_197' title='bbox 187 2817 330 2872; x_wconf 87' lang='lat' dir='ltr'><strong>temnere</strong></span> <span class='ocrx_word' id='word_1_198' title='bbox 345 2806 410 2892; x_wconf 90' lang='lat' dir='ltr'><strong>jam</strong></span> <span class='ocrx_word' id='word_1_199' title='bbox 430 2806 507 2870; x_wconf 89' lang='lat' dir='ltr'><strong>retia</strong></span> <span class='ocrx_word' id='word_1_200' title='bbox 523 2829 593 2893; x_wconf 74' lang='lat' dir='ltr'><strong>qnae</strong></span> <span class='ocrx_word' id='word_1_201' title='bbox 604 2807 632 2871; x_wconf 86' lang='lat' dir='ltr'><strong>ei</strong></span> <span class='ocrx_word' id='word_1_202' title='bbox 649 2807 825 2871; x_wconf 88' lang='lat' dir='ltr'><strong>tetenderat</strong></span> <span class='ocrx_word' id='word_1_203' title='bbox 844 2807 1010 2884; x_wconf 88' lang='lat' dir='ltr'><strong>inimicus,</strong></span> <span class='ocrx_word' id='word_1_204' title='bbox 1034 2831 1097 2874; x_wconf 86' lang='lat' dir='ltr'><strong>nec</strong></span> <span class='ocrx_word' id='word_1_205' title='bbox 1119 2810 1226 2874; x_wconf 88' lang='lat' dir='ltr'><strong>timeat</strong></span> 
     </span>
     <span class='ocr_line' id='line_1_25' title="bbox 188 2916 1228 3005; baseline 0 -23"><span class='ocrx_word' id='word_1_206' title='bbox 188 2916 316 3003; x_wconf 90' lang='lat' dir='ltr'><strong>laqueos</strong></span> <span class='ocrx_word' id='word_1_207' title='bbox 332 2939 411 3003; x_wconf 88' lang='lat' dir='ltr'><strong>quos</strong></span> <span class='ocrx_word' id='word_1_208' title='bbox 426 2916 465 2981; x_wconf 91' lang='lat' dir='ltr'><strong>ad</strong></span> <span class='ocrx_word' id='word_1_209' title='bbox 480 2939 513 2980; x_wconf 88' lang='lat' dir='ltr'><strong>sc</strong></span> <span class='ocrx_word' id='word_1_210' title='bbox 528 2917 593 3003; x_wconf 88' lang='lat' dir='ltr'><strong>jam</strong></span> <span class='ocrx_word' id='word_1_211' title='bbox 613 2917 732 2982; x_wconf 88' lang='lat' dir='ltr'><strong>viderat</strong></span> <span class='ocrx_word' id='word_1_212' title='bbox 751 2939 818 2980; x_wconf 87' lang='lat' dir='ltr'><strong>esse</strong></span> <span class='ocrx_word' id='word_1_213' title='bbox 834 2917 998 3005; x_wconf 87' lang='lat' dir='ltr'><strong>diruptos:</strong></span> <span class='ocrx_word' id='word_1_214' title='bbox 1019 2930 1052 2982; x_wconf 88' lang='lat' dir='ltr'><strong>et</strong></span> <span class='ocrx_word' id='word_1_215' title='bbox 1070 2919 1180 2984; x_wconf 89' lang='lat' dir='ltr'><strong>adbuc</strong></span> <span class='ocrx_word' id='word_1_216' title='bbox 1194 2931 1228 2982; x_wconf 92' lang='lat' dir='ltr'><strong>nt</strong></span> 
     </span>
     <span class='ocr_line' id='line_1_26' title="bbox 81 3021 1310 3111; baseline 0.003 -25"><span class='ocrx_word' id='word_1_217' title='bbox 81 3049 87 3072; x_wconf 68' lang='grc' dir='ltr'>ι</span> <span class='ocrx_word' id='word_1_218' title='bbox 189 3021 323 3111; x_wconf 90' lang='lat' dir='ltr'><strong>amplius</strong></span> <span class='ocrx_word' id='word_1_219' title='bbox 347 3024 385 3088; x_wconf 91' lang='lat' dir='ltr'><strong>ad</strong></span> <span class='ocrx_word' id='word_1_220' title='bbox 405 3045 602 3111; x_wconf 88' lang='lat' dir='ltr'><strong>suspensam</strong></span> <span class='ocrx_word' id='word_1_221' title='bbox 630 3035 780 3111; x_wconf 77' lang='lat' dir='ltr'><strong>provocet</strong></span> <span class='ocrx_word' id='word_1_222' title='bbox 802 3023 966 3098; x_wconf 81' lang='lat' dir='ltr'><strong>festinare,</strong></span> <span class='ocrx_word' id='word_1_223' title='bbox 979 3025 1064 3090; x_wconf 88' lang='lat' dir='ltr'><strong>dicat</strong></span> <span class='ocrx_word' id='word_1_224' title='bbox 1076 3027 1128 3092; x_wconf 88' lang='lat' dir='ltr'><strong>ei:</strong></span> <span class='ocrx_word' id='word_1_225' title='bbox 1143 3027 1229 3107; x_wconf 85' lang='lat' dir='ltr'><strong>Quia</strong></span> <span class='ocrx_word' id='word_1_226' title='bbox 1309 3075 1310 3100; x_wconf 77' lang='lat'><strong>,</strong></span> 
     </span>
     <span class='ocr_line' id='line_1_27' title="bbox 191 3131 1229 3222; baseline 0.004 -28"><span class='ocrx_word' id='word_1_227' title='bbox 191 3152 284 3194; x_wconf 88' lang='lat' dir='ltr'><strong>omne</strong></span> <span class='ocrx_word' id='word_1_228' title='bbox 296 3141 421 3218; x_wconf 85' lang='lat' dir='ltr'><strong>tempus</strong></span> <span class='ocrx_word' id='word_1_229' title='bbox 432 3132 518 3218; x_wconf 94' lang='lat' dir='ltr'><strong>quod</strong></span> <span class='ocrx_word' id='word_1_230' title='bbox 529 3131 888 3218; x_wconf 83' lang='lat' dir='ltr'><strong>jamgravevidcbatnr,</strong></span> <span class='ocrx_word' id='word_1_231' title='bbox 903 3132 1061 3208; x_wconf 79' lang='lat' dir='ltr'><strong>transivit,</strong></span> <span class='ocrx_word' id='word_1_232' title='bbox 1071 3133 1229 3222; x_wconf 69' lang='lat' dir='ltr'><strong>ctbycms</strong></span> 
     </span>
     <span class='ocr_line' id='line_1_28' title="bbox 190 3193 1309 3328; baseline 0.006 -28"><span class='ocrx_word' id='word_1_233' title='bbox 190 3237 300 3323; x_wconf 80' lang='lat' dir='ltr'><strong>quaeei</strong></span> <span class='ocrx_word' id='word_1_234' title='bbox 319 3259 413 3302; x_wconf 87' lang='lat' dir='ltr'><strong>causa</strong></span> <span class='ocrx_word' id='word_1_235' title='bbox 429 3249 537 3301; x_wconf 83' lang='lat' dir='ltr'><strong>exorta</strong></span> <span class='ocrx_word' id='word_1_236' title='bbox 552 3237 738 3312; x_wconf 86' lang='lat' dir='ltr'><strong>ridebatur,</strong></span> <span class='ocrx_word' id='word_1_237' title='bbox 754 3239 922 3314; x_wconf 83' lang='lat' dir='ltr'><strong>abscessit,</strong></span> <span class='ocrx_word' id='word_1_238' title='bbox 941 3237 1118 3328; x_wconf 76' lang='lat' dir='ltr'><strong>pluviaeque</strong></span> <span class='ocrx_word' id='word_1_239' title='bbox 1135 3243 1232 3307; x_wconf 84' lang='lat' dir='ltr'><strong>inuti-</strong></span> <span class='ocrx_word' id='word_1_240' title='bbox 1305 3193 1309 3314; x_wconf 88' lang='lat' dir='ltr'><strong>l</strong></span> 
     </span>
     <span class='ocr_line' id='line_1_29' title="bbox 190 3342 1233 3432; baseline 0.006 -24"><span class='ocrx_word' id='word_1_241' title='bbox 190 3342 235 3408; x_wconf 90' lang='lat' dir='ltr'><strong>les</strong></span> <span class='ocrx_word' id='word_1_242' title='bbox 250 3343 414 3418; x_wconf 90' lang='lat' dir='ltr'><strong>abierunt,</strong></span> <span class='ocrx_word' id='word_1_243' title='bbox 428 3356 459 3408; x_wconf 85' lang='lat' dir='ltr'><strong>ct</strong></span> <span class='ocrx_word' id='word_1_244' title='bbox 476 3356 599 3431; x_wconf 88' lang='lat' dir='ltr'><strong>tempus</strong></span> <span class='ocrx_word' id='word_1_245' title='bbox 614 3347 679 3432; x_wconf 87' lang='lat' dir='ltr'><strong>jam</strong></span> <span class='ocrx_word' id='word_1_246' title='bbox 698 3344 848 3410; x_wconf 89' lang='lat' dir='ltr'><strong>floridum</strong></span> <span class='ocrx_word' id='word_1_247' title='bbox 865 3347 967 3420; x_wconf 86' lang='lat' dir='ltr'><strong>venit,</strong></span> <span class='ocrx_word' id='word_1_248' title='bbox 992 3344 1069 3411; x_wconf 89' lang='lat' dir='ltr'><strong>nihil</strong></span> <span class='ocrx_word' id='word_1_249' title='bbox 1093 3351 1233 3414; x_wconf 76' lang='lat' dir='ltr'><strong>moreris</strong></span> 
     </span>
     <span class='ocr_line' id='line_1_30' title="bbox 192 3450 1232 3543; baseline 0.01 -30"><span class='ocrx_word' id='word_1_250' title='bbox 192 3450 253 3514; x_wconf 87' lang='lat' dir='ltr'><strong>iter</strong></span> <span class='ocrx_word' id='word_1_251' title='bbox 271 3451 396 3538; x_wconf 80' lang='lat' dir='ltr'><strong>aggredi</strong></span> <span class='ocrx_word' id='word_1_252' title='bbox 411 3450 556 3517; x_wconf 86' lang='lat' dir='ltr'><strong>veniendi</strong></span> <span class='ocrx_word' id='word_1_253' title='bbox 574 3451 616 3516; x_wconf 89' lang='lat' dir='ltr'><strong>ad</strong></span> <span class='ocrx_word' id='word_1_254' title='bbox 635 3475 696 3518; x_wconf 89' lang='lat' dir='ltr'><strong>me.</strong></span> <span class='ocrx_word' id='word_1_255' title='bbox 721 3455 806 3518; x_wconf 85' lang='lat' dir='ltr'><strong>Ecca</strong></span> <span class='ocrx_word' id='word_1_256' title='bbox 824 3453 909 3517; x_wconf 88' lang='lat' dir='ltr'><strong>enim</strong></span> <span class='ocrx_word' id='word_1_257' title='bbox 924 3465 957 3517; x_wconf 90' lang='lat' dir='ltr'><strong>et</strong></span> <span class='ocrx_word' id='word_1_258' title='bbox 972 3454 1135 3541; x_wconf 81' lang='lat' dir='ltr'><strong>agricolae,</strong></span> <span class='ocrx_word' id='word_1_259' title='bbox 1155 3459 1232 3543; x_wconf 87' lang='lat' dir='ltr'><strong>quia</strong></span> 
     </span>
     <span class='ocr_line' id='line_1_31' title="bbox 193 3557 1235 3646; baseline 0.005 -22"><span class='ocrx_word' id='word_1_260' title='bbox 193 3557 273 3624; x_wconf 79' lang='lat' dir='ltr'><strong>reris</strong></span> <span class='ocrx_word' id='word_1_261' title='bbox 292 3558 357 3644; x_wconf 88' lang='lat' dir='ltr'><strong>jam</strong></span> <span class='ocrx_word' id='word_1_262' title='bbox 374 3569 497 3646; x_wconf 84' lang='lat' dir='ltr'><strong>tempus</strong></span> <span class='ocrx_word' id='word_1_263' title='bbox 514 3559 634 3634; x_wconf 89' lang='lat' dir='ltr'><strong>arrisit,</strong></span> <span class='ocrx_word' id='word_1_264' title='bbox 654 3561 760 3626; x_wconf 85' lang='lat' dir='ltr'><strong>vineas</strong></span> <span class='ocrx_word' id='word_1_265' title='bbox 780 3557 909 3624; x_wconf 87' lang='lat' dir='ltr'><strong>colunt:</strong></span> <span class='ocrx_word' id='word_1_266' title='bbox 926 3582 987 3625; x_wconf 75' lang='lat' dir='ltr'><strong>ror</strong></span> <span class='ocrx_word' id='word_1_267' title='bbox 1004 3563 1090 3626; x_wconf 88' lang='lat' dir='ltr'><strong>enim</strong></span> <span class='ocrx_word' id='word_1_268' title='bbox 1111 3574 1235 3629; x_wconf 85' lang='lat' dir='ltr'><strong>tumet</strong></span> 
     </span>
     <span class='ocr_line' id='line_1_32' title="bbox 194 3661 1235 3756; baseline 0.007 -26"><span class='ocrx_word' id='word_1_269' title='bbox 194 3661 326 3730; x_wconf 83' lang='lat' dir='ltr'><strong>aliarum</strong></span> <span class='ocrx_word' id='word_1_270' title='bbox 344 3664 467 3738; x_wconf 86' lang='lat' dir='ltr'><strong>avium,</strong></span> <span class='ocrx_word' id='word_1_271' title='bbox 485 3676 553 3731; x_wconf 92' lang='lat' dir='ltr'><strong>tum</strong></span> <span class='ocrx_word' id='word_1_272' title='bbox 565 3667 661 3733; x_wconf 88' lang='lat' dir='ltr'><strong>etiam</strong></span> <span class='ocrx_word' id='word_1_273' title='bbox 676 3689 790 3733; x_wconf 89' lang='lat' dir='ltr'><strong>sonora</strong></span> <span class='ocrx_word' id='word_1_274' title='bbox 804 3679 838 3731; x_wconf 90' lang='lat' dir='ltr'><strong>et</strong></span> <span class='ocrx_word' id='word_1_275' title='bbox 849 3679 936 3756; x_wconf 87' lang='lat' dir='ltr'><strong>grata</strong></span> <span class='ocrx_word' id='word_1_276' title='bbox 953 3669 1085 3734; x_wconf 87' lang='lat' dir='ltr'><strong>turturis</strong></span> <span class='ocrx_word' id='word_1_277' title='bbox 1098 3693 1235 3737; x_wconf 85' lang='lat' dir='ltr'><strong>vernan-</strong></span> 
     </span>
     <span class='ocr_line' id='line_1_33' title="bbox 193 3770 1307 3896; baseline 0.013 -63"><span class='ocrx_word' id='word_1_278' title='bbox 193 3770 232 3836; x_wconf 88' lang='lat' dir='ltr'><strong>tis</strong></span> <span class='ocrx_word' id='word_1_279' title='bbox 248 3771 384 3843; x_wconf 80' lang='lat' dir='ltr'><strong>auditur,</strong></span> <span class='ocrx_word' id='word_1_280' title='bbox 409 3771 473 3839; x_wconf 88' lang='lat' dir='ltr'><strong>Sed</strong></span> <span class='ocrx_word' id='word_1_281' title='bbox 494 3783 527 3837; x_wconf 86' lang='lat' dir='ltr'><strong>et</strong></span> <span class='ocrx_word' id='word_1_282' title='bbox 548 3772 628 3839; x_wconf 84' lang='lat' dir='ltr'><strong>licus</strong></span> <span class='ocrx_word' id='word_1_283' title='bbox 649 3773 688 3840; x_wconf 88' lang='lat' dir='ltr'><strong>de</strong></span> <span class='ocrx_word' id='word_1_284' title='bbox 704 3775 784 3842; x_wconf 83' lang='lat' dir='ltr'><strong>veris</strong></span> <span class='ocrx_word' id='word_1_285' title='bbox 804 3787 890 3842; x_wconf 86' lang='lat' dir='ltr'><strong>certa</strong></span> <span class='ocrx_word' id='word_1_286' title='bbox 912 3777 1064 3864; x_wconf 86' lang='lat' dir='ltr'><strong>temperie</strong></span> <span class='ocrx_word' id='word_1_287' title='bbox 1081 3801 1230 3866; x_wconf 83' lang='lat' dir='ltr'><strong>germem</strong></span> <span class='ocrx_word' id='word_1_288' title='bbox 1305 3797 1307 3896; x_wconf 58' lang='lat' dir='ltr'><strong>p</strong></span> 
     </span>
    </p>
   </div>
   <div class='ocr_carea' id='block_1_3' title="bbox 231 3899 428 3968">
    <p class='ocr_par' dir='ltr' id='par_1_3' title="bbox 231 3899 428 3968">
     <span class='ocr_line' id='line_1_34' title="bbox 231 3899 428 3968; baseline 0 -13"><span class='ocrx_word' id='word_1_289' title='bbox 231 3899 322 3957; x_wconf 83' lang='lat' dir='ltr'><strong>¹Cont.</strong></span> <span class='ocrx_word' id='word_1_290' title='bbox 337 3925 372 3968; x_wconf 88' lang='lat' dir='ltr'><strong>rr,</strong></span> <span class='ocrx_word' id='word_1_291' title='bbox 389 3925 428 3957; x_wconf 83' lang='grc' dir='ltr'><strong>ιο.</strong></span> 
     </span>
    </p>
   </div>
   <div class='ocr_carea' id='block_1_4' title="bbox 0 0 1344 4612">
    <p class='ocr_par' dir='ltr' id='par_1_4' title="bbox 0 0 1344 4612">
     <span class='ocr_line' id='line_1_35' title="bbox 0 0 1344 4612; baseline 0 0"><span class='ocrx_word' id='word_1_292' title='bbox 0 0 1344 4612; x_wconf 95' lang='lat' dir='ltr'><strong> </strong></span> 
     </span>
    </p>
   </div>
  </div>
 </body>
</html>
