2744 4600
324 341 355 382 ru
380 341 518 384 uuarnuos
543 341 671 385 souitu
695 337 788 385 xxvtr.
1022 325 1082 412 547

86 451 150 524 duas
162 455 371 546 generationes
387 457 562 525 adducitur.
582 457 635 524 Sic
650 459 735 524 enim
754 456 918 524 Matthaeus
941 439 1083 550 Evanga-
1188 515 1191 523 .

85 565 143 632 iista
155 578 386 641 commemorat,
403 566 527 632 diceus:
547 567 620 632 «Ab
635 565 796 633 Abraham
815 589 915 654 usque
929 568 970 632 ad
983 569 1084 636 David

85 699 212 764 tregam,
230 674 445 764 generationes
456 677 709 763 quatuordecim.
728 678 769 742 Et
785 701 802 742 a
818 677 918 744 David
934 680 1084 766 usquead
1184 731 1188 738 .

85 787 397 875 »transmigrationem
406 787 589 875 Babylonis,
601 788 818 876 generationes
831 789 1082 877 quatuordeeim.
1118 828 1123 835 ·
1166 789 1170 795 ’

85 923 95 958 t
110 897 145 960 Et
158 919 172 959 a
186 897 453 985 transmigratione
472 895 643 984 Babylonis
667 921 765 984 usque
782 899 823 963 ad
846 899 1020 976 Christum,
1036 887 1103 989 gd·
1177 888 1180 894 ¹

83 1006 271 1072 »rorationes
294 1007 533 1094 quatuordecim
546 1005 569 1070 ¹.
588 1008 701 1072 »alsus
715 1030 791 1096 ergo
817 1005 1024 1098 quadraginta
1053 1022 1085 1074 et

80 1115 149 1182 duas
162 1116 374 1204 generationes
390 1139 467 1203 quas
487 1114 574 1181 velut
587 1117 766 1182 mansiones
781 1117 924 1184 Christus
942 1117 1018 1184 fecit
1033 1119 1085 1184 de-

77 1226 217 1293 scendens
232 1228 265 1292 in
280 1226 452 1315 AEgyptum
470 1227 581 1292 mundi
597 1227 704 1314 hujus,
722 1228 790 1316 ipso
804 1251 937 1294 numero
954 1229 1085 1316 quadra·

76 1338 155 1424 ginta
165 1349 193 1402 ot
207 1338 286 1402 duas
300 1338 478 1402 mansiones
490 1337 621 1412 iaciunt,
631 1338 685 1425 qui
696 1340 871 1404 ascendunt
883 1340 922 1404 de
936 1338 1082 1428 AEgypto.

77 1448 115 1512 Et
128 1449 200 1512 hanc
214 1449 419 1514 observanter
427 1447 535 1537 posuit
544 1447 667 1536 Moyses
679 1449 787 1515 dicens
806 1473 815 1514 ε
839 1475 851 1509 ι
868 1450 1088 1517 ascenderunt

79 1554 156 1620 »filii
176 1555 267 1624 Israel
283 1580 358 1623 cum
377 1557 493 1622 virtute
516 1579 570 1622 sua
586 1557 609 1621 ².
627 1585 639 1618 a
657 1557 737 1636 Quae
759 1570 806 1622 est
834 1558 932 1623 virtus
962 1581 1085 1635 eorum,

76 1665 131 1732 nisi
146 1665 206 1755 ipse
229 1667 387 1742 Christus,
408 1667 462 1756 qui
482 1678 529 1732 est
545 1666 643 1731 virtus
658 1665 737 1731 Deii¹
754 1666 817 1746 Qui
839 1689 914 1756 ergo
931 1668 1085 1746 ascendit,

75 1797 143 1841 oum
157 1775 223 1865 ipso
238 1777 379 1844 ascendit
393 1776 447 1864 qui
462 1775 502 1840 ad
518 1799 577 1840 nos
591 1776 665 1840 inde
681 1775 855 1850 descendit,
872 1788 907 1839 ut
921 1775 997 1842 illue
1012 1799 1087 1866 per-

73 1885 171 1951 veniat
187 1885 269 1952 unde
284 1886 337 1952 ille
351 1909 415 1951 non
431 1887 631 1960 necessitate,
649 1885 704 1951 sed
717 1884 896 1974 dignatione
911 1886 1086 1962 descendit,

70 2013 104 2064 ut
115 2022 223 2066 verum
236 1999 276 2062 sit
292 1996 369 2061 iilud
385 1995 472 2084 quod
488 1995 609 2062 dictum
626 2007 686 2071 cst,
709 1997 782 2084 quia
802 2022 815 2056 ι
831 1996 893 2075 Qui
911 1996 1086 2073 descendit,

67 2111 163 2198 »ipse
182 2121 229 2172 est
244 2120 276 2171 et
294 2107 346 2195 qui
362 2104 535 2171 ascendit³.
550 2134 562 2167 a
579 2105 678 2193 igitur
692 2106 724 2170 in
740 2106 944 2194 quadraginta
965 2107 1088 2173 duahus

68 2217 284 2284 mansionibus
300 2216 485 2303 perveniunt
505 2214 562 2280 filii
583 2215 692 2290 lsrael,
715 2238 812 2302 usqua
833 2215 874 2279 ad
897 2215 1088 2304 principium

69 2323 230 2414 capienda
251 2322 446 2390 haereditatis.
470 2323 663 2412 Principium
682 2347 756 2388 vero
777 2323 936 2411 capiendae
954 2323 1089 2390 haeredi-

63 2435 140 2500 tatis
159 2431 231 2510 suit,
254 2433 306 2498 uhi
322 2433 449 2508 Ruhen,
468 2445 502 2497 et
516 2432 599 2508 Gad,
615 2445 648 2498 et
666 2432 794 2498 dimidia
818 2433 918 2497 trihus
934 2431 1087 2508 Manasae.

59 2544 225 2634 accipiunt
241 2539 501 2608 terram'Gaiaad.
522 2541 653 2606 Constat
666 2542 772 2629 itaque
788 2563 940 2606 numerus
960 2542 1089 2608 descen·

57 2654 158 2722 sionis
181 2652 310 2726 Christi,
327 2673 385 2740 per
405 2650 608 2738 quadraginta
635 2661 667 2715 et
690 2650 769 2715 duos
788 2663 892 2738 patres
914 2651 1089 2716 secundum

57 2785 207 2839 carnem,
223 2760 309 2828 velut
321 2783 379 2850 per
393 2759 599 2849 quadraginta
616 2760 692 2825 duas
704 2761 881 2826 mansiones
897 2759 1090 2826 descendens

54 2899 165 2966 usque
180 2875 222 2938 ad
242 2895 315 2946 nos;
334 2883 366 2935 et
380 2893 437 2958 per
449 2870 579 2936 totidem
597 2868 774 2934 mansiones
790 2891 937 2934 ascensus
952 2868 1091 2934 filiorum

53 2984 172 3060 isra'e'l,
191 3004 293 3070 usquo
305 2981 345 3047 ad
354 2979 546 3046 haereditetis
561 2979 721 3067 promissae
733 2979 934 3068 principium.
953 2979 1090 3057 Quodsi

51 3095 244 3163 intellexisti
260 3103 413 3180 quantum
430 3090 619 3158 sacramenti
636 3113 785 3156 numerus
804 3090 861 3154 iste
877 3089 1089 3155 descensionis

49 3205 320 3291 ascensionisque
341 3203 514 3276 contineat,
533 3201 603 3266 voni
620 3201 686 3288 jam
706 3213 738 3265 et
761 3199 948 3287 incipiamus
971 3223 1028 3287 per
1052 3222 1087 3263 ea

48 3337 132 3403 quae
150 3314 317 3379 deseendit
332 3312 475 3378 Christus
490 3311 673 3384 ascendere,
696 3322 728 3374 ct
746 3309 881 3397 primam
893 3310 1089 3373 mansionem

45 3429 158 3492 istam
175 3423 278 3488 facero
293 3445 389 3510 quam
404 3421 456 3488 iile
470 3422 671 3487 novissimam
682 3419 769 3498 iecit,
783 3409 916 3492 scilicet}
927 3419 981 3506 qui
997 3430 1090 3482 natus
1194 3421 1198 3430 ’

41 3561 91 3603 ex
113 3533 242 3622 virgine
261 3547 327 3600 ast:
347 3545 378 3599 et
394 3533 462 3599 haec
483 3533 521 3597 sit
542 3534 642 3624 prima
659 3531 749 3599 nohis
764 3529 886 3596 mansio
897 3528 937 3592 de
952 3526 1090 3616 AEgypto

36 3647 143 3714 exire
162 3643 363 3719 volentibus,
379 3644 412 3708 in
428 3667 490 3731 qua
504 3642 614 3708 relicto
630 3640 787 3707 idolorum
809 3638 910 3715 cultu,
926 3639 1090 3704 etdaemo-

37 3757 204 3830 niorum,
221 3778 286 3823 non
302 3755 447 3829 deorum,
461 3752 673 3826 veneratione,
691 3749 851 3816 oredimus
864 3747 1027 3812 Christum
1038 3769 1091 3811 na·

75 3886 86 3919 ¹
100 3886 206 3934 Marah.
220 3903 238 3942 r,
252 3901 288 3946 ¹7·
301 3882 350 3921 -2
362 3883 437 3932 Naum.
450 3900 536 3940 xxxiii,
551 3899 570 3930 ι.
583 3909 612 3918 -
624 3880 633 3914 ³
646 3879 736 3943 Ephes.
750 3895 783 3934 iv,
800 3895 835 3926 ro.

898 3963 957 4026 55.
