2682 4594
198 274 259 336 aaa
644 291 786 334 ostentus

193 419 338 507 »aperire
353 415 488 490 librum,
505 427 537 479 et
552 413 673 482 solvere
692 411 852 502 signacula
871 413 964 500 ejusl
975 414 1016 479 Et
1031 435 1126 479 nemo
1144 427 1227 501 pote·

192 533 261 588 arat
275 523 307 586 in
321 518 418 596 coelo,
436 541 538 606 neque
554 519 586 584 in
602 530 687 583 terra
699 541 831 605 ,sueque
848 517 959 582 subter
977 530 1095 584 terram
1111 522 1228 606 aperire

190 627 347 702 alibrum,
362 631 467 712 neque
479 625 618 712 aspicere
630 623 731 694 illum.
759 626 799 690 Et
817 623 953 699 flebam,
972 625 1122 713 quoniam
1138 649 1228 690 nemo

191 739 324 825 »dignus
339 737 484 802 inventus
503 743 551 800 ost
563 733 684 825 aperire
701 731 840 808 librum,
856 755 960 820 neque
973 734 1112 822 aspicere
1128 730 1225 798 illum.

191 847 252 909 »Et
270 867 351 908 uuus
372 844 411 908 de
433 841 617 907 Senioribus
634 839 712 904 dixit
727 840 825 905 mibi:
847 837 916 906 Noli
942 839 1042 905 llere:
1060 863 1137 905 ecce
1159 840 1230 906 vicit

193 951 263 1016 aleo
278 952 318 1016 de
334 951 419 1014 tribu
437 949 457 1015 J
460 947 540 1023 uda,
553 947 642 1012 radix
651 947 770 1022 David,
785 947 906 1036 aperire
917 944 1034 1012 librum
1046 998 1056 1023 ,
1069 959 1102 1011 et
1110 960 1229 1035 septem

126 1114 134 1126 ,
193 1055 373 1146 »signacula
396 1057 465 1144 ejus
481 1054 529 1120 ¹.»
552 1054 600 1119 De
621 1051 686 1119 sola
709 1077 781 1119 vero
799 1054 1018 1142 obsignatione
1034 1055 1077 1119 ita
1092 1053 1232 1140 loquitur

192 1165 308 1230 lsaias:
334 1165 396 1228 «Et
410 1175 504 1228 erunt
525 1162 613 1227 vobis
630 1161 726 1226 verba
743 1161 810 1226 haec
826 1162 951 1236 omnia,
968 1162 1051 1227 sicut
1069 1184 1231 1227 sermones

194 1271 288 1337 »libri
304 1255 399 1359 hujus
412 1269 585 1357 obsignati,
600 1290 698 1356 qrsem
709 1268 735 1332 si
749 1268 896 1334 dederint
910 1269 1031 1334 homini
1047 1270 1162 1334 scienti
1176 1269 1230 1334 lit-

192 1390 315 1454 steras,
342 1377 501 1442 dicentes:
519 1375 602 1463 Lege
619 1375 695 1449 ista,
713 1375 963 1463 etrespondebit
981 1399 988 1440 ε
1010 1375 1079 1442 Non
1101 1399 1232 1465 possum

193 1483 341 1574 »legeret
370 1495 418 1550 est
447 1483 532 1548 enim
561 1481 754 1570 obsignatus.
791 1484 833 1548 Et
859 1481 986 1550 dabitur
1015 1482 1096 1548 liber
1122 1484 1179 1552 bic
1201 1486 1233 1552 iu

193 1611 325 1654 »manus
339 1586 478 1652 hominis
493 1586 662 1651 nescientis
677 1582 814 1656 litteras:
833 1597 865 1650 et
886 1587 994 1652 dicet:
1015 1586 1129 1653 Nescio
1146 1586 1234 1654 litte-

193 1694 294 1760 »ras².
305 1722 318 1755 s
331 1695 407 1759 Haec
418 1694 504 1760 enim
516 1716 580 1758 non
595 1692 635 1758 ad
647 1687 874 1782 Apocalypsim
891 1692 994 1760 solum
1006 1693 1140 1760 Joannis
1153 1744 1162 1771 ,
1178 1709 1233 1761 aut

190 1803 278 1869 lsaiae
302 1801 447 1867 vaticinia
469 1801 627 1888 pertinere
655 1799 832 1888 putandum
852 1811 924 1875 est;
951 1802 1006 1866 sed
1025 1803 1065 1868 de
1087 1804 1231 1870 universa

190 1910 354 1996 Scriptura
370 1929 459 1974 saera
479 1906 603 1994 penitus
623 1906 805 1993 accipienda
823 1917 917 1983 sunt,
932 1932 1033 1996 quam
1054 1934 1132 1976 sane
1148 1912 1229 1999 apud

75 2041 78 2048 ·
191 2015 261 2082 ibes
275 2015 309 2080 in
323 2014 470 2081 cocleam
481 2026 549 2088 est,
566 2015 620 2102 qui
633 2013 810 2082 divinatum
821 2013 999 2085 litterarum
1012 2018 1155 2085 notitiam
1163 2043 1223 2084 me-

192 2123 343 2189 diocriter
353 2122 487 2188 assecuti
503 2133 578 2186 sunt
587 2122 819 2208 aenigmatum
831 2121 1022 2200 involucris.
1042 2149 1082 2191 ac
1094 2125 1221 2213 parabo-

121 2245 127 2256 ·
191 2231 250 2308 lis,
267 2230 504 2316 tenebrosisque
515 2228 734 2303 sermonibus,
749 2251 788 2296 ac
803 2230 933 2297 diversis
946 2229 1013 2298 aliis
1030 2233 1231 2300 obscuritatis

193 2336 361 2425 pedoribus
372 2384 382 2410 ‚
395 2357 467 2422 quae
480 2332 618 2400 bominis
628 2333 754 2420 ingenio
764 2332 891 2422 difficile
899 2337 1233 2424 comprehenduntur,

194 2444 348 2533 repletam
363 2463 441 2508 esse.
463 2440 560 2522 Quod
574 2452 607 2506 at
621 2439 764 2508 Salvator
780 2443 947 2510 ostendere
966 2443 1093 2522 volens,
1108 2445 1236 2514 clavem

192 2554 274 2641 apud
288 2551 434 2626 Scribas,
450 2561 482 2622 et
495 2549 670 2615 Pharisaeos
685 2570 754 2616 esse
772 2549 866 2627 dislt,
884 2533 940 2638 qui
951 2564 987 2619 ut
1003 2553 1084 2621 riam
1101 2554 1143 2620 ad
1155 2579 1236 2644 ape-

192 2657 340 2723 riendum
353 2653 549 2728 invenirent,
562 2652 691 2720 minime
705 2655 950 2732 contenderent,
968 2657 1047 2728 «Vae
1060 2659 1168 2724 vobis!
1186 2661 1240 2725 ia·

193 2766 294 2852 aquit,
312 2761 528 2851 Legispcritisa
547 2759 698 2848 quoniam
710 2759 829 2834 tulistis
853 2761 975 2832 clavem
990 2767 1154 2844 scientiae,
1177 2792 1239 2834 na-

192 2896 274 2961 »que
288 2872 347 2960 ipsi
357 2869 515 2944 intrastis,
527 2880 559 2933 at
571 2869 724 2937 intrantes
737 2891 803 2939 non
816 2873 996 2960 permittitis
1015 2873 1140 2963 ingredi
1150 2875 1177 2942 ⁸.
1194 2908 1209 2938 a

196 3009 198 3012 ·
232 2979 336 3044 Heca
351 2975 447 3042 nobis
456 2971 541 3040 velut
553 2971 705 3060 prociundi
720 2974 819 3061 gratia
834 2977 995 3063 proposita
1010 2990 1104 3056 sunt,
1124 2981 1183 3066 qui
1204 2983 1240 3046 in

192 3086 367 3152 mammam
383 3093 568 3156 certamen,
584 3079 733 3167 quodque
752 3081 834 3148 vires
852 3096 975 3160 nosbas
991 3107 1029 3154 ac
1046 3085 1242 3154 facultatem

194 3193 258 3260 ffire
271 3191 334 3258 ulla
349 3189 547 3266 dubitatione
567 3199 712 3276 superat,
731 3189 771 3265 ab
785 3189 906 3278 ingenti
924 3204 999 3270 tuo,
1019 3193 1172 3260 Ambrosi
1192 3197 1246 3262 vir

198 3301 408 3373 accusatae,
425 3319 498 3386 erga
520 3295 640 3364 litteras
659 3297 765 3365 studio
782 3299 933 3369 concitati
947 3300 1084 3380 fuimus,
1099 3315 1134 3368 et
1150 3317 1191 3370 ut
1206 3305 1244 3370 in

191 3406 270 3474 illud
293 3405 556 3473 descenderemus
574 3404 769 3470 humanitate
791 3415 845 3471 tua
861 3429 899 3472 ac
914 3411 1134 3477 moderatione
1158 3437 1245 3502 per-

191 3514 282 3606 pulsi.
309 3511 575 3602 Quandoquidem
604 3511 657 3578 diu
686 3533 738 3576 mc
759 3525 923 3602 comperta
942 3517 1076 3608 periculi
1105 3521 1235 3610 magui.

191 3623 302 3692 tudine
325 3630 545 3713 recusantem,
568 3642 631 3684 nou
656 3619 752 3684 ruodo
772 3619 932 3708 disputare
954 3624 993 3690 de
1021 3627 1118 3692 sacris
1148 3625 1249 3692 litte-

86 3749 100 3764 ’·
192 3732 251 3806 ris3
277 3728 333 3794 sed
355 3737 386 3790 et
409 3721 510 3789 unalto
529 3726 639 3812 mag-is.
652 3726 792 3792 scribere
814 3751 853 3795 ac
875 3735 1008 3819 posteris
1032 3733 1246 3822 relinquere,

228 3879 329 3952 lapan,
342 3894 370 3934 v,
388 3891 396 3922 r
413 3881 496 3935 etseq.
519 3869 625 3922 —-²lsai.
639 3890 719 3936 xtrx,
737 3891 775 3936 tr,
796 3865 873 3926 12.ss
886 3877 895 3910 ⁸
909 3883 965 3930 Luc.
979 3897 1021 3943 xr,
1037 3880 1077 3932 52.
