2660 4610
191 280 257 358 448
643 295 786 355 curopurs
855 367 859 374 ,

190 421 324 486 cendam
340 419 541 506 semetipsam
551 409 655 482 anima
671 417 812 503 requirat
824 415 849 480 si
861 415 960 480 uirtus
972 417 1088 482 animae
1100 417 1169 504 eius
1182 435 1237 485 ac—

188 527 303 594 cedere
318 537 422 614 potest
443 535 476 590 ot
496 524 660 598 decedere,
687 521 737 588 An
758 535 806 588 est
823 523 1050 601 immutabilis,
1067 547 1110 589 an
1125 527 1237 611 acqui-

189 636 247 702 sita
264 633 361 699 semel
378 633 459 699 ultra
477 654 541 696 non
559 627 679 698 delluit.

239 740 280 804 Et
292 740 369 829 quid
379 762 458 827 opus
471 751 518 804 est
529 737 619 827 plura
630 759 898 813 commemorare,
908 739 1074 824 quibusex
1085 739 1190 804 causis
1198 763 1239 804 se

166 923 169 934 Ι
190 847 360 937 metipsam
375 858 547 936 cognoscat
564 847 686 919 anima,
705 867 746 910 no
768 845 849 910 sorte
864 846 889 910 si
909 844 1088 935 neglexerit
1102 847 1239 934 perlecta

193 957 396 1044 semetipsam
409 975 616 1043 cognoscere,
629 953 715 1018 exire
730 952 879 1041 jubeatur
889 955 923 1019 in
937 954 1080 1042 vestigiis
1092 977 1237 1043 gregum

189 1076 222 1128 et
234 1085 364 1152 pascere
375 1062 501 1140 haedos,
515 1073 547 1126 et
558 1061 621 1128 boc
635 1083 700 1127 non
712 1062 744 1126 in
753 1062 882 1149 proprio
892 1062 1131 1138 tabernaculo,
1144 1063 1199 1128 sed
1211 1064 1238 1130 in
1322 1055 1323 1084 ³

189 1169 403 1237 tabernaculis
416 1181 580 1259 pastorum
593 1191 601 1234 t
615 1191 688 1234 cum
701 1180 815 1257 praesto
828 1170 867 1233 sit
879 1168 997 1234 volenti
1009 1170 1084 1236 baec
1096 1171 1238 1258 persequi

189 1277 377 1367 largissimas
395 1278 577 1344 occasiones
590 1299 629 1342 ex
650 1276 700 1342 his
718 1297 789 1365 quac
810 1299 904 1364 supra
920 1278 1178 1344 memoravimus
1194 1303 1238 1343 su·

189 1410 277 1453 mere
287 1436 296 1463 ,
305 1387 337 1452 in
350 1388 465 1474 quibus
473 1409 541 1451 seso
549 1407 698 1450 exercere
705 1385 738 1450 in
747 1407 893 1450 sermone
900 1385 1046 1452 scientiae
1054 1409 1117 1474 pro
1126 1388 1236 1453 viribus

189 1495 311 1583 possit?
322 1495 478 1586 Dicentur
489 1517 563 1557 vero
575 1492 644 1564 baec
657 1494 781 1557 averbo
789 1493 846 1558 Dei
857 1495 954 1560 etiam
968 1494 1165 1561 adanimam
1175 1519 1236 1582 qua

189 1602 222 1667 in
240 1603 434 1691 profectibus
452 1600 579 1688 quidem
598 1601 699 1688 posita
714 1612 779 1676 est,
799 1599 943 1666 nondum
959 1612 1075 1666 tamen
1093 1601 1136 1666 ad
1158 1625 1233 1667 sum-

189 1731 275 1776 mam
283 1708 485 1798 perfectionis
494 1709 644 1774 ascendit.
657 1709 737 1788 Quae
744 1731 803 1796 pro
814 1731 853 1772 eo
865 1708 998 1796 quidem
1011 1709 1108 1797 quod
1118 1709 1231 1798 prolicit

192 1815 327 1905 pulchra
345 1817 461 1882 dicitur
477 1839 485 1880 t
499 1827 534 1880 ut
549 1828 655 1880 autem
671 1815 835 1905 pervenire
850 1816 949 1904 possit
960 1827 997 1881 et
1012 1818 1060 1883 ad
1076 1818 1226 1905 perfectio-

189 1945 284 1998 nem,
301 1922 356 1989 liat
377 1923 503 1988 adeam
525 1923 733 1988 comminatio
755 1923 931 1988 necessaria
954 1947 962 1986 a
987 1925 1152 2010 quodnisi
1170 1947 1218 2012 per

189 2023 257 2095 ista
265 2027 385 2118 singula
405 2053 476 2117 quae
492 2052 587 2117 supra
605 2029 741 2094 dirimas
761 2031 962 2118 semetipsam
983 2033 1218 2119 cognominet

189 2135 355 2225 vigilanter
368 2137 546 2226 exercuerit
558 2137 590 2200 in
604 2136 700 2201 verbo
712 2136 771 2202 Dei
786 2148 818 2200 et
832 2138 915 2224 Lege
927 2138 1063 2214 divina,
1080 2141 1226 2227 continget

188 2244 218 2308 ei
233 2244 274 2309 de
288 2242 336 2309 his
352 2242 482 2332 singulis
501 2243 665 2331 opiniones
687 2241 835 2330 colligere
856 2243 1083 2323 diversorum,
1101 2257 1134 2310 et
1152 2246 1225 2333 sequi
1239 2241 1244 2251 “

188 2347 334 2418 homines
353 2349 431 2416 nihil
456 2350 639 2438 egregium,
662 2349 741 2415 nibil
763 2373 802 2414 ex
820 2349 939 2436 Spiritu
963 2365 1082 2418 sancto
1101 2352 1231 2418 locutos.

189 2459 260 2524 Hoc
278 2469 326 2522 est
346 2458 431 2522 enim
455 2457 540 2522 exire
563 2456 596 2520 in
611 2457 748 2544 vestigiis
771 2477 922 2545 gregum,
939 2469 1109 2524 eteorum
1125 2459 1236 2525 doctri·

189 2587 265 2630 nam
281 2565 395 2629 sectari
411 2614 420 2640 ,
439 2563 494 2652 qni
510 2575 542 2628 et
561 2563 620 2651 ipsi
642 2565 874 2651 permanserint
891 2578 1101 2652 peccatores,
1117 2579 1151 2632 et
1167 2566 1236 2632 nul·

189 2669 256 2737 lum
272 2672 481 2760 peccantibus
503 2671 679 2736 remedium
695 2671 861 2760 providere
875 2674 1053 2760 potuerint.
1077 2675 1171 2755 Quos
1185 2676 1238 2764 qui

189 2781 342 2867 sequitur,
364 2779 471 2844 baedcs
492 2779 601 2866 utique
619 2779 673 2865 qui
696 2790 901 2866 peccatorum
925 2781 1087 2846 indicium
1102 2793 1240 2859 tenent,

188 2885 349 2952 videbitur
371 2907 521 2974 pascere,
540 2886 732 2952 circumiens
755 2885 959 2952 tabernacula
981 2902 1173 2977 pastorum,
1190 2891 1242 2956 di—

151 2975 157 2982 ’
190 3012 293 3058 versas
310 2988 429 3058 seilicet
452 3004 554 3060 sectas
569 2989 842 3081 pbilosophorum.
866 2993 993 3060 lntuere
1012 3019 1093 3086 ergo
1112 2996 1242 3086 plenius

188 3122 285 3188 quam
300 3097 440 3165 terribile
456 3110 504 3164 est
521 3099 608 3188 quod
622 3100 754 3165 subhac
771 3099 979 3166 adumbratur
993 3102 1110 3192 figura.
1131 3131 1146 3164 ι
1161 3107 1242 3179 Exi,

190 3207 330 3292 »iuquit,
347 3207 429 3271 tuin
446 3205 581 3294 vestigiis
600 3228 732 3294 gregum
746 3205 769 3270 ¹.
793 3208 917 3288 ›Quasi
938 3209 979 3272 ad
1000 3231 1075 3276 eam
1094 3210 1244 3301 loquitur

188 3337 259 3402 qrrae
276 3313 361 3378 intus
376 3315 441 3401 jam
461 3314 501 3378 sit
520 3313 643 3387 anima,
661 3324 694 3377 et
712 3313 793 3379 intra
808 3314 1133 3410 mysteria-collocata
1154 3343 1164 3383 :
1182 3344 1244 3408 pro

188 3443 228 3486 eo
240 3433 348 3486 tamen
361 3421 446 3508 quod
458 3419 593 3510 negligat
604 3421 804 3509 semetipsam
817 3443 1010 3510 cognoscere
1025 3437 1059 3490 et
1070 3429 1245 3514 requirere

189 3528 335 3617 quaesit,
358 3527 501 3615 etquid,
518 3525 568 3592 vel
590 3523 751 3614 quomodo
767 3551 859 3617 agere
882 3529 1015 3606 debeat,
1032 3533 1154 3619 quidue
1175 3557 1244 3602 non

187 3657 302 3724 agere,
320 3633 436 3701 dicitnr
450 3636 497 3709 ei,
515 3633 582 3698 Est
596 3647 628 3700 tu
646 3659 655 3700 ε
673 3636 761 3723 quasi
776 3659 845 3723 quae
861 3636 902 3701 ob
918 3637 1002 3703 banc
1017 3638 1151 3705 desidiae
1167 3641 1243 3707 cul-

189 3741 353 3830 pamforas
366 3743 511 3809 mittatur
520 3743 558 3808 ab
568 3765 607 3808 oo
623 3743 677 3831 qui
692 3755 814 3832 praeest.
828 3743 880 3811 Sic
896 3744 1008 3832 ingens
1021 3747 1136 3814 animae
1150 3751 1242 3838 peri-

202 3859 388 3940 'roncas
