2744 4624
363 338 396 380 rx
419 337 554 381 oxussru
576 335 704 380 sauram
729 335 796 379 sur.
1053 307 1094 372 55

61 453 101 521 Ut
118 453 346 520 recordaretur
367 453 529 519 Abraham
550 453 624 540 quia
643 453 765 518 dixeras
784 452 916 516 adeum
934 447 1044 536 «quod
1062 447 1095 513 ia

59 595 71 626 ι
87 564 174 629 isaac
191 562 361 628 vocabitur
375 561 432 626 tibi
448 560 589 634 semem,
607 561 764 649 »etquod
781 561 812 624 in
830 560 1024 624 isaacorunt
1040 556 1096 621 tibi

61 672 330 761 repromissiones.
350 671 403 736 Fit
418 683 451 736 et
466 670 726 736 commemoratio
742 667 895 742 nominis,
914 680 949 732 ut
969 678 1001 732 et
1023 668 1106 755 pro!

62 783 248 848 missionum
276 803 347 868 quae
374 781 434 845 suh
457 779 520 845 hoc
544 779 674 846 nomine
696 779 786 844 sactae
807 789 893 853 sunt,
916 776 1096 864 desperatio

68 890 210 956 subeat².
229 889 293 954 Sed
310 888 381 954 haec
395 887 516 961 omnia,
533 889 606 975 quia
622 889 765 954 tentabat
779 888 864 952 Deus
879 885 1069 954 Abraham.

112 999 166 1065 iii.
182 999 268 1078 Quid
281 1010 352 1087 post
366 995 592 1071 haeci'rVade,
608 999 733 1082 inquit,
749 996 911 1062 interram
925 991 1096 1070 excelsam,

67 1107 128 1172 »iu
146 1130 245 1172 unum
268 1130 308 1171 ex
328 1106 493 1172 montibus
514 1127 610 1191 quem
631 1105 689 1170 tihi
711 1105 893 1181 ostendero,
908 1117 942 1170 et
963 1105 1099 1170 ibicum

63 1215 207 1281 »offeres
228 1212 483 1280 holocaustnm⁴.
502 1241 515 1275 ι
532 1213 703 1280 Intuemini
718 1238 776 1302 per
799 1213 920 1304 singula
936 1213 1097 1304 quomodo

65 1325 148 1391 liunt
165 1323 347 1390 tentationis
368 1335 547 1410 augmenta.
571 1321 688 1388 «Vade
703 1322 735 1388 in
751 1335 868 1388 terram
889 1321 1057 1388 excelsam.
1075 1351 1089 1384 ι

66 1434 236 1519 Numquid
256 1455 322 1498 non
341 1445 484 1519 potuerat
508 1433 582 1498 duci
604 1433 693 1520 prius
716 1434 878 1499 Abraham
899 1457 975 1499 cum
996 1455 1097 1521 puero

72 1545 114 1608 ad
138 1540 228 1606 illam
250 1554 365 1606 terram
389 1541 555 1618 excelsam,
577 1555 610 1608 et
640 1543 759 1630 imponi
784 1543 872 1631 prius
897 1545 930 1608 in
957 1555 1099 1610 montem

69 1672 307 1738 quemcumque
323 1647 478 1738 delegerat
492 1651 661 1726 Dominus,
678 1663 710 1718 ct
726 1652 767 1718 ibi
784 1652 824 1718 ad
839 1674 912 1718 cum
926 1652 988 1718 dici
1006 1665 1039 1718 ut
1052 1652 1100 1717 os-

60 1743 163 1825 'serret
177 1757 304 1824 tilium?
322 1757 387 1824 Sed
408 1760 496 1847 prius
511 1759 540 1824 ei
564 1757 682 1825 dicitur
699 1759 771 1845 quia
792 1759 907 1826 offerre
923 1760 1038 1824 debeat
1059 1759 1100 1824 sr-

63 1869 142 1934 lium
157 1891 267 1943 suum,
284 1878 316 1932 et
330 1877 408 1932 tnnc
423 1868 554 1954 jubetur
569 1868 614 1934 ire
629 1867 663 1932 in
679 1880 798 1932 terram
816 1866 985 1942 excelsam,
1002 1880 1034 1934 ct
1049 1892 1100 1934 as-

64 1979 202 2046 cendere
225 1978 258 2042 in
279 1989 434 2042 montem.
458 1977 531 2056 Quo
552 1976 615 2043 hac
635 1977 781 2066 spectati
797 1977 838 2042 Ut
853 1978 930 2043 dum
945 1975 1100 2054 ambulat,

67 2088 145 2154 dum
161 2088 222 2152 iter
236 2087 314 2176 agit,
329 2109 388 2174 per
410 2097 511 2150 totam
530 2087 613 2152 viam
629 2087 873 2174 cogitationibus
888 2087 1099 2175 discerpatur,

69 2209 105 2262 ut
118 2196 194 2262 binc
205 2206 396 2283 perurgente
406 2203 581 2282 praecepto,
593 2194 669 2260 hinc
681 2217 756 2260 vero
768 2196 852 2262 unici
864 2196 981 2262 ail'ectu
994 2195 1103 2262 obluc-

75 2315 163 2369 tante
178 2305 346 2369 crucietur.
358 2305 530 2391 Propterea
543 2327 618 2392 ergo
629 2305 726 2370 etiam
739 2306 786 2372 via
803 2306 991 2395 injungitur,
1006 2307 1103 2372 etiam

75 2412 194 2478 montis
208 2413 357 2489 ascensio,
375 2426 410 2479 ut
425 2414 458 2478 in
473 2412 522 2478 his
538 2413 686 2478 omnibus
703 2416 840 2504 spatium
855 2417 1035 2480 certaminis
1051 2439 1101 2481 ac-

74 2521 167 2609 cipiat
183 2521 314 2589 affectus
329 2535 360 2588 at
382 2523 475 2598 fides,
491 2545 583 2588 amor
596 2522 653 2588 Dei
675 2533 707 2588 ct
724 2547 813 2588 amor
828 2524 944 2598 carnis.
962 2547 1102 2612 pressen-

68 2633 149 2696 tium
167 2632 268 2720 gratia
282 2643 315 2695 et
329 2632 507 2720 expectatio
522 2617 713 2696 futurortim.
735 2631 873 2697 Mittitur
887 2655 963 2720 ergo
982 2633 1015 2698 in
1034 2645 1098 2698 ter-

67 2764 138 2808 ram
168 2738 339 2818 excelsam,
367 2754 399 2807 et
424 2765 490 2828 non
514 2741 631 2806 sufficit
654 2742 845 2808 Patriarchae
872 2756 997 2810 tantum
1023 2767 1103 2832 opus

67 2852 208 2918 Domino
226 2861 396 2939 peracturo
417 2863 501 2916 terra
522 2850 659 2926 excelsa,
681 2852 737 2917 sed
759 2864 792 2918 et
814 2865 955 2920 montem
974 2855 1104 2941 jubetur

70 2963 257 3034 ascendere,
275 2959 396 3028 scilieet
410 2973 444 3026 ut
458 2960 521 3027 fide
537 2959 638 3026 elatus
653 2972 780 3026 terrena
797 2959 1007 3048 derelinquat,
1019 2965 1104 3030 etad

69 3093 210 3159 superna
225 3071 429 3136 conscendat.

112 3179 169 3248 IV.
195 3180 373 3246 «Surrexit
393 3203 469 3269 ergo
491 3181 652 3250 Abraham
674 3203 779 3256 mane,
800 3193 832 3246 et
852 3184 961 3250 stravit
985 3183 1104 3252 aduam

70 3314 205 3366 uuam,
231 3302 266 3356 et
290 3289 431 3356 concidit
451 3288 535 3378 ligna
559 3290 600 3356 ad
621 3289 852 3356 holocaustum.
872 3293 912 3356 Et
927 3293 1051 3381 accepit
1064 3293 1104 3358 ii·

76 3398 175 3464 stium
191 3423 286 3464 suum
301 3399 403 3474 isaac,
418 3409 451 3464 et
466 3398 546 3462 duos
567 3421 695 3485 pueros,
716 3409 748 3464 et
768 3401 912 3487 pervenit
932 3403 972 3466 ed
996 3400 1104 3468 locum

76 3529 199 3594 »quem
217 3509 341 3574 dixerat
363 3509 392 3572 ei
412 3509 498 3576 Deus
521 3507 570 3572 die
593 3507 684 3572 tertie
701 3507 722 3570 ⁶.
744 3507 918 3574 »Surrexit
941 3509 1103 3578 Abraham

74 3637 181 3680 mane.
196 3617 289 3696 Quod
304 3615 428 3682 addidit
442 3597 737 3690 mane,'osteadere
757 3614 890 3682 sortasse
912 3615 1011 3683 voluit
1030 3619 1102 3706 qaia

109 3770 188 3821 ¹Gen.
201 3793 253 3835 xxx,
266 3775 360 3824 ιι.-1
374 3777 490 3837 Rom.rx,
502 3795 525 3841 7.
540 3777 617 3826 Heba.
635 3791 671 3833 ιι,
684 3775 721 3823 rs.
732 3775 781 3813 -ι
795 3773 877 3826 Galat.
892 3795 931 3836 ιιι,
945 3753 1109 3840 aeritimi
1203 3767 1206 3771 ¹

75 3863 133 3906 xxrr,
147 3867 168 3897 a.
180 3877 212 3888 —
222 3852 231 3882 ⁵
243 3853 313 3902 ibid.
323 3853 348 3900 5.
1047 3864 1052 3872 “
1069 3855 1072 3862 ’

166 3958 206 4000 rx.
907 3931 1014 4001 2³3&
