2632 4600
352 293 383 334 m
409 291 551 334 raanuou
572 291 691 336 xxxrm
716 291 789 337 nou.
816 295 836 336 1.
888 301 897 318 ,
1054 295 1121 360 app

74 419 233 493 turbatur,
240 416 300 482 sed
315 439 381 480 uon
395 439 436 482 eo
449 439 569 504 usqne,
587 429 661 482 utet
675 439 854 484 sermonem
872 415 1010 506 punierat
1019 421 1119 486 corde

74 531 221 602 turbato,
245 549 355 590 verum
370 524 563 590 concalescit
579 527 707 613 quidem
725 528 756 591 in
772 527 975 594 interioribus
987 531 1050 594 suis
1068 531 1117 593 rei

74 637 258 725 indignitate
275 646 438 723 permotus
450 683 458 708 ,
472 635 527 699 sed
539 634 652 700 caloris
664 636 711 702 sui
721 634 871 701 ,flammas
883 657 940 724 per
955 635 1116 704 silentium

77 743 235 832 decoquit.
996 753 1000 761 '

120 856 188 922 Vll.
214 854 385 921 Videamus
406 855 502 920 etiam
523 853 622 920 alium
644 877 824 920 sermonem
848 856 943 942 justi,
969 877 1064 943 quem
1085 869 1118 922 et

77 985 202 1028 summo
222 963 329 1027 studio
345 963 500 1026 debemus
514 961 665 1028 aemulari.
679 991 692 1023 ι
706 965 745 1028 Et
765 964 796 1028 in
819 963 1026 1030 meditatione
1048 987 1118 1030 mea

75 1073 279 1138 »exardescet
304 1072 394 1160 ignis.
422 1073 491 1136 »Et
522 1093 581 1159 ego
609 1071 748 1138 meditor
769 1071 894 1159 eloquin
916 1073 1060 1147 Domini,
1088 1086 1121 1138 et

78 1182 262 1268 frequenter
277 1181 309 1246 in
326 1181 400 1268 ipsis
414 1203 467 1245 me
481 1201 632 1254 exerceo,
649 1181 704 1244 sed
719 1181 826 1244 nescio
841 1181 865 1244 si
884 1179 955 1244 talis
972 1204 1064 1256 sum,
1082 1193 1118 1244 ut

78 1289 109 1353 iu
124 1289 330 1353 meditatione
343 1309 413 1352 meu
425 1309 464 1352 ex
480 1309 672 1374 unoquoque
689 1309 834 1384 sermone
846 1287 902 1352 Dei
920 1288 1000 1375 ignis
1011 1309 1108 1376 proce

82 1396 152 1469 dat,
170 1409 204 1459 et
222 1397 375 1462 accendat
392 1419 449 1461 cor
470 1419 597 1470 meum,
616 1407 649 1460 et
667 1395 842 1460 inflammet
862 1395 1000 1461 animam
1020 1395 1060 1461 nd
1081 1419 1118 1461 ea

82 1525 150 1588 qnae
157 1503 293 1568 meditor
303 1493 508 1570 observanda.
520 1505 559 1568 Et
571 1523 631 1591 ego
643 1525 729 1568 nunc
741 1502 856 1590 loquor
866 1525 1027 1568 sermones
1042 1503 1099 1568 Dei
1111 1553 1119 1579 ,

83 1610 136 1674 sod
156 1622 297 1698 optarem
319 1624 353 1674 ut
367 1612 470 1700 primo
488 1612 519 1674 in
540 1633 613 1674 meo
632 1611 751 1684 corde,
775 1609 916 1675 secundo
936 1634 1063 1698 quoque
1085 1612 1118 1676 in

84 1718 261 1783 auditorum
275 1719 435 1784 mentibus
450 1718 691 1786 exardescerent
707 1741 715 1783 a
732 1719 814 1784 sicut
828 1731 919 1784 eraut
934 1717 978 1783 ilii
994 1739 1120 1784 sermo-

80 1847 134 1890 nes
150 1849 228 1913 qnos
243 1825 432 1914 loquebatur
446 1827 558 1901 iesus,
575 1825 615 1892 de
631 1828 745 1914 quibus
764 1827 911 1892 dicebant
927 1825 971 1892 iili
992 1828 1046 1914 qui
1062 1851 1117 1893 aua

81 1934 206 1998 dierant
221 1957 228 1998 :
243 1959 255 1994 a
270 1935 382 2000 Nonne
398 1956 455 2000 cor
470 1946 613 1998 nostrum
630 1947 697 2000 erut
713 1935 825 2002 ardens
841 1936 873 1999 in
891 1936 982 2001 nobis
998 1959 1072 2001 cum
1089 1937 1121 2000 in

60 2042 149 2126 ³avia
174 2043 310 2130 aperiret
326 2041 418 2108 nobis
434 2042 632 2130 Scripturas¹
646 2043 660 2106 Ρ
675 2071 690 2102 s
706 2043 831 2109 Utinam
850 2055 883 2108 et
902 2057 988 2110 uun‘o
1005 2045 1122 2132 adape-

78 2149 233 2214 rientibus
260 2151 352 2214 nobis
369 2150 549 2238 Scripturas
567 2149 688 2214 divinas
707 2149 944 2215 concalesceret
969 2173 1027 2217 cor
1047 2163 1122 2217 nos*

80 2267 165 2321 trum
179 2258 262 2322 iutro
274 2269 394 2332 nos,et
405 2258 435 2322 in
445 2257 654 2322 meditatione
666 2269 772 2321 nostra
788 2258 1017 2323 accenderetur
1027 2261 1121 2347 ignis,

81 2375 114 2428 et
135 2365 367 2430 concitaremnr
385 2365 417 2430 in
438 2387 518 2454 opus
540 2387 651 2428 eorum
670 2387 739 2451 qnae
758 2365 904 2430 andimus
925 2377 957 2430 et
974 2365 1118 2453 legimus.

78 2469 170 2536 Teios
180 2472 316 2558 denique
331 2483 421 2537 erant
434 2484 466 2537 et
481 2473 628 2537 ieremias
643 2493 824 2547 sermones,
838 2473 1014 2537 seeundum
1031 2475 1119 2561 quod

76 2579 231 2666 scriptum
247 2591 312 2654 est,
327 2580 493 2645 eum-dicit
508 2581 548 2645 ad
564 2601 638 2644 enm
652 2579 806 2644 Dominus
822 2582 949 2646 :aEccc
967 2581 1039 2646 dedi
1053 2605 1123 2645 ser-

78 2709 213 2751 smones
226 2707 314 2751 meos
323 2699 497 2752 retrorsum
507 2688 538 2751 iu
552 2711 587 2752 os
599 2700 690 2752 tuum
700 2687 804 2775 ignem
814 2687 837 2752 ².
854 2689 984 2769 »Quare
996 2689 1125 2777 ignem?

82 2795 167 2877 Quia
185 2815 347 2860 sermones
364 2817 443 2884 quos
459 2795 648 2884 loquebatur
664 2797 882 2862 accendebant
898 2799 1076 2874 auditores,
1093 2809 1126 2864 et

77 2902 161 2969 nibil
177 2902 321 2991 tepidum
337 2903 429 2968 ineis
446 2926 548 2992 neque
564 2903 711 2992 frigidum
728 2906 956 2992 permanebat:
971 2906 1025 2969 sed
1042 2906 1123 2970 sicut

75 3013 158 3101 ignis
173 3013 388 3077 consumit'ac
404 3013 555 3076 interimit
571 3035 701 3076 omnem
716 3012 880 3077 materiam
894 3063 902 3087 ,
916 3035 975 3078 nee
987 3014 1124 3078 immun-

76 3122 155 3188 dum
172 3119 290 3207 aliquid
306 3120 339 3186 in
357 3143 390 3184 se
410 3121 540 3208 recipit,
558 3133 612 3185 aut
631 3119 788 3209 poliutum
805 3143 813 3185 :
831 3122 873 3186 ita
889 3133 921 3186 et
937 3121 970 3186 hi
985 3143 1122 3209 quonum

77 3229 244 3302 eor.dirini
261 3228 348 3293 verbi
365 3228 445 3316 iguis
456 3221 656 3304 accenderit,
674 3253 739 3294 non
752 3231 913 3316 patientur
929 3228 1009 3295 ultra
1027 3244 1123 3297 mnte-

76 3335 206 3402 riulibus
225 3348 257 3402 et
273 3337 444 3403 mundanis
465 3337 610 3400 sordibus
632 3336 747 3424 pollui,
770 3336 846 3401 nihii
864 3338 897 3402 in
922 3362 955 3402 se
975 3341 1117 3428 tepidum

76 3445 249 3533 recipient,
262 3458 295 3510 et
310 3446 396 3533 quod
411 3445 515 3510 evomi
531 3444 662 3533 dignum
678 3445 736 3520 sit,
749 3467 815 3510 nec
830 3447 990 3533 patientur
1005 3447 1117 3513 mniti-

74 3550 190 3641 plicata
208 3553 239 3616 in
260 3575 296 3616 se
313 3553 477 3640 iniquitate
495 3551 697 3640 refrigescere
713 3553 899 3619 charitatem
924 3579 933 3617 ε
955 3557 1122 3620 sederunt

73 3683 204 3750 semper
219 3659 380 3749 lampades
396 3683 507 3726 eorum
524 3683 684 3737 uccensae,
702 3674 734 3726 et
750 3661 887 3728 lucernae
904 3664 1074 3737 ardentes,
1091 3676 1123 3727 et

72 3773 133 3861 ipsi
158 3771 260 3860 puruti
282 3783 432 3858 tanquam
454 3771 533 3835 servi
556 3784 758 3860 expectantes
777 3773 949 3838 Dominum
969 3795 1060 3837 strum
1082 3774 1122 3837 dc

110 3923 193 3968 ¹an.
207 3933 285 3981 xxiv,
301 3917 342 3968 31.
354 3943 383 3953 ·-
401 3915 509 3968 ²Jerem.
523 3936 549 3980 v,
562 3925 600 3980 ¹4·
