2734 4594
231 177 292 242 116
667 195 820 240 1111111111

228 321 331 386 11111111
349 318 465 409 praelia.
482 319 564 386 Ante
583 320 669 385 enim
683 299 780 406 quam
799 318 882 385 bella
897 320 1072 397 discamus,
1092 334 1261 409 antequam

226 449 348 514 pugnas
370 426 630 513 Dominiparare
650 426 855 502 meditemur,
878 451 896 493 a
918 427 1115 516 principibus
1135 427 1260 516 Angelis

227 532 451 600 sublevamur:
468 533 638 620 autequam
653 533 742 622 punis
758 532 894 599 coelestis
909 557 1145 622 consequamur
1164 557 1260 600 anno-

224 661 299 706 nam
310 689 319 716 ‚
332 651 364 705 ct
375 640 527 706 carnibus
535 640 605 728 agui
616 637 811 705 immaculati
826 640 991 714 satiemur,
1003 652 1260 727 antequamrera

226 748 296 812 vitis
312 768 381 835 quae
393 746 534 812 ascendit
543 746 583 812 de
593 747 700 812 radice
708 746 809 812 David
820 747 972 834 sanguine
987 747 1199 822 inebriemur,
1212 747 1261 812 do

226 875 286 918 nec
300 851 421 940 parvuli
444 875 572 926 sumus,
592 861 625 915 et
647 849 729 920 lacte
752 849 879 927 alimur,
902 863 935 916 et
955 852 1120 916 initiorum
1147 850 1261 916 Christi

226 975 405 1024 sermonem
427 970 591 1034 tenemus,
612 970 764 1045 tanquam
782 958 904 1047 parvuli
928 962 988 1026 sub
1002 959 1261 1047 procuratoribus

225 1069 365 1156 agimus,
382 1078 414 1131 et
429 1067 589 1133 actoribus
598 1064 736 1154 Angelis.
757 1066 817 1132 Ubi
833 1089 907 1132 vero
919 1068 984 1154 jam
999 1065 1120 1132 militiae
1132 1065 1262 1132 caelestis

224 1186 420 1241 sacramenta
439 1175 649 1262 gustavimus,
670 1186 703 1238 et
721 1197 802 1262 pane
817 1175 888 1240 vitae
911 1173 1020 1240 relecti
1039 1197 1172 1249 sumus,
1195 1174 1262 1239 audi
1330 1205 1331 1242 1

224 1285 385 1372 quomodo
401 1306 457 1372 per
472 1283 675 1372 apostolicam
691 1285 801 1348 tubam
816 1285 1006 1348 suscitamur
1020 1284 1060 1349 ad
1075 1282 1198 1372 praelia.
1214 1285 1264 1349 ln-

223 1393 309 1482 genti
324 1415 462 1479 namque
484 1413 562 1458 voce
577 1389 693 1458 Paulus
710 1389 827 1456 elamat
843 1391 883 1456 ad
898 1414 955 1457 nos
970 1391 1100 1457 dicens:
1113 1392 1265 1456 «induite

224 1524 301 1566 »vos
310 1524 396 1567 arma
407 1499 466 1564 Dei
476 1549 485 1576 ‚
496 1511 531 1563 ut
543 1499 666 1587 possitis
674 1510 758 1565 stare
767 1498 915 1564 adversus
925 1499 1073 1564 astutiam
1085 1498 1208 1565 diaboii
1217 1499 1258 1564 ’.ι
1329 1571 1330 1574 ¹

224 1609 294 1676 Non
313 1632 372 1673 nos
387 1605 471 1672 ultra
486 1607 607 1696 patitur
622 1606 708 1672 velut
722 1604 848 1674 subolis
864 1605 1049 1672 lactantium
1066 1605 1265 1685 1111111111-

223 1717 301 1780 vitat
315 1739 373 1780 nos
389 1715 429 1780 ad
444 1715 656 1780 certaminum
673 1737 821 1805 campos:
835 1715 976 1790 induite,
992 1715 1117 1802 inquit,
1135 1715 1259 1782 roselo-

219 1823 344 1910 ¹ericam
363 1822 541 1898 claritatis,
565 1835 597 1887 et
616 1821 737 1911 galeam
759 1822 954 1888 nibilominus
974 1820 1084 1889 salutis
1110 1824 1257 1912 accipite,

224 1931 302 1996 »sed
317 1942 349 1996 ct
361 1929 519 2020 gladium,
534 1931 647 2019 inquit,
661 1932 788 2020 spiritus
799 1978 808 2008 ,
821 1944 850 1996 et
864 1955 953 2018 super
967 1931 1070 1996 omnia
1080 1944 1215 1998 scutum
1229 1932 1263 1997 li-

224 2039 360 2113 11111,111
375 2063 438 2127 quo
450 2041 574 2129 possitis
590 2039 674 2117 ,cit‚
689 2041 795 2106 omnia
805 2039 909 2128 jacula
920 2039 1049 2128 maligni
1061 2040 1154 2129 ignca
1168 2043 1266 2106 extin

100 2150 103 2158 '
223 2170 342 2236 »guero
351 2145 374 2213 ².
389 2175 402 2208 1
416 2149 511 2217 Vides
519 2171 595 2237 crgo
603 2147 764 2236 quomodo
772 2149 878 2214 omnia
889 2171 948 2236 1111
958 2148 1106 2214 ordinem
1118 2148 1209 2215 liunt
1218 2199 1228 2225 ,
1237 2161 1267 2216 ct

159 2324 160 2337 1
222 2254 300 2321 nihil
323 2256 491 2324 confusum
514 2257 548 2322 in
569 2255 688 2346 populo
707 2257 784 2332 Dei,
809 2254 888 2321 nibil
910 2256 1189 2344 incompositum,
1217 2271 1267 2322 ant
1328 2255 1331 2330 l

222 2375 451 2450 praeposterum
467 2361 596 2450 geritur.
616 2363 653 2427 ln
668 2360 850 2449 incipiendo
864 2360 1021 2450 principes
1037 2361 1154 2448 juvant
1169 2386 1180 2427 1
1196 2384 1267 2430 cum

222 2469 348 2558 adjutus
370 2470 490 2545 fueris,
511 2482 544 2536 et
569 2494 586 2535 a
608 2469 803 2558 principibus
824 2470 990 2550 eruditus,
1016 2471 1083 2558 jam
1111 2472 1214 2537 tibi
1205 2495 1269 2561 111111

221 2590 334 2667 sponte
348 2591 380 2644 et
399 2577 561 2645 voluntate
575 2590 647 2654 tua,
668 2601 738 2666 quac
753 2577 891 2647 didicisti
906 2607 923 2646 a
938 2579 1162 2669 principibus,
1181 2605 1331 2704 gere

221 2688 319 2755 Recte
348 2686 433 2752 enim
456 2689 596 2755 decoctis
622 2687 813 2778 principiis,
837 2688 1050 2777 depositisque
1070 2661 1331 2756 rudimentis

221 2808 336 2861 nostras
352 2796 583 2864 committimur
597 2794 771 2873 voluntati,
788 2809 824 2861 ut
838 2795 887 2863 vel
904 2796 972 2864 laos
990 2797 1097 2863 meriti
1112 2797 1177 2873 sit,
1198 2821 1272 2886 quae
1330 2853 1331 2896 1

221 2916 329 2968 nostra
343 2905 458 2969 virtute
474 2903 604 2990 quaesita
617 2917 685 2980 est,
706 2903 755 2970 vel
769 2903 864 2994 culpa
881 2905 951 2992 jure
972 2905 1012 2969 sit
1038 2917 1175 2982 nostra,
1197 2929 1273 2994 quae

221 3035 278 3098 per
286 3023 426 3079 nostram
439 3012 525 3079 venit
536 3012 702 3100 ignaviam,
714 3013 790 3078 llaec
798 3034 856 3100 pro
868 3035 906 3078 111
921 3013 1008 3100 quod
1022 3012 1185 3101 scriptum
1197 3027 1271 3078 est:

229 3120 291 3183 «ln
310 3120 491 3209 incipiendo
511 3120 669 3208 principes
685 3119 717 3184 in
733 3118 848 3196 lsrael,
865 3121 897 3186 111
914 3119 1130 3186 voluntatibus
1155 3119 1275 3210 populi

222 3227 421 3294 »benedicite
435 3230 608 3296 Dominum
621 3230 644 3295 ⁸.
662 3258 675 3292 1

266 3334 322 3399 lll.
345 3335 418 3401 Post
440 3336 511 3403 haec
537 3351 643 3404 autem
666 3338 761 3405 dicit:
785 3338 925 3405 «Audite
947 3359 1054 3428 reges,
1074 3350 1109 3404 et
1129 3343 1277 3407 auribus

223 3443 396 3532 »percipite
408 3444 557 3533 Satrapae.
569 3447 706 3512 Domino
717 3448 865 3524 cantabo,
879 3445 1009 3536 psallam
1021 3447 1090 3514 Deo
1099 3447 1200 3514 lsrael
1210 3450 1239 3514 ⁵.
1254 3477 1272 3510 ι

221 3550 356 3628 Audite,
372 3553 495 3640 inquit,
511 3577 610 3643 reges.
628 3555 728 3644 Reges
744 3553 882 3645 appellat
897 3577 951 3622 eos
970 3555 1023 3644 qui
1040 3571 1282 3623 convocantur

221 3660 262 3726 ad
274 3661 468 3728 audiendum
480 3664 612 3728 verbum
624 3662 693 3729 Dei.
711 3663 824 3730 Exulta
839 3663 957 3754 popule
964 3663 1039 3739 Dei,
1052 3664 1188 3732 audiens
1201 3678 1284 3732 tua

257 3803 1227 3874 ΙΕ111111.11,11.--’111111.13,14,15,16.-311111.1,1.--111111.3.
