2604 4614
287 303 319 348 ru
345 304 505 350 caurrcuu
529 304 732 352 tauricornu
757 305 918 350 rsonocus.
1052 283 1110 348 scr

81 429 231 518 proprius
244 432 334 496 cibus
348 479 356 506 ,
367 442 401 499 ut
411 427 559 520 penicillo
567 432 652 497 visus
665 431 719 518 qui
732 431 859 496 decmlo
871 431 1040 498 descendit.
1053 429 1117 498 sod

81 548 118 600 et
135 548 230 624 potus
242 533 294 600 ille
308 547 404 602 estex
420 534 470 602 illa
487 560 567 624 aqua
583 558 678 622 quem
692 537 848 623 promittit
862 535 973 611 lesus,
987 536 1115 602 dicens:

96 641 316 728 «Quicumque
329 639 443 709 biberit
455 664 493 706 ex
500 640 559 709 hoc
569 664 649 728 aqua
663 663 758 726 quam
772 663 831 730 ego
843 640 884 712 do
900 641 948 716 ei,
958 663 1023 706 uon
1035 640 1118 705 sitiet

89 749 146 814 »in
155 761 301 814 aeternum
312 747 333 814 ¹.
347 747 422 814 »Sic
435 771 510 837 ergo
524 771 581 837 per
589 748 695 817 omnia
706 747 877 817 similitudo
889 748 1018 836 quidem
1029 771 1120 813 voca-

90 856 234 924 bulorum
240 855 758 945 secundumutrumquebomiuem
771 857 899 945 ponitur
910 879 1034 924 :rerum
1046 879 1121 924 sero

88 965 262 1054 proprietas
275 964 445 1052 uuicuique
457 954 590 1032 discreta
600 977 754 1039 servatur,
767 976 799 1030 et
811 962 1027 1054 corruptibilia
1040 987 1120 1053 prn-

83 1075 221 1146 bcutur,
244 1071 477 1160 incorruptibili
502 1096 575 1138 sero
604 1063 854 1162 incorruptibilia
884 1083 1118 1160 proponuntur.

83 1180 177 1248 Unde
184 1180 316 1254 accidit,
331 1193 366 1246 ut
377 1179 586 1270 simpliciores
598 1181 729 1270 quidam
741 1181 914 1248 nescientes
927 1181 1121 1269 distinguere

87 1312 127 1354 ac
145 1311 308 1354 secernere
329 1313 399 1378 quae
418 1289 480 1356 sint
503 1313 573 1378 quae
598 1289 630 1354 in
651 1288 822 1378 Scripturis
847 1289 959 1354 divinia
976 1287 1118 1356 interiori

92 1397 229 1471 bomini,
245 1419 316 1484 quae
334 1420 408 1462 vero
427 1397 577 1465 exteriori
592 1397 773 1486 deputanda
789 1397 872 1471 sint,
894 1395 1121 1464 vocabulorum

95 1503 344 1570 similitudinibus
363 1503 429 1570 salsi
444 1505 484 1571 ad
503 1506 626 1596 ineptas
634 1505 786 1594 quasdam
800 1502 920 1573 subulas
931 1516 963 1570 et
972 1503 1120 1593 figmenta

95 1613 193 1678 inania
208 1637 241 1680 se
253 1612 446 1680 contulerint
466 1638 473 1678 :
496 1627 531 1682 ut
545 1614 641 1682 etiam
662 1627 732 1702 post
755 1613 1019 1681 resurrectionem
1044 1612 1121 1679 cibis

92 1720 307 1811 corporalibus
329 1717 492 1804 ‘utendum
517 1723 706 1798 crederent,
731 1734 905 1810 potumque
932 1721 1121 1791 sumendum

1 1901 2 1920 p
85 1854 153 1896 uon
170 1830 274 1914 solum
286 1855 326 1896 ex
340 1830 390 1900 ille
407 1831 470 1898 vite
486 1853 560 1900 vera
571 1881 580 1910 ‚
593 1844 626 1898 et
640 1831 763 1898 vivente
779 1831 810 1916 in
826 1830 956 1907 secula,
971 1853 1079 1900 verum
1090 1841 1123 1896 et

84 1963 126 2006 ex
142 1938 195 2004 bis
209 1939 324 2004 ritibus
340 1952 372 2004 ot
387 1939 544 2020 fructibus
560 1937 646 2028 ligni.
661 1939 726 2005 Sed
736 1939 776 2009 dc
788 1939 836 2005 his
849 1937 923 2009 alias
933 1939 1119 2007 videbimus.
1232 2009 1235 2017 ,

85 2049 184 2116 Nunc
205 2071 281 2136 ergo
301 2047 311 2133 (
328 2060 363 2114 ut
384 2048 574 2137 precedenti
598 2048 817 2114 observatione
840 2047 1059 2134 distinximus)
1076 2056 1124 2113 est

1 2233 3 2244 ,
89 2157 222 2246 quidem
240 2153 416 2226 secundum
439 2157 621 2228 interiorem
644 2157 807 2222 homiuem
825 2155 903 2225 alius
925 2157 993 2222 sine
1008 2155 1078 2225 liliis
1092 2167 1124 2220 et

1 2257 2 2266 ¹
92 2265 223 2344 sterilis,
242 2265 321 2332 alius
344 2289 418 2334 vcro
441 2265 607 2332 abundans
628 2264 661 2330 in
678 2263 759 2328 filiis.
779 2263 963 2331 Secundum
985 2263 1071 2350 qued
1092 2275 1124 2328 et

97 2375 175 2440 illud
199 2375 392 2442 advertimus
408 2375 548 2447 dictum,
569 2372 713 2440 «Sterilis
736 2373 857 2461 peperit
880 2384 999 2459 septem
1021 2371 1087 2438 eti
1116 2411 1126 2421 -

94 2483 222 2550 »cunda
240 2484 275 2549 iu
301 2482 371 2549 filiis
400 2482 557 2550 infirmata
579 2479 677 2546 est².r
695 2481 734 2546 Et
749 2491 784 2544 ut
804 2481 836 2547 iu
854 2478 1127 2547 benedictionibus

88 2593 233 2660 dicitur:
261 2593 358 2662 «Nou
379 2592 439 2658 erit
454 2592 486 2656 in
507 2591 594 2656 vobis
614 2591 680 2654 siue
695 2587 767 2654 siliis
782 2601 815 2654 et
829 2587 972 2655 sterilis³.
991 2616 1004 2648 s
1028 2587 1127 2677 igitur

87 2701 116 2768 si
133 2699 206 2766 haec
228 2701 271 2766 ite
291 2725 326 2766 se
343 2699 482 2776 babent,
500 2699 582 2764 sicut
601 2697 717 2766 dicitur
737 2695 848 2784 aliquis
868 2695 999 2788 carnalis
1017 2717 1124 2771 amor,

88 2833 191 2900 quem
208 2820 239 2874 et
255 2808 437 2896 cupidinem
454 2804 690 2895 appellaverunt
704 2811 823 2894 poe'tae.
840 2803 1015 2870 secuudum
1032 2826 1126 2892 quem

90 2918 149 3006 qui
167 2929 271 2996 emat,
288 2917 431 2982 incarne
455 2915 613 2980 seminat:
639 2915 682 2978 ita
707 2925 754 2978 est
776 2925 808 2976 et
829 2911 956 2998 quidum
982 2910 1128 2998 spiritalis

93 3049 206 3100 amor,
219 3023 394 3090 secundum
409 3045 505 3110 quem
521 3020 573 3086 ille
589 3021 719 3088 interior
734 3019 830 3086 bomo
846 3041 956 3087 amous
969 3019 1001 3084 in
1017 3018 1126 3106 spiritu

88 3134 242 3202 seminat.
263 3133 345 3196 utut
361 3130 536 3196 evidentius
552 3129 675 3204 dicam,
693 3129 718 3192 si
734 3128 803 3216 quis
819 3127 934 3214 estqui
950 3138 1056 3216 portat
1071 3127 1129 3192 ad-

5 3227 10 3263 l
90 3241 163 3306 buc
174 3239 344 3328 imaginem
361 3237 476 3303 terreni
485 3235 661 3300 secundum
673 3233 860 3298 exteriorem
875 3232 1131 3321 bominem,agi-

6 3337 8 3368 ³
99 3361 153 3416 tur
169 3347 316 3436 cupidine
330 3357 363 3410 et
378 3367 484 3412 amore
500 3354 638 3408 terreno.
664 3341 726 3421 Qui
750 3364 826 3406 vero
842 3353 947 3430 portat
961 3341 1130 3430 imaginem

100 3455 236 3522 cmlestis
256 3455 430 3520 secundum
446 3453 628 3517 interiorem
649 3449 831 3524 bominem,
855 3450 956 3536 agitur
979 3450 1129 3538 cupidine

96 3580 131 3632 et
146 3590 254 3634 amore
269 3563 398 3632 coelesti.
422 3563 538 3630 Amore
556 3573 660 3627 autem
677 3572 709 3624 et
726 3558 873 3640 cupidine
890 3558 1009 3636 coelesti
1029 3560 1131 3647 agitur

91 3676 203 3742 anima
220 3699 294 3742 cum
316 3683 481 3762 perspecta
504 3667 739 3758 pulchritudine
762 3677 793 3730 et
817 3666 931 3732 decore
946 3668 1033 3732 verbi
1052 3669 1130 3742 Dei,

88 3787 240 3875 speciem
261 3785 329 3870 ejus
352 3781 564 3852 edomaverit,
589 3789 620 3842 et
642 3801 681 3844 ex
703 3777 770 3866 ipso
798 3775 894 3842 telum
921 3776 1079 3863 quoddam
1099 3789 1131 3842 et

132 3929 140 3959 ¹
155 3931 230 3977 Josn.
243 3945 276 3986 ιν,
295 3925 332 3975 13.
345 3954 376 3964 ·—
391 3923 402 3958 ²
415 3941 424 3972 ι
440 3927 499 3988 lieg.
514 3941 548 3984 u,
562 3919 585 3973 5.
597 3917 650 3960 —¹
667 3922 744 3970 Exod.
756 3936 838 3980 uua,
852 3921 892 3968 26.
