2644 4612
365 213 395 256 nr
421 212 582 256 cnnrrcuu
608 215 808 258 crrrrcoauu
831 215 891 256 aru.
919 215 959 256 rr.
1129 189 1192 266 545

159 362 223 428 quo
238 337 348 423 utique
363 334 540 400 ostenditur
559 337 646 422 quod
669 337 755 403 vanis
777 349 809 402 et
826 337 971 404 inanibus
988 337 1091 402 verbis
1105 337 1193 426 pravi

158 448 307 512 doctores
322 443 469 532 decipere
486 441 626 508 volentes
642 444 779 510 animam
794 445 888 532 justi,
901 446 1032 510 introire
1044 443 1194 510 dicuntur

157 554 191 618 in
210 552 358 618 inferiora
369 563 476 625 terrm,
499 562 614 616 terram
629 561 741 639 utpote
753 553 930 640 sapientes,
947 564 979 617 ct
992 553 1032 618 de
1047 564 1130 617 terra
1145 551 1195 616 lo-

157 671 309 749 quentes,
333 670 426 746 atque
449 658 482 724 in
507 658 656 724 inferiora
678 659 765 746 ejus,
790 659 823 724 id
849 672 914 736 est,
938 661 970 725 in
997 659 1193 749 profundum
1221 693 1227 702 ·

153 767 293 832 stultitiae
311 765 547 832 descendentes.
573 766 654 832 Puto
679 766 763 831 enim
787 767 873 854 quod
895 767 927 832 hi
951 769 1004 856 qui
1023 765 1190 834 carnaliter

153 877 280 950 vivunt,
296 874 370 963 quia
381 873 440 938 sibi
452 873 526 961 ipsis
540 874 763 939 tantummodo
776 886 893 939 nocent
905 924 914 950 ‚
927 886 1010 940 tarra
1025 899 1094 941 esse
1109 886 1142 939 et
1153 876 1186 941 in

151 997 233 1048 terra
249 981 392 1048 habitare
410 981 570 1046 dicuntur.
592 981 630 1046 lli
649 1004 722 1046 vero
740 982 794 1069 qui
810 982 942 1047 terrenis
962 994 995 1046 et
1009 981 1190 1051 carnalibus

149 1090 294 1156 sensibus
315 1091 495 1177 Scripturas
515 1087 713 1177 intelligunt,
734 1101 767 1154 et
785 1088 861 1154 alios
877 1090 919 1154 ita
936 1089 1081 1156 docendo
1097 1091 1186 1156 deci-

150 1199 262 1290 piunt,
284 1221 344 1287 pro
365 1220 404 1261 eo
429 1197 499 1285 ipso
524 1196 610 1283 quod
627 1197 763 1284 argutias
787 1197 938 1283 quasdam
958 1209 990 1260 et
1004 1211 1191 1286 argumenta

151 1304 285 1372 carnalis
301 1317 333 1370 et
349 1317 482 1369 terrenae
498 1303 659 1392 sapientiae
675 1303 877 1393 confingant,
894 1305 926 1369 in
941 1305 1088 1371 inferiora
1102 1317 1193 1372 terrra

150 1414 300 1479 dicuntur
322 1412 466 1501 ingredi:
487 1410 533 1478 vel
559 1423 644 1477 corte
663 1413 736 1498 quia
758 1412 882 1500 gravius
902 1411 1110 1499 delinquunt,
1135 1415 1190 1501 qui

150 1535 275 1588 terrena
286 1522 423 1595 docent,
440 1544 536 1607 quam
548 1520 602 1606 qui
615 1519 658 1584 ita
674 1521 802 1595 vivunt,
815 1521 859 1586 eis
870 1520 975 1586 futura
987 1543 1082 1608 poena
1092 1523 1189 1588 etiam

149 1630 272 1718 gravior
286 1629 431 1694 imminet
453 1626 639 1714 :iidemque
656 1627 714 1714 ipsi
738 1627 771 1691 in
787 1651 900 1692 manus
921 1626 1016 1716 gladii
1043 1629 1189 1696 tradendi

151 1736 391 1824 prophetantur,
403 1733 487 1800 illius
499 1734 639 1800 fortassis
649 1733 789 1799 llammei
801 1746 833 1799 et
845 1733 1008 1800 versatilis.
1019 1737 1189 1816 Quomodo

153 1855 296 1908 autemet
306 1855 410 1932 partes
423 1840 565 1930 vulpium
581 1840 680 1916 fiant,
697 1841 869 1906 videamus.
885 1843 997 1907 Omnis
1014 1844 1118 1908 anima
1134 1859 1189 1910 aut

148 1973 221 2038 pars
237 1963 284 2015 est
296 1951 372 2026 Del,
386 1962 440 2016 aut
452 1973 523 2037 pars
542 1961 589 2013 est
601 1949 831 2036 cujuscumque
847 1950 900 2036 qui
913 1952 1034 2038 accepit
1048 1964 1188 2040 potesta-

149 2069 216 2123 tem
227 2081 321 2145 super
331 2057 485 2122 homines.
501 2057 581 2121 Nam
592 2083 604 2115 a
616 2079 689 2121 cum
701 2056 854 2122 divideret
869 2056 1048 2124 Altissimus
1059 2074 1186 2149 gentos,

151 2178 203 2231 »et
212 2165 403 2254 dispergeret
413 2163 492 2228 filios
513 2163 613 2228 ddam
624 2211 633 2237 ,
644 2165 753 2228 statuit
765 2163 843 2229 lines
855 2167 997 2254 gentium
1009 2171 1185 2238 secundum

151 2294 340 2340 »numerum
356 2269 548 2358 Angelorum
563 2269 642 2342 uei,
659 2281 691 2333 et
707 2269 788 2336 lacta
805 2283 852 2335 est
869 2275 973 2359 portio
988 2275 1114 2341 Domini
1130 2278 1188 2343 Ja-

150 2383 234 2447 »cob
249 2379 271 2444 ¹.
288 2379 398 2444 nCum
415 2373 489 2466 crgo
506 2388 628 2442 constet
646 2399 904 2464 unamquamque
924 2382 1061 2448 animam
1081 2397 1134 2448 aut
1153 2387 1184 2450 in

148 2501 237 2580 parte
256 2488 335 2562 Del,
360 2485 462 2550 autin
483 2497 572 2573 parte
587 2507 654 2548 esse
669 2482 797 2548 alterius
818 2486 1007 2574 cujuslibet,
1030 2494 1181 2577 quoniam

150 2597 278 2685 quidem
292 2618 349 2683 per
363 2592 484 2659 arbitrii
502 2590 680 2656 libertatem
696 2590 845 2679 possibile
860 2603 908 2656 est
924 2617 1182 2686 unumquemque

150 2728 189 2769 ex
202 2717 290 2793 parte
305 2701 431 2768 alterius
444 2699 597 2774 transire,
615 2697 663 2764 vel
680 2698 719 2764 ad
735 2712 858 2788 partem
877 2701 933 2766 Dei
949 2702 974 2767 si
990 2703 1102 2771 melius
1118 2709 1185 2797 ipso

151 2812 279 2898 juvante
296 2808 439 2897 elegerit,
465 2807 513 2874 vel
533 2807 558 2872 si
578 2807 711 2894 nequius
728 2808 767 2873 ad
784 2807 964 2875 demonum
982 2813 1186 2898 portionem,

148 2917 226 2985 hinc
236 2919 351 2982 horum
366 2916 485 2981 mentio
496 2916 632 2982 habetur
647 2916 680 2981 iu
691 2915 833 3004 psalmo:
850 2917 913 2996 Qui
929 2919 961 2983 in
974 2943 1090 2988 vanum
1103 2949 1186 3012 qun>-

151 3028 272 3094 sierunt
283 3025 419 3092 animam
430 3023 523 3112 justi,
539 3036 642 3111 partes
658 3036 753 3088 erunt
768 3023 928 3112 vulpium,
948 3023 1042 3094 veluti
1057 3031 1081 3095 si
1099 3033 1187 3099 dice-

90 3157 95 3170 ·
151 3149 199 3202 ret
229 3147 261 3200 et
286 3133 493 3223 pessimorum
521 3143 553 3194 et
586 3133 855 3219 nequissimorum
877 3133 1059 3203 daemonum
1081 3154 1186 3228 partos

150 3255 265 3309 erunt:
285 3254 318 3305 ut
335 3261 530 3326 unaquaeque
549 3237 685 3327 maligna
703 3241 800 3305 virtus
822 3252 855 3304 et
874 3239 999 3318 dolosa,
1019 3247 1186 3335 perquam

153 3350 355 3439 deceptiones
371 3360 403 3412 et
414 3345 539 3410 fraudes
556 3343 638 3410 lalsae
654 3347 793 3412 scientiae
805 3349 993 3415 introductae
1005 3366 1096 3430 sunt,
1109 3355 1188 3444 sigu-

152 3457 260 3526 raliter
273 3455 379 3545 vulpes
391 3451 589 3543 appellentur
601 3475 608 3516 :
619 3465 651 3516 et
668 3451 701 3517 hi
714 3456 767 3540 qui
782 3455 814 3519 in
829 3455 917 3522 hunc
931 3479 1072 3524 errorem
1085 3461 1145 3526 ded
1151 3489 1189 3526 n-

153 3575 282 3638 cuntur,
299 3573 331 3625 et
343 3557 457 3624 nolunt
469 3558 650 3645 aquiescere
666 3557 748 3621 sanis
760 3561 958 3625 sermonibus
970 3563 1096 3630 Domini
1114 3591 1188 3632 nos-

152 3672 191 3737 tri
207 3671 282 3737 «lesu
300 3665 436 3740 Christi,
453 3676 485 3727 et
503 3663 655 3729 doctrinae
675 3687 744 3750 quae
760 3664 935 3732 secundum
954 3668 1103 3756 pietatem
1120 3685 1185 3748 est,
1237 3673 1248 3690 ·

188 3822 283 3870 tuear.
293 3833 369 3865 xurr
380 3816 410 3876 ,8
425 3850 432 3876 ,
451 3829 474 3879 9.
