2682 4594
188 179 249 242 258
627 139 770 242 osismus
790 223 793 228 -
1177 179 1179 184 ’

185 320 297 388 Jethro
314 320 495 396 socerisui,
511 331 543 384 at
557 319 712 407 gradienti
727 318 775 385 vei
784 319 959 384 transeunti
971 319 1010 383 ab
1027 318 1093 391 his,
1110 341 1220 405 magua
1309 367 1310 376 ,

185 442 233 494 est
245 430 321 496 visio
333 429 421 504 baeo,
439 429 471 492 iu
488 452 550 514 qua
562 428 590 492 ei
606 427 745 516 Angelus
761 428 878 493 dicitur
890 435 1054 515 'apparere
1070 426 1104 491 Si
1117 438 1220 490 autem
1309 501 1310 506 γ

186 539 282 603 etiam
294 561 380 602 moro
395 537 540 602 Rubrum
556 535 734 611 transierit,
751 547 783 599 et
798 534 946 600 columna
962 557 1036 598 essm
1052 533 1146 597 nubis
1164 533 1221 596 ob·
1307 507 1310 640 1

181 645 316 720 texerit,
330 656 362 708 et
370 644 466 708 futuri
477 645 623 732 baptismi
635 643 1012 708 adoraveritsaoramenta
1023 691 1032 716 ,
1042 653 1119 706 tunc
1129 641 1223 706 etium
1309 645 1310 656 ¹

187 754 343 841 majorem
360 752 513 817 visionem
531 751 647 838 poterit
667 751 783 816 videre.
804 749 1002 838 ingredietur
1016 748 1103 814 enim
1118 747 1225 837 caligi-

188 886 262 928 nem
278 872 311 926 et
325 862 504 936 turbinem,
518 861 572 925 ubi
585 882 652 926 esse
667 861 734 948 ipse
749 860 866 925 dicitur
880 861 985 934 Deus,
1002 860 1056 924 ubi
1072 860 1225 947 scriptum

189 982 256 1045 ost,
273 969 345 1056 quia
358 968 481 1056 Moyses
493 966 577 1032 solus
592 967 764 1033 accedebat
777 967 816 1031 sd
827 967 950 1043 Deum,
966 967 1071 1032 caeteri
1088 978 1196 1031 autem
1213 991 1227 1030 a

190 1077 282 1166 longe
295 1074 449 1142 stabant¹.
464 1078 504 1141 Et
520 1076 551 1140 in
565 1087 689 1139 tautum
706 1097 764 1162 per
778 1074 854 1140 istas
868 1097 997 1163 magnas
1011 1054 1228 1163 Moyses'pro·
1309 1067 1310 1080 ,

190 1183 258 1249 ssoit
279 1183 433 1259 visiones,
459 1194 494 1247 ut
515 1182 634 1247 diceret
656 1181 696 1247 od
718 1181 821 1257 Deum
843 1204 887 1246 με
906 1182 938 1246 Si
960 1181 1087 1256 iuveni,
1112 1181 1227 1268 inquit,

193 1291 345 1380 »gratiam
364 1313 472 1356 coram
490 1301 539 1364 te,
560 1288 725 1354 manifesta
741 1287 819 1352 mihi
839 1289 990 1376 teipsum,
1009 1299 1045 1352 ut
1067 1289 1229 1353 evidenter

192 1399 338 1465 »videam
359 1409 391 1462 te
401 1397 422 1461 ².
442 1425 455 1457 a
475 1397 515 1462 Et
537 1408 614 1461 tuno
637 1395 724 1460 audit
747 1420 764 1461 a
785 1395 874 1470 Deo,
896 1395 968 1484 quia
987 1419 1134 1484 «ponam
1151 1409 1183 1460 te
1200 1399 1227 1461 in

194 1504 369 1571 »foramina
382 1516 481 1592 petrae
491 1503 518 1578 ⁸,
533 1532 545 1565 a
564 1513 653 1592 petra
669 1514 776 1569 autem
793 1514 860 1569 erat
876 1503 1043 1568 Christus:
1059 1515 1096 1567 ut
1110 1527 1169 1592 per
1184 1503 1228 1570 fo·

193 1635 302 1678 remen
320 1612 541 1678 brevissimum
558 1611 664 1677 videas
681 1611 855 1700 posteriora
869 1633 960 1685 mea,
979 1610 1043 1676 hoo
1058 1623 1128 1686 est,
1145 1623 1180 1675 ut
1193 1635 1227 1677 ea

162 1745 166 1752 ·
194 1743 263 1806 quae
279 1720 312 1783 in
328 1717 502 1783 novissimis
518 1719 713 1805 temporibus
728 1703 944 1804 implebuntur
961 1739 1020 1805 per
1041 1721 1226 1808 assumptio·

194 1846 269 1890 nem
290 1825 413 1900 carnis,
433 1847 582 1912 agnoscas
602 1848 611 1888 z
634 1817 908 1890 «Faciem'autem
923 1847 1029 1889 meam
1046 1826 1153 1892 videre
1166 1851 1224 1892 nou

197 1932 335 2020 »poteris
348 1931 370 1995 ⁶.
392 1960 404 1993 s
425 1933 487 1997 Sed
509 1931 638 2019 digressi
660 1955 718 2019 per
738 1931 985 2019 quamplurimas
1004 1933 1154 2008 visiones,
1173 1957 1219 1997 re-

196 2042 326 2107 deamus
344 2063 431 2106 nuno
450 2040 489 2106 ad
510 2039 573 2105 hoo
591 2040 676 2129 quod
695 2040 916 2129 proposuimus
935 2041 974 2106 de
994 2041 1130 2128 psalmo,
1149 2041 1215 2128 quia

194 2173 214 2212 a
226 2147 376 2224 Domino,
390 2148 509 2236 inquit,
522 2171 638 2236 gressus
651 2147 776 2213 bominis
790 2147 969 2236 diriguntur
980 2147 1002 2213 ⁵.
1022 2151 1125 2238 Supra
1136 2173 1221 2238 expo

134 2305 140 2316 .
195 2253 314 2317 suimus
330 2253 489 2339 quomodo
503 2252 564 2316 iter
575 2253 644 2339 quis
656 2253 831 2341 ingreditur
844 2253 882 2317 sd
896 2253 1042 2318 virtutem
1058 2278 1066 2318 ε
1080 2255 1225 2342 quoniam

194 2360 247 2447 qui
264 2361 324 2424 iter
340 2360 402 2448 agit
418 2360 457 2424 ad
472 2361 638 2434 virtutem,
658 2360 757 2426 multa
773 2372 847 2426 sunt
863 2385 934 2450 quae
949 2361 1070 2449 digredi
1087 2363 1229 2428 habetet
1309 2361 1310 2388 ¹

193 2465 335 2528 transire.
358 2465 441 2552 Ergo
463 2475 495 2526 et
516 2476 551 2528 tu
570 2464 624 2550 qui
644 2463 684 2529 ad
700 2463 864 2531 Christum
887 2466 1010 2540 tendis,
1033 2467 1088 2553 qui
1107 2479 1157 2530 est
1175 2467 1229 2532 Dei
1309 2485 1310 2516 ³

192 2568 308 2643 virtus,
333 2567 497 2656 digredere
521 2566 697 2643 luxuriam,
722 2580 844 2641 scorta.
867 2568 1039 2645 adulteris,
1065 2571 1230 2659 dign-edero

191 2676 275 2740 surta
286 2725 295 2751 ,
307 2673 382 2741 salsa
398 2675 596 2749 testimonia,
613 2687 682 2739 tum
698 2675 813 2741 deinde
825 2677 989 2764 digrodore
1001 2689 1033 2742 et
1043 2680 1228 2752 avaritiam,

192 2791 223 2844 et
239 2803 367 2844 omnem
382 2779 524 2868 pecuniae
540 2792 788 2866 caeterarumque
803 2779 959 2846 malarum
979 2806 1086 2848 rerum
1109 2807 1231 2850 concu-
1309 2829 1310 2842 ,

95 2957 98 2966 .
191 2887 376 2975 pisceutiam
387 2861 572 2974 ,⁰digrodere
583 2885 806 2961 mendacium,
821 2886 984 2976 digredore
1001 2891 1163 2958 tristitiam
1180 2917 1230 2958 sau

190 2993 264 3060 culi.
284 2993 349 3059 Nisi
364 2995 431 3059 haeo
447 2992 554 3058 omnia
570 2992 727 3081 digressus
742 2993 855 3070 fueris,
874 2996 1023 3062 visionem
1039 2996 1129 3064 iliam
1142 3025 1231 3091 meg-

189 3125 263 3167 nam
279 3101 406 3165 Domini
425 3101 527 3165 videre
541 3123 603 3165 non
620 3101 749 3189 poteris.
765 3102 845 3167 Sunt
860 3125 935 3191 ergo
950 3104 1079 3192 quidum
1091 3107 1126 3172 in
1139 3109 1230 3173 uobis

189 3231 313 3299 gressus
324 3221 356 3273 et
367 3208 483 3297 pedes,
497 3208 611 3294 quibus
624 3207 684 3272 iter
695 3208 757 3274 hoc
770 3209 909 3297 egimus,
927 3223 999 3275 sunt
1010 3235 1138 3300 grossus
1152 3217 1231 3281 inte-

189 3313 280 3378 rioris
289 3313 424 3378 bominis
435 3313 549 3400 quibus
558 3310 720 3380 ambulare
728 3336 895 3402 possumus
902 3313 1053 3402 perillam
1062 3318 1144 3384 viam
1159 3343 1229 3407 qum

1308 231 1310 348 i

1307 387 1310 462 t

189 3426 267 3491 dicit
288 3451 296 3491 :
317 3427 390 3514 Ego
405 3451 470 3491 sum
492 3426 559 3501 oio,
582 3427 692 3492 ueritus
707 3440 736 3492 et
750 3427 843 3493 oda‘.
864 3430 932 3496 Hoo
951 3455 1028 3520 orgo
1048 3434 1110 3498 iter
1132 3459 1230 3524 agen-
1309 3519 1310 3522 Ἴ

157 3549 161 3556 “
187 3535 271 3600 tibus
283 3532 390 3600 multis
405 3535 562 3624 gressibus
575 3536 728 3602 utendum
747 3548 794 3602 est
812 3538 903 3603 nobis
916 3551 951 3604 ut
966 3538 1018 3606 ilia
1032 3544 1142 3608 omnia
1157 3569 1229 3632 qum
1309 3553 1310 3556 ’

222 3701 612 3760 11ζιο(1.κιι.--Ἰ(1.κκιιιῐῐ,
629 3705 668 3758 13.
680 3733 706 3742 ·-
721 3703 804 3758 ⁸Ibid.
826 3723 866 3759 an.
878 3735 903 3744 —
918 3705 1002 3761 ‘thid
1019 3711 1062 3764 23.
1077 3742 1097 3749 -
1117 3713 1229 3769 Ῥῃιῃ,

186 3795 485 3859 xxxv1,23.-⁶Joan.
500 3813 558 3858 xiv,
573 3797 597 3845 6.
