2660 4610
218 233 280 305 tero
441 265 444 270 ·
617 262 620 272 ·
664 249 808 293 onrornu

222 393 291 458 quae
303 370 342 434 do
359 393 440 433 nnvn
456 367 577 456 psalmo
592 367 801 456 protulimus,
818 371 873 434 ubi
893 371 954 435 ait:
979 370 1169 457 =AEthiopia
1187 393 1253 456 pro
1322 379 1323 390 ³

219 477 345 542 »vrniet
356 499 467 541 manus
482 477 552 563 ojus
573 475 697 542 Dco¹.r
723 477 756 542 Si
773 478 859 542 onim
877 478 1032 542 intucaris
1048 475 1215 564 quomodo
1223 498 1255 540 ox

219 583 336 650 delicto
350 583 442 648 lsrael
460 583 499 647 sit
513 581 596 648 salus
611 584 779 671 gentihus,
795 596 827 648 ot
842 585 928 672 qnod
944 583 1078 649 illorum
1099 581 1205 670 lapsus
1219 583 1255 648 iu

216 693 362 758 troonndi
378 693 459 756 viam
477 691 660 756 nationibus
674 692 777 766 dedit,
795 693 939 758 advertes
957 691 1134 780 quomodo
1149 713 1254 779 pravo·
1319 717 1321 791 p

218 803 263 867 nit
275 815 306 867 et
318 801 466 889 praecedit
478 799 649 888 AEthiopiae
663 823 795 876 manns,
813 800 876 866 hoc
886 813 936 864 est
946 801 1103 889 gentium
1121 797 1252 888 populns,
1302 881 1305 901 ¹

215 909 285 975 illo's
300 907 338 974 ad
354 909 476 982 Deum,
495 907 610 994 quibus
626 908 736 995 primis
749 908 820 972 data
835 921 911 972 sunt
927 906 1059 993 eloquia
1080 907 1169 972 Doi:
1190 918 1217 970 ct
1229 908 1251 970 ir
1305 914 1319 995 ᾗ

217 1013 279 1077 hoo
298 1009 468 1098 compleri,
501 1009 688 1098 «AEthiopia
712 1011 882 1098 praeveniet
910 1034 1026 1076 manus
1050 1011 1131 1096 ejus
1156 1009 1247 1074 Dson

216 1131 249 1184 ot
271 1118 307 1184 lit
328 1119 494 1206 nigra'ista
516 1117 672 1192 formosa,
701 1118 798 1184 ctiam
822 1119 846 1182 si
870 1117 1003 1194 nolunt,
1024 1118 1135 1182 etiam
1151 1118 1175 1182 si
1188 1117 1249 1181 inri-

217 1229 293 1293 dent
304 1238 336 1291 et
355 1227 536 1290 obtrectant
551 1224 622 1290 liliae
633 1214 840 1290 Hierusalem.
860 1226 924 1292 sed
938 1239 972 1292 ot
987 1226 1170 1316 Propheta
1180 1226 1245 1290 tosti·

215 1335 359 1400 moninm
375 1334 462 1422 quod
480 1335 662 1422 posuimus,
680 1335 735 1398 ubi
751 1334 889 1423 suscepit
911 1335 1078 1400 Dominus
1101 1335 1196 1398 ctiam
1207 1354 1245 1396 uos

215 1445 269 1531 qui
286 1443 416 1535 veniunt
432 1441 471 1506 dc
487 1441 563 1506 locis
575 1464 645 1528 qum
660 1454 734 1506 sunt
750 1441 831 1506 ultra
847 1440 981 1506 {lumina
997 1441 1245 1528 AEthiopunr,ot

215 1551 352 1615 afferunt
366 1549 485 1614 hostias
499 1549 586 1622 Deo,
602 1548 695 1613 simili
719 1572 812 1614 sonan
829 1549 1070 1616 advortendum
1087 1548 1193 1636 putu².
1206 1544 1243 1611 li

215 1659 308 1722 ‹lctur
322 1657 408 1722 onim
420 1657 513 1730 mihi,
527 1655 614 1742 quod
625 1654 707 1720 ultra
723 1655 855 1721 llnminu
871 1655 1050 1744 AEthiopiae
1060 1680 1136 1722 esso
1153 1655 1240 1721 dicitur

219 1765 288 1840 illo,
313 1765 366 1852 qni
389 1764 490 1829 nimiis
515 1762 900 1849 etsnporabnndantibns
922 1765 1076 1851 pcccatis
1097 1764 1234 1828 infuscata·

219 1886 266 1938 ost
278 1923 286 1948 ‚
298 1884 330 1936 ot
346 1884 415 1937 atro
430 1870 556 1935 malitias
572 1870 647 1936 fuco
662 1870 797 1935 infectus
814 1872 903 1958 niger
922 1883 955 1935 et
971 1872 1179 1936 tenebricosos
1190 1877 1228 1930 <st

219 1981 380 2045 redditus:
399 1990 551 2042 ettamen
572 2001 613 2044 nu
630 1977 689 2042 hos
704 1978 832 2064 quidem
856 1977 981 2066 rcpollit
1005 1979 1174 2050 Dumium,
1187 1973 1230 2038 sod

220 2086 333 2153 ontnos
349 2086 402 2172 qui
418 2085 571 2151 sacrificia
589 2084 791 2150 contribulati
807 2086 953 2173 spiritus,
967 2097 1001 2149 ot
1020 2085 1173 2150 humiliati
1186 2105 1238 2148 cor-

219 2194 266 2261 dis
279 2196 414 2260 ollcrunt
427 2193 494 2256 Duo
507 2243 517 2266 ,
532 2193 737 2258 confussionis
752 2191 873 2258 scilicet
897 2215 933 2258 ao
953 2193 1159 2280 poenitentiae
1170 2187 1237 2255 titulo

221 2305 260 2369 ad
276 2325 349 2368 otim
364 2301 526 2376 conversi,
542 2323 605 2365 non
616 2299 813 2388 ropallnntnr
828 2300 868 2364 ab
880 2301 1100 2366 castrentur
1115 2300 1243 2388 paulun

219 2411 296 2476 dicit
317 2408 471 2474 Dominus
497 2419 630 2470 noster:
665 2409 754 2494 «Ego
777 2407 955 2472 venientem
977 2407 1017 2474 ad
1046 2433 1100 2474 1nc
1128 2431 1189 2473 non
1205 2429 1244 2470 ro·

222 2545 236 2576 ιι
243 2517 324 2606 pello
335 2517 381 2579 ³.»
397 2515 503 2578 Potest
519 2526 670 2579 autemst
685 2515 726 2580 dc
740 2511 800 2577 illis
811 2513 933 2578 dictum
947 2515 1050 2579 rideri
1062 2517 1174 2602 ,quod
1183 2514 1249 2578 nlun

223 2625 352 2690 llumina
369 2621 554 2709 AEthiopnm
565 2622 659 2712 positi
677 2621 803 2686 venient
816 2622 910 2686 etiam
927 2623 986 2708 ipsi
1004 2624 1049 2688 ad
1065 2625 1174 2688 Deum
1189 2624 1248 2688 nos

219 2735 278 2798 tias
295 2730 491 2802 descrentes,
507 2730 561 2816 qui
574 2741 779 2816 posteaquam
796 2728 960 2794 intraverit
976 2731 1084 2794 omnis
1103 2729 1252 2818 plenitudo

221 2838 383 2929 gentium,
401 2859 471 2925 quae
483 2835 667 2901 fluminibus
687 2819 874 2924 AEthiopum
890 2849 1122 2924 comparatur,
1143 2840 1254 2904 roniont

219 2948 313 3010 otiam
325 2945 405 3032 ipsi,
422 2956 454 3007 et
471 2956 549 3007 tunc
566 2943 668 3024 omnis
680 2941 777 3008 lsrael
793 2942 984 3010 salvabitur:
998 2957 1032 3008 ct
1049 2969 1111 3033 pro
1132 2969 1172 3010 co
1186 2943 1253 3009 ultra

220 3053 351 3117 llnmina
365 3053 548 3140 AEthiopum
565 3052 730 3124 dicantur,
748 3051 838 3138 qrrasi
855 3052 909 3138 qui
930 3051 1102 3120 ulteriores
1118 3068 1154 3120 ot
1168 3066 1255 3143 posto

133 3227 137 3233 ,
222 3162 320 3224 riores
336 3161 398 3224 sint
413 3160 462 3224 his
471 3158 761 3247 spatiis‚inquibns
778 3159 878 3222 onrrit
889 3171 921 3224 ot
933 3160 1116 3226 inundatur
1127 3163 1255 3251 gonfinus

219 3267 315 3333 sulus.
335 3269 375 3333 Et
397 3269 439 3331 ita
459 3267 539 3330 lortc
561 3265 716 3354 compluri
740 3266 862 3332 videtur
881 3265 943 3332 hoc
966 3269 1055 3353 qnod
1076 3270 1179 3346 dicit,
1195 3270 1253 3358 quia

232 3377 286 3439 rin
302 3376 352 3439 dic
368 3374 418 3438 illa
435 3397 497 3439 non
513 3373 714 3439 confunderis
730 3373 826 3438 ornnis
838 3373 938 3438 Israel
949 3397 990 3438 ex
1005 3377 1163 3442 omnibus
1179 3377 1253 3442 adin·

223 3484 443 3548 ostentionibus
455 3482 534 3557 tuis,
551 3483 665 3569 quibus
679 3481 777 3570 impio
793 3481 882 3570 egisti
893 3483 925 3546 in
938 3503 990 3548 mo
1000 3483 1048 3547 ⁵.»
1067 3487 1220 3572 Superest
1229 3495 1254 3546 ut

223 3589 303 3655 illud
319 3589 534 3654 testimonium
557 3589 641 3675 quod
659 3591 699 3654 de
715 3589 876 3654 Hieremia
898 3590 1153 3678 assumpsimus,
1173 3589 1255 3680 eupli

221 3710 332 3771 cetur,
349 3698 402 3760 ubi
420 3695 629 3762 Abdimslech
641 3695 849 3762 nihilominus
863 3695 1011 3784 lEthiops
1030 3699 1253 3766 sirannuclurs.

260 3841 268 3877 ¹
280 3848 364 3895 Psann.
375 3861 457 3905 nxvrr,
471 3843 514 3893 31.
527 3873 557 3880 -—
570 3842 663 3909 ²Soplr.
677 3861 716 3894 nr.
771 3843 864 3894 ‘luam
875 3836 915 3907 vi,
926 3820 977 3912 37.ι
988 3873 1010 3882 -
1021 3843 1031 3871 ¹
1041 3847 1158 3911 Soplron.
1170 3865 1214 3903 ru,
1227 3861 1254 3893 rt.
