2702 4610
508 344 540 386 11
565 343 699 387 ΕΧΟΒῙῙΙ.
1075 347 1117 410 99

444 567 457 582 ι
473 563 1112 598 uamvptuuwsmqtzmenmmsumen

429 739 653 817 nuntiata
678 740 774 816 111¹.

153 955 198 1013 De
209 977 238 1013 eo
252 951 328 1026 praed
345 954 480 1029 scr-aptum
496 965 536 1008 cst
554 975 565 1008 .·
580 947 644 1030 Ego
655 963 760 1010 autem
773 948 873 1030 gracili
886 970 958 1018 voce
967 972 1052 1024 suna,

464 1051 494 1098 et
510 1037 615 1098 tardus
628 1039 739 1118 lingna.

123 1221 150 1287 1.
162 1221 277 1286 Donec
286 1232 371 1285 eaaet
380 1218 506 1307 bloyaea
516 1217 549 1282 in
561 1215 716 1306 AEgypto,
727 1231 760 1283 et
773 1219 955 1284 erudiretur
964 1220 1051 1284 omni
1066 1241 1117 1284 aa·

80 1331 202 1419 pientia
208 1329 445 1418 AEgyptiornm,
454 1351 519 1394 non
527 1339 595 1392 erat
607 1325 714 1415 gracili
722 1351 801 1394 voce
810 1351 870 1395 nec
880 1327 1116 1416 tardualingua,

85 1457 147 1502 nec
161 1433 378 1522 profitebatur
393 1453 425 1497 ae
434 1455 499 1498 eaao
511 1430 759 1519 ineloquentem.
773 1433 850 1497 Erat
861 1434 948 1498 enirn
962 1445 1119 1523 quantum

92 1542 136 1606 nd
149 1540 330 1629 AEgyptioe,
341 1549 373 1605 et
386 1562 503 1606 sonora)
517 1541 617 1616 vocia,
633 1552 666 1606 et
683 1539 873 1630 eloquentiae
888 1542 1122 1631 incomparabi-

93 1647 163 1714 lia².
185 1647 245 1714 Ubi
259 1660 364 1714 eutem
377 1650 471 1738 cepit
483 1648 594 1715 audire
609 1671 719 1716 rocem
735 1649 806 1726 Dei,
823 1661 856 1716 et
870 1649 996 1740 eloquia
1012 1653 1117 1721 divina

88 1759 267 1847 suscipere,
280 1769 356 1823 tunc
366 1758 463 1824 ansb
478 1755 592 1824 exilem
607 1771 640 1823 et
655 1757 805 1848 gracilem
815 1781 928 1825 vocem
944 1783 1046 1837 auam,
1059 1775 1122 1828 tnr-

17 1875 22 1888 '
84 1868 227 1953 demque
244 1878 278 1930 et
292 1865 476 1954 inpeditam
494 1889 563 1932 eaac
581 1887 670 1932 auam
689 1865 835 1956 intelligit
851 1866 1019 1957 linguam:
1043 1883 1121 1939 tunc

82 1999 118 2042 aa
141 1975 331 2064 pronuntiat
349 1987 489 2051 mutum,
509 1997 585 2041 cum
603 1977 700 2064 cepit
720 1999 895 2066 agnoscere
910 1999 1021 2043 rerum
1042 1979 1121 2048 illud

83 2082 243 2156 Verbum.
255 2082 343 2170 quad
356 2093 427 2149 erat
439 2083 474 2149 in
488 2083 645 2172 principio
660 2084 746 2172 opud
761 2083 897 2150 Deum⁸.
915 2084 979 2151 Sed
997 2109 1061 2175 que
1077 2087 1120 2152 la·

85 2191 179 2260 cilina
193 2191 280 2280 quod
290 2191 425 2258 dicimus
436 2193 537 2282 poaait
550 2191 684 2268 adverti,
701 2206 829 2260 utamur
840 2193 1024 2283 hujusmodi
1036 2197 1121 2262 simi·

88 2301 236 2372 litualine.
248 2301 340 2368 Mutia
353 2300 561 2378 animalibua,
570 2303 713 2390 quamvia
725 2303 766 2367 sit
780 2302 945 2392 imperitus
960 2317 993 2369 et
1007 2305 1122 2372 indoc-

86 2424 157 2486 ιω,
179 2409 367 2476 rationabilia
389 2412 490 2477 bomo
511 2410 537 2476 ai
558 2424 772 2499 comparetur,
792 2411 952 2476 videbitne
968 2408 1121 2500 eloquens

80 2519 124 2586 ad
137 2519 411 2607 comparationem
422 2541 547 2596 eorum,
560 2541 632 2608 quaa
646 2529 679 2584 at
693 2520 823 2584 rationis
835 2532 868 2584 et
877 2519 963 2584 vocis
978 2521 1120 2607 expertia

77 2641 157 2696 aunt
173 2653 182 2694 ε
203 2629 230 2694 ai
249 2652 324 2694 vero
339 2629 473 2694 cruditis
488 2641 521 2694 at
534 2628 758 2716 eloquentibus
774 2629 860 2704 viria,
877 2641 972 2717 atque
985 2629 1017 2694 in
1033 2630 1121 2694 omni

76 2738 237 2828 snpientia
261 2737 492 2826 probatiaaimia
506 2736 702 2811 conseratur,
717 2746 752 2800 et
765 2734 950 2823 ineloquens
964 2747 997 2804 et
1013 2747 1121 2801 mutus

76 2849 257 2916 videbitur.
272 2849 315 2912 At
328 2847 355 2912 ai
366 2847 471 2934 ipaum
483 2846 553 2932 qaia
564 2843 800 2932 contempletur
811 2844 953 2910 divinum
964 2843 1120 2923 Verbum,

77 2963 250 3050 ipsamque
261 2956 402 3021 divinam
419 2955 568 3043 respiciat
581 2954 789 3041 Sapientiam,
803 2954 976 3042 quantaevis
991 2955 1031 3018 sit
1044 2975 1122 3019 orn-

77 3069 210 3136 ditioaia
230 3077 265 3131 et
283 3077 546 3152 quantecumque
566 3063 739 3151 sapientiae,
757 3061 859 3129 multo
873 3060 1009 3152 ampllua
1023 3085 1121 3151 quam

81 3177 166 3267 apud
182 3198 244 3242 noa
261 3183 338 3239 aunt
351 3172 502 3260 pecudea,
518 3171 587 3260 ipae
600 3170 686 3258 apud
697 3170 801 3235 Deum
813 3175 938 3235 mutum
954 3193 988 3236 ae
1002 3169 1120 3238 animal

83 3285 299 3376 profitebitur.
314 3283 384 3348 lloc
395 3280 545 3347 nimirum
556 3292 625 3344 erat
638 3279 771 3367 Moyses.
788 3278 885 3359 Quod
895 3289 927 3343 et
938 3280 1050 3345 beatus
1061 3279 1122 3344 Da·

12 3381 18 3396 ’
88 3396 141 3460 via
151 3397 294 3468 intuens,
311 3400 345 3456 et
365 3389 420 3457 tali
436 3389 546 3456 ordine
561 3387 766 3475 temetipsum
781 3387 822 3452 ad
837 3387 975 3452 divinam
994 3386 1121 3477 eapien—

92 3503 169 3566 tiam
176 3501 304 3577 libram,
315 3499 461 3566 dicebatz
473 3496 537 3563 «Ut
548 3498 729 3585 jumentum
739 3495 841 3562 lactus
852 3519 924 3562 aum
936 3496 1021 3584 apud
1032 3509 1062 3562 te
1070 3496 1115 3563 ’.ι

92 3611 268 3678 &ondam
291 3611 359 3676 boc
377 3631 452 3697 ergo
475 3619 509 3673 et
520 3606 752 3694 Prophetarum
769 3606 925 3672 maxianus
943 3605 1066 3695 Moyses
1088 3609 1121 3674 in

90 3720 383 3814 praeualentem
398 3718 476 3784 dicit
490 3715 531 3782 ad
546 3739 634 3792 eum.
647 3714 734 3803 quod
747 3713 855 3805 gracili
873 3737 948 3783 voce
960 3717 1000 3781 cit
1013 3728 1045 3780 ot
1062 3728 1122 3781 tan

118 3875 262 3934 ¹Tom.ll,
275 3890 300 3938 p.
322 3871 368 3919 135
378 3879 404 3918 at
413 3885 487 3936 aaqq.

116 3950 219 3999 taxea.
231 3963 267 3994 ra.
281 3971 313 3984 -
323 3943 333 3978 ⁸
343 3945 420 3994 loen.
432 3961 450 4004 r,
465 3962 526 3992 1.-
538 3942 547 3976 ⁴
560 3943 623 3991 Paal·
637 3958 713 4000 auu,
729 3943 766 3990 ab.

849 4049 986 4122 .7·
