2702 4610
258 261 317 326 rso
698 281 841 326 naturate

255 399 520 471 multitudinem
534 412 742 492 peccaturum
754 401 778 466 ¹.
798 429 811 464 a
828 399 923 466 Sexta
941 423 1069 489 quoque
1087 399 1123 466 lit
1141 399 1295 468 remini·

252 530 310 596 per
331 511 558 578 abundantiam
580 510 756 586 charitatis,
772 510 854 576 sicut
875 520 907 574 et
926 509 992 597 ipse
1010 509 1165 576 Dominus
1184 511 1292 575 dicit:

259 618 386 686 «Amen
403 619 474 686 dico
491 620 561 696 tibi,
578 621 785 688 remittuntur
800 618 829 683 ei
850 628 980 706 peccata
993 616 1115 706 multa,
1133 619 1295 706 quoniam

252 753 265 786 s
283 723 391 794 dilexit
405 726 541 796 mtrltum
554 726 577 793 ἰ
593 757 606 790 s
625 727 666 796 Et
680 724 851 818 Apostolus
867 723 962 791 dicit:
982 725 1170 805 «Quoniam
1188 723 1297 792 chari-

252 846 330 900 »tas
344 839 486 925 cooperit
503 837 741 905 multitudinem
759 846 965 924 pennatorum
978 833 1002 899 ⁸.
1022 863 1035 898 a
1053 835 1110 900 Est
1130 833 1247 900 adhuc
1263 849 1296 900 et

252 942 398 1033 septima,
413 944 489 1012 licet
503 947 582 1013 dura
600 959 633 1012 ct
646 945 816 1022 laboriosa,
832 966 890 1036 per
906 943 1128 1036 poenitentiam
1144 945 1295 1010 remissio

252 1068 470 1142 peccatorum,
484 1080 558 1126 cum
570 1057 653 1126 lavat
666 1069 817 1146 peccator
829 1057 860 1122 in
872 1055 1021 1144 lucrymis
1031 1067 1170 1122 stratum
1183 1081 1294 1132 suum,

251 1176 285 1230 et
306 1163 388 1233 liunt
404 1167 433 1232 ei
452 1167 600 1256 lacrymae
620 1191 684 1234 suae
707 1165 875 1256 paneadis
895 1188 934 1234 ac
955 1177 1063 1241 nocte,
1079 1177 1112 1230 at
1132 1188 1216 1232 cum
1234 1189 1295 1232 non

252 1275 410 1343 erubescit
435 1277 591 1344 sacerdoti
616 1275 743 1344 Domini
770 1275 911 1342 indicare
934 1288 1103 1364 peccatum
1128 1298 1244 1350 suum,
1267 1291 1294 1340 et

252 1405 393 1470 querere
413 1386 617 1476 medicinam,
633 1383 808 1452 secundum
831 1407 906 1452 eum
926 1387 980 1475 qui
999 1388 1064 1452 ait:
1089 1384 1207 1462 «Dixi,
1226 1387 1292 1452 Pru

253 1494 434 1562 »nuntiabo
452 1494 619 1561 adversum
640 1517 692 1562 me
708 1495 895 1584 injustitiam
914 1518 1019 1562 meam
1036 1494 1197 1569 Domino,
1214 1508 1247 1561 et
1261 1510 1289 1562 tu

233 1602 426 1668 raremisisti
448 1605 642 1692 impietatem
664 1606 769 1672 cordis
789 1605 852 1670 mei
869 1603 920 1671 ’.ι
940 1604 977 1672 Ιιι
995 1629 1058 1694 quo
1082 1603 1242 1694 impletur
1262 1619 1291 1672 et

252 1708 343 1788 illud,
360 1712 447 1806 quod
462 1710 601 1779 lacubus
613 1712 781 1805 Apostolus
797 1712 894 1778 dicit:
917 1710 975 1777 «Si
991 1712 1061 1802 quis
1078 1723 1190 1778 autem
1205 1713 1288 1778 inlir

253 1831 397 1896 amatur,
417 1832 508 1888 vocet
527 1822 729 1910 presbyteros
752 1821 914 1896 Ecclesiae,
931 1832 963 1884 et
982 1821 1153 1909 imponant
1172 1822 1202 1886 ei
1222 1845 1288 1890 ma-

253 1955 266 1988 ι
280 1950 352 2005 nus,
366 1941 519 2018 ungentes
530 1953 604 1995 cum
617 1929 688 1996 oleo
700 1932 732 1997 in
747 1931 875 2023 nomine
888 1931 1015 1996 Domini
1027 1954 1037 2004 ς
1049 1943 1083 1995 et
1098 1932 1206 1996 oratio
1217 1931 1286 1998 fidei

253 2033 413 2102 ,salvabit
438 2037 614 2117 infirmum,
634 2053 667 2106 et
688 2041 713 2108 si
735 2043 767 2107 in
789 2041 929 2129 peccatis
952 2039 1059 2116 fuerit,
1085 2043 1286 2108 remittentur

253 2174 266 2206 ι
282 2145 312 2210 ei
329 2144 351 2214 ⁸.
370 2176 383 2211 ι
403 2149 444 2214 Et
463 2162 498 2215 tu
520 2173 596 2240 ergo
615 2175 691 2218 cum
711 2151 796 2216 venis
819 2151 859 2216 ad
875 2150 1009 2240 gratiam
1030 2151 1200 2238 baptismi,
1213 2155 1280 2216 ritu·

254 2251 320 2326 lum
336 2254 490 2332 obtulisti,
503 2259 576 2346 quia
591 2261 623 2324 in
638 2271 774 2330 mortem
787 2257 903 2326 Christi
919 2259 1101 2347 baptizaris.
1120 2261 1204 2327 Cum
1216 2285 1286 2327 vero

254 2365 294 2431 ad
306 2367 639 2456 martyriumduceris,
649 2367 774 2434 hircum
787 2365 943 2444 obtulisti,
953 2369 1026 2456 quia
1038 2381 1204 2435 auctorem
1213 2394 1289 2460 pec·

254 2477 315 2542 cati
337 2475 499 2545 diabolum
519 2475 678 2568 jugulasti.
699 2477 781 2542 Cum
803 2497 878 2542 vero
901 2473 1133 2570 eleemosynam
1152 2478 1283 2554 seceris,

252 2594 284 2648 et
306 2607 379 2672 erga
407 2584 581 2672 indigentes
598 2568 752 2646 affectum
772 2581 997 2648 misericordiae
1014 2581 1145 2650 sollicita
1164 2583 1289 2672 pietate

173 2750 179 2764 ,
255 2691 455 2782 dependeris,
471 2689 570 2756 altare
591 2712 717 2756 sacrum
737 2689 834 2756 haedis
850 2691 1020 2782 pinguibus
1037 2692 1185 2758 onerasti.
1205 2691 1287 2760 Nam

254 2801 279 2866 si
294 2823 334 2866 ex
346 2799 442 2866 corde
457 2799 614 2867 remiseris
626 2811 794 2892 peccatum
809 2801 898 2866 lratri
913 2812 984 2877 tuo.
996 2814 1030 2867 et
1045 2801 1219 2869 iracundie
1235 2815 1288 2867 tu-

254 2931 343 2978 more
351 2909 506 2999 deposito,
515 2911 625 2976 mitem
638 2910 720 2975 intra
734 2921 764 2976 te
776 2923 808 2975 et
820 2910 996 2998 simplicem
1008 2891 1211 3002 recollegeris
1224 2915 1290 2979 ani-

254 3041 357 3095 mum,
366 3017 544 3087 immolasse
555 3033 586 3086 te
598 3022 742 3096 arietem.
757 3019 804 3086 vel
816 3045 932 3110 agnum
945 3021 978 3086 in
991 3021 1186 3089 sacrificium
1198 3025 1291 3090 obtu-

254 3126 326 3196 lisse
341 3129 478 3196 confide.
497 3129 596 3197 Porro
613 3143 720 3197 autem
737 3131 761 3196 si
778 3130 890 3198 divinis
907 3129 1097 3198 lectionibus
1115 3133 1286 3200 instructus

253 3239 295 3306 sis
310 3239 492 3306 meditando
512 3241 594 3308 sicut
616 3240 778 3317 columba,
794 3253 826 3310 et
847 3241 880 3308 in
902 3239 971 3332 lege
985 3243 1113 3308 Domini
1131 3244 1289 3334 vigilando

253 3349 304 3415 die
320 3373 359 3416 ac
373 3362 480 3426 nocte,
492 3350 532 3417 ab
548 3375 655 3417 erroro
671 3375 728 3417 suu
745 3351 937 3418 converteris
952 3363 1171 3440 peccatorem,
1188 3366 1225 3420 et
1239 3355 1291 3418 ah-

253 3457 336 3545 jectu
352 3459 491 3547 nequitia
506 3459 546 3524 ad
558 3457 791 3549 simplicitatem
806 3483 881 3525 eum
899 3456 1055 3526 columbae
1071 3465 1289 3538 revocaveris,

254 3579 348 3656 atque
370 3569 560 3636 adhaerendo
585 3571 700 3637 sanetis
718 3569 830 3637 feceris
855 3593 929 3638 eum
951 3571 1135 3638 societatem
1155 3575 1292 3639 turturis

254 3675 382 3756 imitari,
398 3701 455 3767 par
466 3690 626 3746 turturum
641 3692 695 3744 aut
707 3680 786 3746 duos
797 3676 900 3769 pullos
914 3679 1135 3746 columbarum
1149 3681 1292 3750 Domino

256 3835 364 3962 uagae.
379 3854 455 3971 pkso.
469 3868 496 3878 -
507 3840 518 3874 ²
530 3842 588 3892 Luc.
603 3858 648 3902 ru,
665 3861 701 3907 ¹7·
716 3843 766 3881 -⁸
780 3860 787 3891 ι
802 3844 869 3897 Petu.
887 3859 921 3906 tv,
932 3844 996 3895 8.-
1009 3842 1018 3878 ⁶
1029 3843 1121 3897 Psalm.
1139 3862 1210 3908 rur,
1222 3849 1243 3895 5.
1258 3875 1293 3884 -

326 3947 333 3962 .
364 3945 371 3971 ,
416 3949 421 3963 .
