2744 4600
261 243 323 322 554
700 276 842 319 ostettttts

262 384 395 472 speculae
419 392 518 476 posita
539 404 596 456 est.
620 391 781 480 Speculari
802 359 887 456 enim
908 389 1028 476 incipit,
1052 400 1083 452 et
1105 388 1295 476 prospicere

262 517 350 581 spem
376 497 514 566 futuram
537 513 571 566 et
589 501 785 568 altitudinem
801 502 1000 590 profectuum
1017 498 1240 587 contemplari,
1257 511 1297 562 et

262 602 412 687 paulatim
425 610 552 686 erescit,
563 610 640 676 dum
652 609 721 700 plus
734 635 788 699 spe
803 611 942 676 nutritur
957 633 1052 696 quam
1067 606 1232 673 laboribus
1247 608 1296 671 fn·

266 712 391 799 ligatur.
409 716 487 795 Quae
499 720 591 785 statio
605 721 669 786 sive
681 722 802 786 mansio
818 731 927 786 contra
944 715 1122 805 Magdalum
1137 728 1197 790 est,
1209 739 1297 780 non·

263 817 380 892 (lumin
393 824 459 912 ipso
466 827 619 917 Magdalo.
629 827 807 917 blagdalum
818 829 904 894 enim
915 825 1291 916 magnificentiadicitur.

263 929 389 998 liabens
400 957 474 1024 ergo
487 939 518 1004 in
530 953 702 1028 conspectu
714 952 747 1004 et
760 939 976 1005 ascensionem
991 935 1139 1027 specula,
1155 948 1189 1000 et
1203 957 1294 1023 mag-

263 1039 453 1111 nificentiam
468 1071 575 1114 rerum
591 1049 781 1124 futurarum,
797 1050 923 1137 spebus,
941 1059 975 1112 ut
991 1027 1140 1122 diximus,
1157 1045 1294 1133 ingenti·

261 1150 321 1215 bus
332 1155 470 1240 pascitur
479 1169 511 1222 et
526 1160 674 1225 nutritur.
694 1157 730 1222 ln
745 1156 993 1245 profectionibus
1005 1156 1092 1220 enim
1103 1165 1164 1229 est,
1178 1176 1244 1218 non
1256 1153 1292 1217 in

262 1262 453 1346 perfectione
468 1269 532 1354 jam
547 1271 659 1357 posita.

305 1371 379 1438 Post
395 1375 464 1442 haee
478 1379 723 1466 proficiscuntur
738 1379 776 1444 de
791 1378 893 1452 iroth,
910 1389 941 1442 et
959 1388 1123 1442 transeunt
1145 1396 1203 1461 per
1220 1395 1290 1437 me·
1324 1375 1327 1384 '

264 1481 351 1546 dium
366 1488 460 1552 maris
477 1488 591 1563 Rubri,
608 1501 640 1556 et
656 1487 874 1577 applicuerunt
890 1488 929 1552 ad
945 1485 1180 1552 amaritudines.
1199 1483 1293 1549 Dixi-

263 1613 333 1656 mus
348 1605 472 1684 tempus
487 1598 699 1686 profectuum,
711 1611 836 1687 tempus
855 1621 922 1664 esse
937 1595 1160 1685 periculorum.
1181 1595 1293 1672 Quam

264 1697 393 1768 molesta
409 1707 538 1771 tentatio
554 1709 684 1773 transire
700 1731 757 1797 per
773 1708 913 1774 medium
930 1731 1029 1782 mare,
1048 1707 1156 1771 videre
1171 1703 1292 1768 fluetus

265 1808 296 1873 in
311 1811 475 1878 cumulum
491 1838 645 1892 erescere,
658 1819 767 1884 audire
784 1817 941 1884 undarum
957 1815 1179 1881 insanientium
1192 1833 1287 1878 voees

249 1926 296 1982 'et
317 1924 462 2010 strepitus
483 1949 490 1990 ε
513 1926 567 1992 sed
583 1939 690 1993 tamen
705 1928 729 1991 si
744 1927 882 2015 se'quaris
897 1926 1039 2014 Moysen,
1057 1925 1167 1998 idest,
1186 1921 1291 2011 legem

265 2028 335 2102 Dei,
353 2054 440 2118 aquae
452 2036 508 2100 tibi
518 2059 628 2102 murus
639 2036 765 2101 dextera
781 2035 1022 2124 levaquefrent,
1036 2048 1068 2100 et
1079 2035 1139 2100 iter
1148 2033 1287 2098 invenies

266 2141 454 2224 persiccum
473 2145 505 2212 in
520 2146 732 2212 mediomari.
752 2144 815 2212 Sed
833 2157 865 2210 et
884 2143 965 2210 illud
980 2146 1039 2208 iter
1053 2140 1183 2210 eoeleste
1206 2141 1284 2231 quod

266 2273 357 2337 agere
372 2252 506 2320 dicimus
522 2257 671 2330 animam,
686 2267 789 2343 potest
802 2253 870 2320 fieri
888 2265 921 2318 ut
936 2253 1052 2319 habeat
1066 2253 1186 2341 aliquid
1198 2276 1290 2341 aqua·

267 2383 350 2439 rum,
363 2375 466 2452 potest
481 2365 548 2432 fieri
566 2377 600 2431 ut
611 2366 654 2430 ibi
669 2364 870 2432 inveniantur
881 2364 972 2428 undae
981 2386 990 2435 ;
1005 2374 1053 2427 est
1064 2363 1150 2427 enim
1163 2362 1207 2426 ibi
1219 2383 1293 2449 pers

265 2471 368 2561 aliqua
391 2497 555 2562 aquarum,
575 2489 607 2540 ot
622 2499 694 2564 pars
707 2473 810 2563 aliqua
834 2474 891 2540 sub
913 2472 1019 2540 eoelo:
1041 2484 1072 2537 et
1088 2495 1147 2538 nos
1163 2472 1293 2538 interim

265 2584 378 2651 harum
393 2610 462 2675 quae
477 2590 535 2654 sub
553 2587 633 2654 coelo
649 2598 721 2653 sunt
735 2609 887 2674 aquarum
903 2584 1004 2651 undas
1019 2583 1201 2672 fluctusque
1218 2607 1293 2672 per-

267 2695 414 2769 ferimus:
435 2699 520 2763 Deus
536 2699 647 2763 viderit
666 2699 692 2762 si
709 2696 769 2762 illae
791 2697 904 2784 quietae
919 2707 994 2760 sunt
1013 2706 1045 2757 et
1065 2693 1209 2782 placidse,
1232 2717 1294 2759 nec

267 2803 422 2892 aliquibus
437 2808 537 2874 ventis
552 2807 699 2872 flantibus
715 2807 900 2872 excitantur.
920 2803 985 2869 Sed
1001 2826 1057 2868 nos
1073 2804 1200 2869 interim
1217 2827 1293 2871 oum

267 2917 444 2982 venerimus
461 2919 502 2984 ad
518 2918 682 2982 transitum
704 2915 812 2989 maris,
836 2913 956 2980 etiamsi
977 2913 1137 2977 videamus
1156 2912 1292 2978 Pharao

268 3037 390 3090 namet
405 3025 567 3116 AEgyptios
583 3027 793 3112 insequentes,
814 3020 892 3088 nibil
909 3021 1114 3108 trepidemus,
1131 3019 1238 3087 nullus
1253 3024 1292 3088 de

268 3133 316 3198 his
336 3149 451 3210 metus,
472 3135 557 3201 nulla
577 3135 710 3201 formido
733 3135 782 3198 sit.
810 3131 981 3196 Credamus
998 3143 1121 3196 tantum
1136 3131 1172 3196 in
1194 3153 1293 3196 unum

270 3265 378 3308 verum
390 3244 506 3318 Deum,
518 3255 550 3308 et
561 3267 653 3331 quem
666 3243 751 3308 misit
763 3239 877 3306 Filium
889 3262 981 3304 suum
992 3239 1102 3304 lesuin
1115 3239 1293 3306 Christdm.

270 3350 365 3430 Quod
378 3365 411 3416 et
423 3353 447 3416 si
464 3351 587 3417 dicatur
604 3351 738 3441 populus
762 3351 828 3416 Deo
850 3348 1020 3415 credidisse
1035 3362 1068 3414 et
1084 3349 1204 3414 famulo
1226 3351 1294 3437 ejus

267 3463 380 3550 Moysi,
396 3463 553 3528 credimus
567 3476 599 3528 et
616 3485 678 3528 non
691 3462 864 3528 seeundum
876 3461 939 3526 hoe
951 3460 1046 3525 etiam
1060 3458 1174 3546 llloysi,
1186 3461 1222 3524 id
1234 3475 1290 3534 est,

259 3573 343 3659 ¹Legi
363 3571 419 3636 Dei
435 3583 467 3636 et
481 3571 654 3662 Prophetis.
673 3573 827 3638 Constans
845 3593 920 3659 ergo
935 3581 1016 3644 esto,
1030 3579 1061 3634 et
1073 3568 1242 3659 paulopost
1255 3574 1291 3636 ri·

272 3681 360 3746 debis
376 3680 538 3772 AEgyptios
550 3685 689 3772 jacentes
706 3683 746 3747 ad
759 3681 845 3748 littus
864 3681 969 3746 maris.
989 3679 1070 3745 Cum
1089 3692 1196 3745 autem
1214 3681 1290 3747 vide·

271 3794 311 3857 ris
332 3817 385 3858 eos
407 3795 559 3882 jacentes,
582 3807 615 3858 tu
633 3817 761 3883 exurge,
780 3807 814 3858 et
829 3803 920 3858 eante
942 3793 973 3857 in
996 3791 1127 3857 canticis
1142 3792 1291 3865 Domino,

270 3911 302 3963 et
313 3901 456 3966 collauda
470 3925 543 3967 eum
559 3902 611 3988 qui
624 3925 741 3990 equum
753 3915 785 3968 et
800 3925 996 3969 ascensorem
1014 3902 1165 3969 demersit
1180 3903 1214 3970 in
1229 3903 1293 3970 llu-
