2744 4624
249 239 289 302 80
694 257 836 302 euresius

248 375 347 461 gitur3
363 372 394 438 id
411 383 471 447 est,
490 367 632 438 novellus
647 383 804 438 exuetere
819 393 877 460 per
892 367 989 437 fidem
1005 369 1143 462 populus
1157 374 1289 440 ascissi-

247 499 312 558 tur,
329 508 367 552 no
380 483 502 573 pupulo
517 507 556 550 ex
571 483 718 571 gentihus
733 483 881 548 sociatur.
894 481 971 551 Vitis
987 507 1061 572 ergo
1079 483 1224 574 Christus
1243 507 1287 550 ex

247 615 283 687 ea
299 605 390 682 parte
405 591 595 679 diciturque
608 603 754 658 naturum
771 593 910 681 suscepit
928 592 1114 668 humanam,
1126 593 1167 658 sd
1185 615 1286 682 quem

247 701 333 766 Deus
345 699 487 768 Verbum
500 723 593 766 suum
609 698 733 788 pullum
748 699 854 790 alligat
868 723 876 766 ι
891 702 922 768 id
937 714 998 778 est,
1010 700 1166 790 populum
1186 725 1287 768 suum

247 812 413 900 conjungit
434 824 466 876 et
489 811 589 878 sociat
611 811 640 876 ei
663 813 893 878 conversationi
917 834 1013 900 quam
1033 813 1100 902 ipse
1121 813 1227 902 exegit
1251 815 1287 880 in

246 943 359 994 cerne;
376 934 411 986 ut
427 921 600 987 imitatione
619 921 728 1009 ipsius,
744 920 862 1010 pullus,
882 923 935 1010 qui
954 923 1115 1012 adipsum
1135 921 1285 1013 alligatus

246 1043 309 1106 est,
339 1031 494 1098 efficiatur
519 1053 595 1100 cum
618 1029 672 1096 illo
695 1043 728 1096 et
748 1030 831 1098 filius
853 1033 911 1098 Dei
936 1045 969 1098 et
988 1033 1127 1099 cohaeres
1148 1034 1282 1102 Christi.

246 1141 410 1208 Palmitem
422 1165 498 1208 vero
510 1142 548 1208 de
561 1165 625 1228 quo
642 1142 675 1206 iu
691 1142 786 1209 initiis
801 1143 877 1231 quid
895 1142 1086 1232 significaret
1104 1167 1169 1210 non
1186 1168 1285 1234 expo·

247 1254 382 1327 suimus,
395 1249 569 1340 intelligere
583 1274 750 1340 possumus
761 1251 823 1318 hoe
837 1253 942 1318 modo.
958 1253 1052 1320 Fides
1063 1274 1133 1341 quae
1144 1253 1177 1320 in
1191 1253 1284 1320 Chri·
1361 1269 1362 1278 ²

245 1374 292 1426 sto
308 1374 368 1437 est,
388 1374 420 1427 et
439 1361 602 1448 prseseutis
619 1361 688 1426 vitre
704 1359 846 1450 regulam
865 1372 964 1437 tenet,
980 1374 1012 1428 et
1029 1362 1142 1428 futurae
1160 1363 1228 1452 spei
1244 1364 1283 1430 sr-

243 1473 370 1537 ducinm
392 1481 531 1558 praestat.
550 1467 630 1536 Vitis
647 1491 725 1557 ergo
745 1467 824 1535 illud
846 1469 971 1536 videtur
995 1471 1175 1548 ostendere,
1191 1473 1282 1562 quod

244 1580 361 1648 Christi
380 1579 412 1644 in
437 1602 532 1646 earne
550 1578 643 1666 positi
663 1589 749 1666 geste
774 1580 806 1644 iu
827 1579 896 1666 ipso
918 1577 1084 1646 credentes
1099 1581 1275 1653 imitantur.

243 1691 367 1757 Pelmes
381 1712 456 1754 veru
471 1686 551 1753 illud
570 1685 769 1776 intelligitur,
780 1689 868 1775 quod
882 1686 1002 1777 palmes
1020 1691 1127 1756 arbori
1142 1713 1277 1756 connec—

243 1803 363 1866 tituret
378 1797 587 1865 confirmatur
602 1821 619 1862 u
635 1794 737 1884 lapsu,
754 1819 818 1886 quo
839 1795 1033 1862 adminiculo
1051 1797 1147 1864 lretus
1162 1808 1270 1862 ventos

123 1903 126 1912 ’
244 1933 281 1977 eo
300 1910 442 1975 turbines
463 1907 642 1973 contemnit
657 1917 689 1971 et
708 1907 839 1994 respuit,
860 1906 1041 1973 futurorum
1056 1909 1214 1973 honorum
1227 1907 1275 1972 iu-

242 2016 326 2082 dicat
341 2037 429 2102 spem
444 2037 452 2076 :
468 2013 540 2099 quia
562 2009 671 2078 fideles
689 2013 807 2099 quique
823 2035 887 2078 non
903 2011 1006 2077 solum
1024 2013 1056 2078 in
1070 2012 1120 2078 his
1141 2037 1212 2100 quae
1227 2037 1277 2104 ge-

243 2137 329 2199 runt,
349 2124 405 2189 sed
423 2135 455 2188 et
474 2123 507 2188 iu
527 2122 576 2188 his
595 2145 666 2211 quae
685 2136 813 2210 sperant
828 2135 861 2188 et
876 2123 1024 2199 credunt,
1043 2124 1183 2189 futurum
1203 2149 1278 2192 con-

240 2234 484 2301 summationem
495 2231 603 2298 salutis
615 2244 793 2320 expectant.
809 2233 846 2298 ln
862 2256 926 2319 quo
944 2235 1034 2322 quasi
1048 2235 1089 2302 ad
1103 2237 1278 2323 quemdem

242 2342 1278 2434 patientiaeurhoremspejuuctietounfirmati.tentationumpro·
1363 2327 1365 2334 Α

240 2451 334 2520 celles
350 2475 388 2518 ue
403 2452 545 2518 turbines
557 2451 677 2524 foranu
693 2450 780 2537 quod
800 2451 839 2516 de
852 2451 1005 2519 historiali
1022 2453 1106 2518 luda
1124 2456 1270 2543 interpre-

241 2563 299 2626 tari
315 2561 400 2628 nulla
419 2561 497 2626 mihi
512 2561 596 2625 retio
612 2559 736 2624 videtur
747 2583 838 2647 posse
849 2561 1046 2648 permittere,
1059 2564 1117 2628 uisi
1133 2565 1154 2630 J
1157 2565 1275 2632 udaieis

240 2669 352 2736 tabulis
372 2679 549 2734 annuentes
566 2679 714 2754 putemus
730 2667 772 2732 ite
789 2690 880 2755 posse
900 2669 1043 2759 intelligi,
1057 2695 1114 2760 pro
1130 2697 1169 2738 eo
1187 2674 1277 2760 quod

240 2780 350 2845 dicunt
367 2789 490 2867 purtem
503 2777 603 2841 tribus
615 2775 720 2852 Judae,
734 2799 830 2865 quum
848 2779 879 2843 in
897 2791 988 2846 terrm
1006 2780 1189 2848 haereditate
1208 2807 1279 2848 sus-

238 2889 343 2977 cepit,
360 2888 402 2952 ita
424 2888 572 2952 refertam
590 2908 658 2950 esse
680 2887 796 2962 vineis,
817 2899 850 2952 ut
870 2901 1019 2977 tunquam
1038 2891 1125 2958 nullo
1143 2891 1278 2962 alterius

238 2999 361 3087 generis
376 2997 529 3062 existente
543 2993 677 3082 virgulto
691 3008 774 3062 tento
793 2998 863 3062 vitis
878 3022 946 3064 esse
961 3001 1051 3089 copia
1068 3003 1225 3081 rideatur,
1240 3017 1278 3072 ut

237 3130 278 3170 ne
297 3102 412 3172 animal
433 3104 563 3192 quidem
582 3101 729 3191 alligandi
751 3105 790 3170 ad
811 3104 897 3171 aliud
918 3131 1017 3196 genus
1037 3113 1160 3178 arboris
1180 3110 1277 3178 detur

236 3215 377 3282 incultas.
394 3214 457 3279 Sed
481 3213 564 3288 haec,
581 3227 615 3278 ut
642 3213 788 3288 diximus,
815 3216 948 3282 ‹ludaIcu
971 3221 1068 3308 magis
1090 3235 1277 3290 commenta

238 3326 427 3390 videbuntur
442 3346 450 3387 ε
465 3323 556 3388 nohis
567 3334 675 3390 autem
688 3326 834 3411 mystico,
848 3325 963 3414 utplus
978 3329 1074 3394 etiarn
1091 3331 1116 3396 si
1133 3329 1198 3396 solu
1218 3334 1275 3406 sit,

235 3435 339 3524 placet
353 3433 517 3522 expositio.

202 3591 209 3596 -
278 3543 364 3642 lllll.
388 3541 542 3606 «Lavahit
556 3542 586 3606 in
600 3544 671 3608 rino
684 3543 795 3610 stolum
814 3567 916 3620 suom,
929 3559 961 3610 ot
980 3547 1012 3614 in
1032 3552 1184 3639 sunguine
1204 3577 1275 3618 useu

233 3683 246 3717 s
260 3653 411 3718 aurietum
424 3673 516 3714 suum
525 3650 546 3714 ¹.
559 3681 570 3713 r
582 3651 782 3720 Videbuntur
797 3668 829 3720 et
845 3655 912 3722 haee
924 3670 1078 3744 quantum
1091 3662 1132 3727 ad
1143 3661 1274 3728 histori-

230 3783 301 3824 cum
311 3758 550 3846 expositionem,
563 3781 673 3846 agrum
683 3759 816 3828 fertilem
827 3764 900 3838 vite,
911 3769 1083 3844 ὑπερσολικᾱις
1095 3769 1157 3833 vini
1170 3770 1274 3835 abun.
1292 3843 1296 3850 ¹

263 3890 347 3938 ¹Gun.
363 3905 431 3948 xxix,
447 3905 486 3937 ιι.
