2644 4612
305 319 337 362 rr
362 315 524 362 currucvu
547 311 749 361 ctrrrcoauu
771 317 832 360 ura.
859 317 905 358 ur.
1059 291 1123 360 515

94 446 151 513 sin
165 440 349 516 manifesto,
368 443 511 529 cognovi.
531 438 743 506 »Secundum
753 437 822 505 haec
838 459 965 528 quoque
980 443 1125 530 agnoscit

95 566 129 620 et
148 549 354 618 substantiam
372 547 503 624 mundi,
522 567 586 612 non
607 543 709 612 solum
729 546 813 612 hano
835 545 989 614 visibilem
1009 571 1126 638 corpo-

98 679 261 744 reamque,
274 677 343 743 quae
353 651 457 742 palam
468 663 533 728 est,
548 649 604 718 sed
615 663 647 716 et
658 649 745 717 illam
757 653 975 740 incorpoream
991 653 1128 720 invisibi-

100 766 227 854 lemque
237 786 306 852 quse
319 763 350 828 in
365 759 492 828 occsrlto
505 772 563 826 est.
578 760 729 850 Agnoscit
742 761 837 826 etiam
848 759 1004 827 elementa
1015 762 1128 828 mundi

100 899 165 943 nou
185 871 286 940 solum
304 867 452 946 visibilia,
467 869 522 934 sed
541 880 574 934 ct
592 866 776 944 invisibilis,
792 880 825 933 et
843 881 1050 959 utrorumque
1071 871 1130 936 vir-

100 995 191 1049 tutes.
211 979 275 1047 Sed
292 991 325 1046 et
342 978 468 1044 initium
483 975 569 1066 quod
588 977 681 1054 dicit,
697 989 730 1043 et
745 975 862 1053 linem,
876 989 910 1043 et
926 978 1129 1046 medietatem

98 1102 295 1178 temporum,
314 1087 438 1152 initium
459 1085 503 1152 ait
517 1084 645 1152 visibilis
660 1085 789 1172 quidem
805 1086 936 1162 mundi,
953 1086 1041 1174 qnod
1057 1099 1130 1152 onte

97 1221 152 1266 sex
161 1195 261 1263 millia
274 1217 338 1262 non
353 1195 490 1285 integros
502 1217 600 1261 annos
612 1194 737 1260 initium
752 1194 894 1283 designat
905 1193 1028 1284 Moyses
1042 1219 1050 1260 :
1064 1217 1129 1262 mo-

98 1306 250 1373 diotatem
261 1323 387 1393 quoque
397 1303 572 1370 secundum
587 1314 766 1392 temporum
782 1302 937 1369 rationem
948 1353 957 1380 ,
971 1302 1132 1391 finemque

97 1414 188 1481 illum
204 1414 259 1500 qui
274 1421 417 1502 speratur
431 1433 505 1477 cum
521 1409 637 1478 coelum
652 1423 685 1476 et
699 1421 781 1476 terra
796 1412 987 1476 transibunt.
1005 1410 1130 1477 Secun-

101 1523 178 1590 dum
191 1520 389 1588 occultorum
401 1543 474 1584 vcro
488 1519 671 1595 scientiam,
684 1519 810 1588 initium
822 1517 902 1584 illud
918 1519 1003 1607 quod
1019 1516 1132 1584 intelli·

102 1631 183 1721 gitis
196 1652 291 1718 quom
307 1628 458 1717 sapientia
469 1627 528 1694 Dei
543 1627 704 1702 docuerit,
718 1627 804 1715 quod
815 1625 901 1693 nullu
912 1638 1044 1716 possunt
1056 1638 1133 1692 tem-

107 1763 198 1828 pora,
214 1735 298 1804 nullu
320 1735 433 1803 saecula
453 1725 733 1824 comprehendere.
753 1734 954 1801 Medietatem
978 1757 1050 1800 vero
1064 1733 1134 1802 haec

107 1869 174 1934 quae
183 1869 268 1913 nuuc
283 1857 356 1911 sunt
370 1844 486 1910 :finem
497 1867 570 1912 vero
582 1867 618 1910 eo
631 1867 701 1932 qum
711 1843 818 1910 futura
830 1856 919 1920 sunt,
935 1844 1044 1920 idest,
1057 1867 1134 1933 per*

5 2003 6 2026 ,
100 1954 271 2022 sectionem
294 1953 662 2041 consummationemque
682 1952 910 2028 universitatis,
934 1974 1004 2039 quse
1022 1963 1132 2018 tamon

5 2101 7 2136 r
98 2086 140 2128 ex
153 2062 203 2126 his
215 2060 386 2128 visibilibus
401 2062 516 2150 conjici
528 2073 659 2149 possunt
670 2111 679 2138 ,
692 2073 724 2127 et
739 2060 879 2150 intelligi.
896 2061 958 2127 Sed
975 2073 1006 2128 ot
1019 2061 1135 2128 vicissi-

97 2169 249 2237 tudinum
267 2169 532 2254 permututiones,
550 2179 584 2233 et
601 2180 781 2256 temporum
803 2170 1038 2246 conversiones,
1059 2171 1131 2236 unni

5 2297 8 2356 i,
100 2274 257 2352 circulos,
269 2299 309 2342 ex
318 2273 368 2341 his
379 2298 449 2363 quae
461 2274 605 2340 videntur
617 2274 712 2338 relcrt
720 2275 758 2341 ad
766 2271 935 2340 invisibiles
944 2297 1051 2342 rerum
1064 2300 1133 2342 cor-

7 2459 8 2466 ,
99 2383 258 2478 puralium
272 2383 520 2473 permutationes
535 2404 573 2448 ac
586 2382 825 2448 vicissitudines.
845 2381 988 2449 Circulos
1004 2407 1132 2474 quoque

99 2516 259 2563 annorum
270 2489 509 2582 temporalium,
522 2504 554 2558 et
568 2491 770 2581 praesentium
782 2491 877 2558 refert
888 2492 927 2558 ad
941 2494 1132 2583 antiquiores

9 2637 10 2644 ¹
100 2603 222 2693 aliquos
237 2626 274 2670 ac
289 2601 496 2692 sempiternos
508 2623 623 2677 annos,
640 2601 814 2667 secundum
828 2624 903 2671 cum
914 2603 968 2691 qui
983 2603 1128 2670 dicebat:

10 2737 13 2794 2,
109 2714 173 2779 «Et
187 2735 284 2778 annos
296 2723 430 2777 veternos
445 2710 478 2776 in
493 2721 599 2776 mente
610 2709 737 2776 hubui¹.
752 2739 765 2772 s
781 2711 888 2778 Sedet
902 2709 1064 2778 stellarum
1079 2735 1133 2801 po-

101 2821 230 2888 sitiones
241 2842 306 2886 non
321 2819 477 2884 dubitavit
488 2819 528 2884 ab
540 2817 589 2884 his
603 2842 673 2907 quae
687 2817 791 2908 palam
805 2819 952 2886 videntur
965 2819 1081 2886 referre
1093 2821 1132 2887 ad

13 2975 16 3016 t
101 2928 156 2997 illa
167 2951 237 3018 quse
249 2928 281 2993 in
291 2925 424 2993 occultis
435 2937 509 2992 sunt
520 2949 607 3015 ‚quae
619 2925 818 2994 occultorum
835 2927 1134 3018 manifestorumque

101 3036 267 3104 scientiam
289 3034 431 3101 meruit:
451 3046 484 3100 et
501 3034 579 3099 dicit
597 3057 665 3100 esse
689 3033 817 3123 aliquod
836 3046 1018 3101 sanctorum
1037 3061 1135 3125 genus

102 3141 1131 3234 quoddeAbrahaepraecipuestirpedcscendit‚sicutstellascoeli.

105 3253 171 3320 Sed
184 3265 215 3318 et
229 3252 466 3318 resurrectionis
481 3252 594 3317 futurae
609 3251 740 3342 gloriam
757 3251 861 3319 stellas
876 3277 944 3319 esse
958 3255 1133 3321 secundum

109 3360 306 3427 occultorum
316 3361 481 3428 scientiam
491 3361 728 3450 pronunciavit,
738 3383 871 3449 sequens
884 3385 958 3427 eum
970 3364 1023 3450 qui
1036 3363 1132 3428 dixit:

117 3466 208 3536 «Alia
219 3468 314 3558 gloria
325 3466 417 3545 solis,
432 3481 465 3534 et
475 3468 533 3535 alia
546 3467 717 3535 stellarum.
734 3467 830 3536 Stella
841 3471 925 3536 enim
942 3496 959 3536 a
975 3468 1062 3535 stella
1078 3470 1135 3535 dis·

20 3623 23 3660 ,
107 3575 234 3642 »sertin
249 3575 363 3665 gloria,
375 3575 418 3642 ita
433 3588 465 3641 et
476 3577 666 3642 resurrectio
680 3593 879 3645 mortuorum
890 3577 913 3644 ².
929 3579 1014 3644 »Nisi
1027 3601 1136 3643 sccun-

22 3729 24 3766 ἶ
106 3685 186 3750 dum
196 3683 264 3750 haec
279 3681 506 3772 intelligeretur
515 3682 593 3748 illud
605 3685 691 3772 quod
705 3685 764 3762 ait,
779 3711 792 3746 r
805 3687 938 3754 Naturae
955 3683 1136 3751 animalium
1155 3676 1157 3684 ’

23 3839 25 3876 q
107 3794 256 3881 viresque
271 3791 476 3868 bestiarum³‚
498 3821 512 3854 ι
527 3816 690 3882 nunquam
705 3793 832 3862 dixisset
847 3796 879 3860 in
894 3791 1069 3882 Evangeliis
1084 3793 1142 3872 sal·

146 3933 156 3966 ¹
172 3937 258 3986 Psalm.
269 3953 375 3998 nxxvrr,
391 3937 414 3988 5.
428 3962 458 3972 -
472 3931 694 4001 ²rCor.1v‚qr,
709 3948 752 3996 qn.
761 3965 794 3976 --
807 3934 882 4002 ‘Susa
893 3953 937 3984 vu.

249 4048 277 4087 x.
975 4024 1015 4086 55

1285 233 1293 310 l
