2682 4594
226 281 289 344 218
674 293 816 340 omomus

222 435 367 522 igneum,
386 451 458 494 cum
484 429 609 493 inventa
632 425 750 491 fuerint
769 425 800 491 in
817 426 908 491 nobis
931 440 1085 516 peccata,
1106 452 1176 517 quae
1196 429 1259 492 sino
1326 417 1327 426 ¹

223 539 321 606 dubio
343 560 382 601 ex
401 536 564 624 praeceptis
590 534 734 623 eligimus
763 535 944 600 Pharaonis.
967 535 1001 601 Si
1025 548 1131 600 autem
1154 559 1260 600 suanus

223 646 367 720 Hebraei,
383 655 414 708 et
436 643 587 732 sanguine
604 642 673 730 agni
690 637 883 708 immaculati
896 665 1004 707 sumus
1027 642 1182 730 redempti
1202 693 1210 717 ,
1236 643 1260 707 si

222 777 288 820 non
300 764 462 842 portamus
482 750 650 815 nobiscum
669 749 861 815 fermentum
884 751 1052 838 nequitiae,
1069 749 1265 838 ingredimur

223 862 352 950 quidem
371 869 403 922 et
421 881 478 922 nos
494 856 627 923 ssuvium
648 857 738 945 ignis.
763 856 826 921 Sed
841 856 923 922 sicut
940 857 1081 921 Hebraeis
1100 869 1168 920 erat
1184 881 1262 943 aqna

224 990 334 1034 murus
347 966 455 1030 dextra
467 963 624 1051 laevaque,
643 965 685 1028 ita
706 963 801 1028 etiam
826 963 905 1051 ignis
930 964 991 1027 erit
1011 987 1143 1039 murus,
1164 965 1188 1028 si
1204 988 1264 1029 nos

224 1076 374 1142 iaciamus
390 1072 476 1160 quod
492 1072 531 1137 de
543 1071 603 1136 illis
616 1072 738 1138 dictum
753 1081 819 1145 est,
837 1072 911 1160 quia
927 1070 1133 1137 crediderunt
1148 1073 1216 1138 Deo
1232 1085 1264 1137 et

224 1182 324 1272 Moysi
335 1178 453 1246 famulo
464 1179 534 1267 ejus
545 1229 553 1253 ‚
565 1179 675 1254 idest,
688 1177 748 1266 logi
763 1179 832 1265 ejus
846 1190 878 1242 et
899 1178 1074 1254 mandatis,
1096 1191 1129 1244 et
1147 1181 1193 1244 sic
1212 1203 1265 1244 se·

225 1312 361 1378 quamur
372 1287 555 1353 columnam
571 1287 668 1375 ignis,
682 1298 714 1350 et
728 1284 910 1351 columnam
926 1287 1029 1351 nubis.
1049 1287 1124 1352 Haec
1138 1289 1267 1352 monui-

224 1421 294 1465 mus
308 1408 485 1485 repetentes
501 1393 775 1483 explanationem,
792 1395 955 1482 quomodo
971 1393 1112 1484 gladium
1119 1397 1267 1484 evagina·

224 1515 545 1594 veruntpcccatores.
806 1497 808 1500 ’
988 1573 989 1577 ,

266 1615 305 1678 ll.
325 1613 389 1678 Sed
405 1636 445 1676 ae
460 1609 537 1675 illud
562 1609 689 1696 quidem
706 1609 806 1673 otiose
830 1609 1059 1692 transeundum
1087 1623 1156 1688 est,
1177 1612 1264 1699 quod

220 1721 316 1785 otiam
332 1719 509 1783 tetendisse
525 1717 676 1782 dicuntur
692 1739 803 1781 arcum
815 1734 908 1780 suum
925 1741 931 1778 τ
946 1717 1032 1803 quod
1047 1741 1113 1782 non
1129 1717 1194 1804 jam
1211 1744 1267 1807 ap-

223 1831 381 1921 positione
398 1830 548 1894 contrarii
570 1830 650 1893 sicut
665 1829 697 1892 in
719 1829 839 1894 caeteris
861 1829 1011 1904 fecimus,
1029 1807 1139 1895 sederi
1159 1831 1267 1896 simili-

225 1941 284 2002 bus
296 1935 500 2002 absolvimus.
521 1937 557 1999 ln
574 1935 698 2000 decimo
717 1934 837 2023 psalmo
850 1935 1005 2024 scriptum
1019 1949 1067 2001 est
1085 1938 1178 2024 quia«
1187 1961 1261 2024 pec-

207 2041 210 2048 *
226 2057 370 2111 »catores
387 2045 591 2108 intenderunt
603 2067 737 2119 arcum,
754 2056 943 2132 paraverunt
959 2045 1089 2133 sagittas
1106 2046 1133 2110 in
1146 2046 1260 2131 pbare-

209 2154 213 2160 “
226 2180 238 2213 ι
250 2165 315 2226 tra,
330 2163 364 2214 ut
376 2151 523 2238 sagittent
535 2151 566 2214 in
583 2152 719 2215 obscuro
732 2163 834 2217 rectos
846 2151 943 2216 corde
954 2152 976 2216 ¹.
992 2153 1108 2218 ’Unde
1118 2161 1260 2240 apparet,

224 2255 307 2342 quod
324 2277 380 2318 cor
391 2254 478 2341 impii
494 2251 650 2341 repletum
666 2266 713 2318 cst
729 2253 813 2318 velut
827 2255 976 2343 pharetra
991 2259 1112 2346 sagittis
1130 2279 1268 2321 venena·

223 2364 272 2426 tis.
299 2363 380 2427 Sunt
403 2384 478 2449 ergo
502 2361 621 2449 sagittae
643 2361 832 2450 impiorum,
853 2362 983 2427 consilia
1004 2377 1037 2428 et
1061 2365 1270 2453 cogitationes

224 2471 368 2559 pessimae
383 2493 390 2533 :
410 2491 532 2533 osvero
550 2492 587 2534 ac
599 2466 682 2534 labia
697 2491 806 2532 eornm
821 2493 913 2535 arcus
923 2471 1051 2559 quidam
1064 2485 1131 2546 est,
1150 2496 1216 2558 quo
1230 2473 1273 2537 di-

226 2577 427 2664 latatoatquo
441 2577 577 2640 distento
591 2576 734 2641 venenati
747 2576 850 2641 cordis
859 2576 978 2665 spicula
986 2581 1160 2665 jactantur.
1174 2580 1272 2660 Quod

227 2697 333 2750 autem
351 2684 393 2747 ait
415 2683 446 2747 io
465 2685 610 2758 obscuro,
630 2694 852 2771 competenter·
868 2684 990 2750 dictum
1012 2698 1069 2750 est.
1097 2686 1170 2752 Non
1186 2689 1273 2753 enim

227 2793 276 2856 isti
290 2789 410 2856 talesia
424 2791 492 2866 die,
507 2792 539 2855 id
555 2803 619 2864 est,
638 2792 670 2855 in
680 2789 750 2856 lucc
763 2791 1001 2868 Deiinccdunt,
1016 2794 1116 2859 sedin
1131 2797 1275 2860 tenebris

152 2883 156 2894 ι
227 2899 409 2974 ambulant,
427 2911 459 2962 et
475 2899 505 2963 in
524 2899 715 2962 obscuritate
732 2897 860 2963 malitiae
878 2911 971 2986 atque
987 2902 1174 2989 ignorantiae
1194 2904 1276 2968 deli-

227 3019 363 3072 tescunt.
381 3006 476 3086 Quod
493 3019 599 3070 autem
615 3006 763 3093 sagittant
779 3018 883 3072 rectos
897 3008 1010 3082 corde,
1025 3009 1057 3074 id
1072 3022 1139 3084 est,
1154 3011 1277 3102 simpli-

228 3137 278 3180 ces
299 3126 331 3179 ot
356 3115 535 3202 ignorantes
550 3111 684 3178 malitias
704 3137 785 3177 suas.
809 3113 871 3178 Sed
886 3127 964 3202 puto
983 3117 1071 3205 quod
1091 3118 1147 3183 bic
1166 3144 1276 3184 sermo

227 3245 292 3287 non
316 3233 379 3286 tam
400 3221 439 3285 do
458 3221 639 3287 hominibus
663 3221 901 3309 peccatoribus,
919 3247 1013 3310 quam
1038 3224 1078 3289 de
1101 3229 1275 3294 contrariis

228 3329 438 3418 potestatibus
453 3330 587 3395 dicatur.
607 3327 670 3394 lllae
687 3342 760 3394 sunt
775 3330 861 3396 caim
872 3381 880 3405 ,
893 3355 963 3418 quae
979 3332 1011 3396 in
1025 3335 1166 3399 obscuro
1184 3337 1281 3425 sagit·

227 3447 297 3502 tant
314 3449 417 3502 rectos
435 3437 540 3502 corde.
567 3438 736 3526 Propterea
752 3459 827 3525 crgo
844 3438 894 3504 dic
914 3452 1076 3527 noctuque
1095 3442 1232 3531 vigilent
1248 3445 1280 3507 hi

229 3545 282 3630 qui
304 3556 392 3609 recto
410 3555 483 3609 sunt
498 3546 613 3619 corde,
631 3545 703 3632 quia
717 3543 760 3608 illi
778 3545 906 3634 quidem
922 3562 1114 3634 paraverunt
1131 3553 1278 3639 sagittas.

232 3656 303 3720 Non
315 3653 391 3719 dixit
404 3653 531 3741 jaculati
544 3671 617 3721 sunt
629 3706 637 3730 ,
651 3657 705 3720 sed
714 3671 896 3740 parauerunt
905 3659 1035 3747 sagittas
1048 3683 1058 3724 .·
1071 3685 1136 3725 non
1150 3662 1283 3750 sagitta-

229 3775 306 3826 runt
322 3786 425 3849 nequc
443 3761 700 3838 vulneraverant,
718 3765 773 3829 scd
788 3778 900 3852 parant
913 3791 945 3832 se
958 3780 992 3831 ut
1004 3769 1165 3857 sagittent.
1179 3769 1283 3835 Vides

267 3905 371 3956 ‘l’sabn
384 3926 417 3968 x,
436 3905 458 3956 3
