2644 4612
173 288 237 364 554
623 307 764 354 erremus

172 431 338 498 utilitatem
354 431 498 497 conferre
515 431 711 520 legentibus,
728 445 782 498 aut
805 432 942 520 aliquam
963 431 1073 498 saltem
1091 454 1195 497 narra-

170 541 264 604 tionis
281 541 377 628 ipsius
393 563 517 605 serrare
533 541 810 628 consequentiam,
827 542 909 606 sicut
924 553 959 604 ut
971 541 1090 606 caetcris
1101 541 1198 626 Serip-

169 658 246 712 turae
263 647 399 712 historiis
414 648 601 712 invenimus.
619 649 709 713 Unde
724 671 853 713 necesse
864 661 914 714 est
927 661 1042 714 cuncta
1059 648 1100 712 ad
1114 647 1199 734 spiri-

167 754 263 820 talem
279 755 448 820 transferre
466 753 717 843 intelligentiam.
745 757 853 821 Primo
875 779 952 844 ergo
972 753 1112 842 intellige
1130 754 1201 818 mihi

168 863 280 928 animae
290 863 457 951 hyemem,
470 887 545 927 cum
562 863 668 928 adhuc
681 863 865 952 passionum
880 863 1032 928 lluctibus
1051 864 1201 949 jactatur,

63 965 70 980 '
167 983 199 1035 et
214 971 363 1036 vitiorum
385 969 552 1060 procellis,
571 993 608 1035 ac
629 970 717 1034 duris
733 969 943 1060 malignorum
959 970 1132 1058 spirituum
1152 968 1202 1034 lla-

168 1079 252 1144 tibus
267 1080 461 1144 verberatur.
486 1079 523 1142 ln
543 1078 596 1142 his
611 1079 745 1165 positum
766 1102 831 1143 non
849 1078 996 1144 hortatur
1010 1099 1087 1143 eum
1105 1099 1200 1142 sermo

165 1183 223 1250 Dei
239 1185 320 1249 lora's
332 1184 435 1258 exire,
454 1183 508 1248 sed
525 1183 605 1248 intra
622 1185 825 1273 semetipsam
836 1183 938 1273 colligi
951 1235 960 1259 ,
973 1196 1006 1248 et
1023 1185 1112 1248 uniri
1124 1185 1197 1248 undi-

165 1311 243 1374 que,
265 1298 359 1374 atque
375 1288 500 1376 contegi
524 1299 634 1353 contra
654 1289 849 1376 perniciosos
871 1288 1091 1376 malignorum
1120 1289 1199 1375 spiri·

165 1409 256 1460 tuum
279 1395 387 1460 llatus.
411 1394 495 1462 Nulli
511 1407 589 1461 tunc
603 1395 636 1459 in
653 1394 765 1460 divinis
782 1394 892 1460 litteris
915 1396 1102 1460 studiorum
1118 1395 1197 1468 liores

165 1504 251 1592 apud
265 1525 355 1578 eum,
378 1525 439 1568 nee
459 1502 674 1590 profundioris
698 1503 857 1592 sapientire
883 1515 1025 1576 secreta,
1043 1515 1081 1567 et
1100 1527 1197 1568 recon-

163 1607 227 1672 dita
239 1607 388 1694 mysteria
404 1607 492 1694 quusi
510 1628 568 1694 per
585 1629 694 1672 rocem
709 1607 842 1672 turturis
854 1619 1014 1672 resonent.
1027 1607 1099 1672 Sed
1111 1631 1192 1694 neque

164 1715 314 1780 odoratus
329 1715 400 1801 ejus
411 1713 517 1801 gratiae
530 1711 650 1800 aliquid
664 1715 753 1801 quusi
765 1738 804 1778 ex
820 1715 915 1778 vineae
926 1713 1068 1778 floribus
1082 1716 1186 1802 recipit,

164 1845 268 1909 neque
285 1822 367 1886 risus
382 1821 453 1908 ejus
473 1833 622 1906 tanquam
637 1823 669 1885 in
689 1819 836 1886 ficulneae
850 1821 995 1910 germine
1011 1821 1181 1894 delectatur,

165 1930 221 1994 sed
237 1928 352 1993 sullieit
368 1928 448 1992 utin
464 1928 704 2015 tempestatibus
721 1929 932 1994 tentationum
947 1953 964 1994 a
980 1927 1176 2017 lapsupererti

165 2048 231 2100 tuta
244 2058 281 2101 ec
295 2035 416 2100 munita
432 2047 630 2122 permaneat.
647 2035 743 2116 Quod
758 2036 782 2100 si
795 2036 969 2100 obtinuerit
983 2048 1019 2100 ut
1038 2036 1182 2123 illesapu·

167 2145 277 2220 duret,
294 2143 406 2232 hyems
418 2144 447 2207 ei
458 2145 589 2218 transit,
602 2155 635 2208 et
645 2145 731 2209 venit
744 2145 772 2208 ei
786 2167 851 2208 ver.
864 2143 928 2208 Ver
942 2167 1091 2233 numque
1102 2147 1130 2209 ei
1142 2155 1193 2216 est,

165 2276 240 2320 cunr
265 2252 354 2340 quies
373 2251 479 2316 animo
494 2251 599 2327 datur,
621 2250 827 2340 tranquillitas
841 2252 950 2317 menti.
970 2253 1070 2318 Tunc
1087 2253 1127 2318 ad
1141 2273 1201 2317 eam

164 2363 249 2427 vonit
269 2362 399 2426 verbum
423 2360 498 2436 Dei,
525 2372 604 2425 tunc
625 2383 696 2426 eem
718 2372 810 2426 rooat
834 2361 875 2425 ad
898 2383 931 2425 se
953 2373 987 2425 et
1004 2362 1155 2427 hortatur
1173 2371 1204 2422 ut

162 2482 270 2544 excat,
285 2491 348 2534 non
357 2466 459 2533 solum
471 2479 557 2533 extra
570 2468 702 2533 domum
713 2519 721 2544 ,
732 2469 786 2533 sed
797 2480 887 2533 extre
898 2469 1084 2534 civitatem:
1101 2469 1210 2541 idest,

165 2601 228 2642 non
238 2576 341 2643 solum
353 2587 441 2641 extra
452 2577 556 2642 curnis
572 2576 644 2641 vitiu
659 2575 826 2652 efficiatur,
843 2576 899 2641 sed
911 2588 999 2642 extre
1010 2601 1113 2642 omne
1126 2579 1216 2664 quid
1291 2603 1292 2610 ¹

165 2682 243 2770 quid
263 2701 453 2768 corporeum
472 2691 505 2744 et
526 2678 646 2746 risibile
662 2681 844 2746 continetur
860 2681 892 2745 iu
907 2683 1042 2746 mundo.
1065 2683 1219 2769 Namque

166 2786 339 2877 figuraliter
355 2789 388 2852 in
396 2788 479 2875 Lege
493 2787 651 2853 civitatem
669 2790 733 2876 jam
756 2788 788 2852 in
811 2789 1027 2877 superioribus
1047 2790 1223 2854 evidenter

165 2895 371 2960 ostendimus.
393 2895 552 2960 Evocatur
567 2917 643 2982 ergo
662 2895 765 2961 anima
787 2908 874 2961 eatru
893 2919 1042 2973 murum,
1058 2909 1093 2961 et
1116 2921 1225 2984 usque

169 3005 205 3070 ad
227 2999 407 3092 promurale
428 2999 630 3089 perducitur,
653 3023 727 3067 cum
748 3003 898 3090 adjiciens
918 3014 950 3067 et
966 3001 1160 3091 relinquens
1185 3029 1227 3068 ee

167 3133 236 3200 qum
255 3111 400 3175 ridentur
415 3119 447 3174 et
462 3107 753 3202 temporalie'sunt,
771 3111 934 3176 contendit
946 3110 988 3176 ud
1003 3135 1041 3176 ea
1058 3136 1135 3199 quae
1152 3137 1231 3177 non

166 3219 332 3294 ridentur,
347 3230 380 3282 et
391 3230 508 3282 aeterna
526 3227 609 3282 sunt.
625 3216 812 3283 Ostenditur
829 3241 904 3307 ergo
921 3220 950 3284 ei
963 3220 1025 3283 iter
1041 3220 1135 3284 istud
1160 3221 1232 3285 sub

87 3397 91 3406 ,
170 3326 324 3393 velamine
343 3337 440 3413 petrae
464 3324 641 3412 egendum,
666 3347 730 3389 non
748 3326 810 3405 ¹suh
832 3332 903 3391 adro
924 3326 1029 3401 nudo,
1053 3350 1173 3416 neque
1196 3339 1237 3392 ut

169 3436 307 3524 patiatur
318 3430 391 3498 solis
404 3432 550 3506 ardores,
564 3431 825 3498 neitorumsusce
837 3431 910 3508 fiat,
923 3433 1093 3498 neiterum
1108 3435 1235 3500 dicat:

178 3541 350 3629 «Despesit
368 3561 421 3604 me
443 3537 507 3603 sol¹
521 3561 557 3602 :r
578 3549 746 3628 propterea
768 3541 827 3604 sub
851 3539 1006 3605 velamine
1029 3553 1137 3628 potsse
1161 3543 1242 3630 agit

169 3650 232 3716 hoc
245 3649 315 3714 iter.
331 3649 400 3713 Hoc
416 3657 521 3710 antem
538 3645 642 3734 ipsum
660 3645 801 3712 relumen
818 3669 882 3711 nou
902 3646 969 3712 vult
987 3671 1027 3713 ex
1045 3648 1245 3714 frondibus

170 3781 238 3823 esse
251 3767 304 3822 aut
323 3754 446 3828 linteis,
465 3765 518 3819 rut
534 3751 668 3841 pellibus
680 3804 689 3830 ,
703 3755 758 3820 sed
769 3767 889 3843 petrum
907 3755 974 3820 vult
993 3755 1022 3822 ci
1039 3779 1114 3823 esse
1137 3756 1249 3823 vela-

205 3898 213 3931 ¹
226 3901 296 3952 Cant.
309 3918 336 3962 1,
351 3903 375 3950 li.
