2692 4610
225 205 287 272 abo
405 193 409 201 ¹
672 223 816 270 onteaxts

223 345 384 434 tinguatur
398 341 541 418 lucerna,
552 354 585 408 et
599 363 664 409 uon
679 345 740 409 erit
753 344 863 410 lumen
877 343 909 407 in
922 340 1049 408 sanctia.
1065 324 1248 406 Secundum

222 452 360 519 litteram
374 474 449 540 ergo
465 452 534 518 haec
548 465 616 517 erat
632 453 872 541 consequentia,
889 463 924 516 ut
940 450 1098 516 conferret
1115 446 1250 538 populus

223 559 329 652 oleum
341 561 499 626 mundum
510 560 550 625 de
561 559 650 625 olivis
661 583 858 648 expressum,
871 572 906 625 ut
918 583 957 623 ex
971 581 1010 624 eo
1020 559 1250 624 ministraretur

223 666 331 733 lumen
351 666 490 733 lucernae
509 691 518 733 τ
537 666 690 734 etheron
706 669 902 734 accendebat
922 666 1067 734 lucernas
1087 692 1104 732 a
1125 689 1250 755 vespera

151 821 154 824 -
224 799 324 864 usque
336 799 445 851 mnne,
457 776 604 843 lomentis
619 776 681 842 olei
696 777 782 864 quod
797 777 976 842 contulerat
991 774 1129 866 populus
1144 772 1250 840 lumini

223 885 376 975 pabulum
391 888 544 975 praebens.

268 995 388 1063 Verum
408 996 558 1082 quoniam
574 993 625 1058 lex
640 993 810 1083 spiritualis
833 1004 894 1069 est,
917 1006 1061 1082 petamus
1080 1017 1097 1057 a
1120 992 1251 1056 Domina

229 1105 275 1188 (si
286 1115 394 1172 tamen
411 1106 554 1174 conversi
565 1129 674 1170 sumus
687 1106 725 1170 ad
737 1106 924 1194 Dominum)
938 1103 1054 1170 auferri
1069 1095 1167 1168 nobis
1178 1100 1248 1167 vela·

225 1237 301 1280 men
315 1215 354 1279 de
369 1213 505 1280 lectione
521 1213 635 1279 veteris
649 1211 857 1288 Testamenti,
869 1224 905 1278 ut
919 1212 1075 1300 possimus
1092 1210 1247 1274 advertere

225 1346 295 1410 quae
310 1325 391 1389 ratio
407 1325 447 1389 sit
463 1321 644 1389 candelabri
659 1319 708 1386 vel
721 1320 925 1387 lucernarum
937 1322 1007 1408 ejus
1022 1319 1201 1386 secundom
1213 1319 1249 1381 in-

226 1417 433 1522 telligentiam
449 1431 656 1521 spiritualem.
676 1431 758 1498 Ante
773 1431 943 1496 adventum
960 1430 1087 1497 Domini
1103 1428 1167 1494 mei
1181 1428 1249 1492 tun

227 1525 358 1618 Christi,
374 1541 420 1608 sol
435 1565 500 1608 non
518 1543 682 1607 oriebatur
695 1540 815 1629 populo
836 1539 946 1616 lsrael,
964 1540 1020 1605 sed
1043 1539 1183 1605 lucerne
1205 1535 1250 1600 lu-

226 1652 313 1718 mine
327 1653 487 1716 utebatur.
505 1649 649 1715 Lucerna
664 1651 749 1714 enim
768 1660 837 1714 erat
858 1649 942 1736 apud
963 1671 1018 1713 eos
1039 1669 1143 1713 sermo
1165 1645 1248 1732 Legis

226 1773 258 1826 at
270 1783 374 1826 sermo
386 1759 605 1847 Propheticua,
617 1759 698 1823 intra
710 1769 858 1846 angustos
871 1755 1019 1822 conclusa
1030 1755 1173 1843 parietes,
1182 1773 1244 1838 que

226 1893 291 1937 non
302 1880 426 1957 poterat
437 1867 469 1934 in
481 1870 592 1932 orbem
604 1880 695 1932 terrae
706 1865 814 1933 lumen
826 1867 999 1933 effundere.
1015 1867 1102 1931 lutra
1111 1862 1244 1929 tudaeam

227 1997 364 2063 namquo
378 1972 631 2040 concludebatur
646 1974 776 2039 scientia
791 1975 863 2048 Dei,
879 1974 961 2037 sicut
981 1984 1013 2036 et
1035 1969 1184 2059 Propheta
1200 1967 1250 2032 di-

228 2086 299 2150 cit:
321 2083 443 2148 «Notus
465 2083 497 2148 in
519 2083 629 2149 Judaea
650 2081 766 2148 Deus¹.
781 2109 794 2146 a
809 2082 870 2148 Ubi
892 2105 967 2147 vero
987 2095 1116 2146 exortus
1138 2091 1184 2144 est
1210 2076 1254 2142 sol

191 2220 195 2228 ·
227 2193 353 2282 justitiae
364 2194 519 2258 Dominus
530 2205 562 2258 ct
580 2192 724 2258 Salvator
739 2204 858 2292 noster,
870 2203 902 2258 et
917 2203 1069 2258 natusest
1083 2192 1131 2258 vir
1143 2188 1181 2253 de
1195 2211 1255 2278 quo

228 2303 380 2390 scriptum
396 2314 466 2367 ests
486 2303 593 2367 «Ecce
608 2302 668 2376 vir,
682 2300 795 2367 Oriens
809 2322 926 2365 nomen
940 2313 988 2365 eat
1003 2298 1054 2364 ei²
1068 2322 1103 2364 :a
1121 2321 1180 2386 per
1192 2297 1257 2362 uui·

227 2435 352 2478 versum
368 2410 524 2478 mundum
550 2411 689 2476 scientiae
709 2411 767 2476 Dei
787 2409 897 2477 lumen
911 2409 1049 2475 effusum
1069 2421 1126 2474 est.
1146 2407 1258 2472 Sermo

228 2545 303 2611 ergo
319 2519 411 2610 Legis
428 2534 461 2585 et
481 2543 586 2585 sermo
598 2519 807 2608 Propheticus
824 2532 893 2585 erat
909 2518 1040 2585 lucerna
1060 2518 1190 2592 ardens,
1209 2517 1260 2582 sed

228 2633 361 2697 ardebat
382 2631 463 2696 intra
480 2623 594 2705 aedem,
611 2652 671 2694 nec
690 2626 769 2695 ultra
791 2642 916 2718 poterat
940 2630 1086 2694 emittere
1107 2627 1262 2716 splendo-

229 2765 297 2806 rem
321 2763 425 2805 suum.
442 2740 538 2819 Quod
555 2751 663 2804 autem
681 2763 785 2805 sermo
801 2738 892 2830 Legis
907 2751 940 2803 et
961 2738 1198 2827 Prophetarum
1215 2734 1263 2801 lu-

230 2869 324 2912 cerna
342 2846 476 2918 dicatur,
496 2845 652 2909 Dominus
673 2845 739 2933 ipse
759 2868 815 2911 naa
831 2845 942 2910 docuit
957 2844 1065 2911 dicens
1081 2843 1120 2908 de
1135 2843 1265 2910 loanne

230 2955 368 3042 Baptista
386 2977 393 3017 :
415 2949 496 3018 «llle
510 2965 578 3050 erat
593 2950 722 3018 lucerna
733 2954 891 3020 ardenaet
901 2953 1025 3028 lucens,
1037 2965 1070 3018 et
1080 2976 1134 3018 voa
1146 2953 1269 3018 voluis

230 3061 299 3126 »tis
314 3061 354 3126 ad
374 3060 486 3125 boram
509 3058 648 3125 exultare
669 3061 702 3126 in
723 3059 843 3126 lumine
864 3061 994 3149 ejus⁸.»
1014 3063 1053 3127 Et
1073 3059 1148 3127 alibi
1174 3063 1267 3135 dicit,

232 3169 304 3257 qnia
323 3168 409 3234 «Lex
419 3180 451 3234 et
464 3167 629 3257 Propheta
642 3171 793 3257 usquead
810 3169 967 3235 loannem
976 3169 998 3235 ⁴.
1012 3199 1026 3232 a
1044 3171 1195 3236 Lucerna
1209 3172 1271 3236 ita-

233 3301 295 3364 que
310 3277 423 3343 ardens
437 3291 485 3342 est
499 3277 651 3353 loannes,
664 3279 696 3342 in
708 3301 772 3367 quo
784 3278 849 3344 Lex
862 3277 1064 3345 concluditur
1073 3290 1108 3344 et
1119 3279 1271 3369 Prophe·

230 3400 283 3464 ,tae.
301 3389 411 3472 Donec
425 3409 501 3474 crgo
514 3385 649 3476 populus
664 3385 716 3452 ille
728 3389 867 3454 habebat
878 3388 984 3453 oleum
1000 3389 1085 3476 quod
1104 3389 1274 3454 conferret

235 3495 276 3560 ad
293 3493 414 3571 lumen,
430 3492 559 3560 lucerna
572 3518 636 3559 non
648 3506 695 3560 est
706 3497 865 3562 extincta:
882 3497 934 3562 ubi
946 3520 1020 3563 vero
1038 3496 1154 3562 deiecit
1173 3497 1210 3562 in
1229 3499 1275 3562 eis

235 3602 341 3669 oleum
355 3589 590 3679 misericordiae,
604 3602 709 3669 oleum
726 3629 858 3693 operum
874 3608 1045 3680 bonorum,
1059 3628 1120 3671 nec
1139 3606 1278 3672 inventa
1292 3590 1294 3592 ,

192 3733 199 3748 ‘
236 3724 284 3778 est
292 3712 386 3801 apud
399 3735 453 3777 eos
470 3715 602 3801 puritas,
616 3737 731 3802 purum
743 3737 879 3801 namquo
892 3713 997 3780 oleum
1009 3715 1222 3803 quaerebatur
1241 3714 1283 3778 atl

274 3844 358 3902 ¹1’sal.
376 3861 456 3906 cxxvi,
469 3861 489 3892 r.
501 3873 532 3883 -
544 3845 555 3878 ²
566 3845 640 3894 Zaob.
657 3861 692 3904 νι,
709 3845 1183 3907 12.-⁸toan.aaa-utum„
1204 3849 1251 3896 16.
