2744 4600
283 273 345 336 500
725 291 868 334 ostentus

281 411 376 476 solius
387 409 506 476 ollerre
518 408 709 474 sacrificium
721 409 916 483 indesinens,
927 408 981 495 qni
993 408 1186 474 indesinenti
1199 419 1231 472 et
1247 430 1313 496 per·

278 532 382 610 petnae
403 542 436 584 se
454 517 617 582 devoverit
634 518 779 582 castitati.
802 517 866 582 Sed
885 530 960 583 suut
980 529 1013 582 et
1032 516 1085 583 alii
1102 518 1169 582 dies
1187 516 1260 582 festi
1276 520 1311 583 iis

278 630 334 718 qui
350 629 431 693 sorte
446 649 512 692 non
526 636 658 714 possunt
671 625 885 691 indesinenter
905 623 1069 690 immolare
1080 624 1238 692 saerilicia
1250 621 1312 693 ea's·

279 725 386 810 sitatis.

323 846 377 915 lV.
397 845 543 913 Secundo
551 869 627 936 ergo
638 846 789 913 festivitas
795 860 867 936 post
878 847 1083 914 indesinentis
1094 847 1243 914 sacrificii
1255 849 1308 914 les·

276 957 430 1023 {ivitatem
451 957 582 1045 ponitur
596 956 732 1031 sabbati,
753 967 786 1020 et
801 967 929 1044 oportet
952 968 1135 1022 sanctorum
1152 979 1309 1045 quemque

274 1081 310 1133 et
325 1069 444 1155 justum
456 1089 550 1156 agere
565 1067 660 1131 etiam
676 1066 801 1132 sabbati
815 1066 1028 1132 festivitatem.
1044 1067 1126 1146 Quae
1140 1078 1189 1132 est
1203 1078 1308 1133 autem

171 1203 178 1232 ,·
277 1177 426 1243 festivitas
442 1177 579 1250 sabboti,
593 1176 650 1240 nisi
667 1174 718 1240 ille
739 1175 855 1262 dequo
871 1173 1041 1264 Apostolus
1058 1175 1159 1241 elicit:
1180 1176 1308 1244 ‹Relin-

277 1313 290 1348 ι
308 1295 423 1374 que'tur
442 1309 517 1375 ergo
538 1284 806 1360 sabbatismus¹,r
825 1284 888 1350 boo
905 1296 965 1361 est,
978 1285 1101 1350 sabbati
1116 1287 1306 1360 observatio,

275 1395 394 1484 populo
410 1395 491 1460 Dei?
506 1392 732 1480 Relinquentes
750 1415 827 1479 ergo
848 1393 868 1457 J
872 1392 999 1458 odoieas
1019 1392 1143 1458 subbati
1163 1395 1308 1460 obserer-

276 1506 391 1579 tiones.
414 1503 514 1593 quelis
540 1503 654 1568 debeat
681 1525 749 1566 esse
772 1501 953 1566 Christiano
980 1502 1102 1566 sabbati
1130 1503 1308 1569 observatio

277 1615 450 1680 rideamus.
478 1612 537 1676 Die
561 1610 684 1676 sabbati
709 1607 786 1674 nihil
809 1633 850 1676 ex
872 1610 1022 1676 omnibus
1051 1611 1163 1675 mundi
1188 1614 1309 1678 actibus

276 1733 402 1812 oportet
426 1720 561 1808 operari.
584 1719 618 1782 Si
636 1741 713 1807 ergo
734 1719 859 1786 desinas
879 1720 919 1784 ab
940 1720 1088 1784 omnibus
1105 1719 1308 1788 secutaribus

276 1829 438 1916 operibus,
453 1839 490 1890 et
505 1824 583 1890 nibil
599 1825 797 1891 mundanum
812 1851 914 1915 geras,
931 1828 987 1893 sed
1002 1827 1221 1916 spiritualibus
1239 1854 1309 1919 ope·

278 1935 367 2001 ribus
383 1957 486 2008 vaces,
504 1934 544 1998 nd
558 1932 725 1998 ecclesium
741 1937 922 2012 convenius,
938 1933 1128 2002 lectionibus
1148 1938 1264 2004 divinis
1276 1952 1307 2004 et

277 2045 466 2111 tractatibus
490 2065 599 2108 aurern
623 2044 828 2138 praebeusQet
849 2046 888 2110 de
912 2045 1092 2112 celestibus
1112 2049 1250 2136 cogites,
1272 2050 1307 2114 dr

275 2155 380 2218 lutura
404 2177 459 2243 spe
482 2150 727 2218 sollicitudinem
748 2177 852 2240 geras,
877 2167 1046 2220 venturum
1066 2156 1227 2243 judicium
1249 2183 1308 2247 pre

275 2263 376 2330 oeulis
390 2263 520 2338 babeas,
535 2286 600 2327 uon
617 2263 765 2350 respicies
783 2264 825 2328 ad
842 2266 1009 2351 praesentio
1029 2279 1063 2330 et
1087 2266 1236 2343 risibilia,
1258 2270 1309 2334 sed

256 2389 258 2392 ’
275 2377 315 2440 nd
331 2372 497 2440 invisibilia
517 2386 549 2439 et
571 2374 677 2439 lutura
697 2396 705 2437 :
722 2373 791 2439 haec
806 2387 854 2439 est
869 2376 1047 2442 observatio
1062 2379 1187 2442 sabbati
1205 2380 1309 2445 Cbris

275 2485 361 2549 tieni.
378 2483 443 2548 Sed
454 2482 523 2547 baeo
534 2494 567 2546 et
577 2482 681 2547 «ludaei
695 2483 862 2548 observare
875 2483 1039 2550 deberent.
1055 2485 1202 2575 Denique
1216 2490 1309 2554 etiam

275 2592 359 2679 opud
371 2593 455 2679 ipsos
471 2591 496 2655 si
512 2590 613 2665 leber,
629 2591 655 2654 si
670 2601 822 2665 structor,
838 2605 870 2656 et
887 2594 912 2656 si
929 2595 999 2682 quis
1018 2580 1204 2683 hujusmodi
1220 2599 1312 2687 opili-
1342 2625 1343 2630 ¹

275 2723 350 2768 cum
364 2699 476 2774 fuerit,
497 2697 616 2764 otiatur
637 2699 669 2763 in
689 2696 739 2762 die
760 2700 893 2765 sabboti.
911 2700 1025 2768 Lector
1041 2716 1148 2769 eutem
1169 2704 1251 2795 legis
1270 2707 1313 2772 di-

275 2810 366 2883 vinae,
384 2805 432 2872 rel
451 2806 576 2881 doctor,
594 2829 660 2870 nou
676 2805 790 2871 desinit
808 2808 847 2871 ab
864 2829 960 2895 opere
974 2832 1046 2886 suo,
1061 2823 1094 2874 et
1116 2823 1231 2880 tamen
1247 2816 1313 2879 sub-

273 2919 385 2984 betum
397 2939 461 2981 non
478 2915 672 2981 contaminet
686 2937 694 2979 ε
713 2915 852 2981 siceniru
864 2930 897 2982 et
909 2918 1064 2986 Dominus
1078 2945 1168 2987 meus
1180 2923 1266 2989 dicit
1276 2925 1312 2988 ad

273 3049 351 3092 eos:
375 3053 387 3085 s
407 3027 472 3090 Aut
488 3047 551 3089 uon
567 3022 697 3111 legistis,
714 3024 787 3110 quin
802 3035 835 3088 et
849 3026 1028 3093 sacerdotes
1047 3029 1080 3094 in
1097 3028 1224 3118 templo
1241 3033 1314 3096 sab-

275 3138 413 3201 »batum
433 3132 561 3208 violant,
580 3144 613 3197 et
629 3132 697 3197 sine
715 3133 849 3198 crimine
866 3134 1004 3200 sunt²ls
1021 3137 1086 3216 Qui
1107 3161 1186 3227 ergo
1209 3151 1313 3208 cessat

273 3246 315 3310 ab
331 3242 480 3330 operibus
494 3239 613 3314 sarculi,
629 3251 662 3304 et
681 3239 896 3327 spiritualibus
913 3255 1025 3310 vacat:
1046 3244 1105 3310 iste
1120 3258 1170 3312 est
1186 3251 1250 3336 qui
1267 3272 1313 3314 sa-

277 3351 434 3419 crificium
451 3351 574 3416 sabbati
596 3360 628 3415 et
644 3350 728 3414 diem
743 3348 856 3414 lestum
874 3352 937 3439 agit
960 3355 1178 3422 sabbatorum.
1201 3359 1314 3447 Neque

275 3485 371 3528 onero
388 3459 533 3548 portatio
546 3461 605 3524 rio.
625 3457 715 3524 Onus
730 3458 815 3522 enim
828 3471 875 3523 est
888 3484 984 3526 omne
1000 3477 1183 3552 peccatum,
1203 3493 1315 3556 quem

275 3570 448 3637 admodum
471 3569 546 3635 dicit
567 3579 599 3633 et
618 3567 796 3657 Propheta:
815 3595 829 3629 s
845 3569 937 3637 Siout
957 3595 1038 3638 onus
1057 3599 1152 3664 gravo
1170 3591 1314 3665 gravata

276 3707 289 3742 s
305 3689 379 3744 sunt
394 3698 489 3764 super
505 3699 556 3741 me
569 3673 592 3740 ⁸.
608 3704 621 3737 r
644 3676 754 3763 Neque
771 3674 876 3763 ignem
892 3682 1059 3747 accendit:
1078 3681 1169 3750 illum
1188 3687 1318 3752 scilicet

266 3791 377 3880 ignem
393 3787 434 3852 de
456 3807 520 3874 quo
542 3783 680 3850 dieitur:
703 3783 779 3849 «lte
797 3784 829 3850 in
850 3785 971 3854 lumine
996 3790 1077 3880 ignis
1099 3795 1215 3871 vestri,
1234 3808 1269 3860 et
1287 3795 1320 3858 in

305 3916 407 3968 ¹llebr.
420 3931 455 3977 rr,
469 3933 492 3982 9.
508 3913 558 3956 ..2
570 3913 646 3965 donn·
658 3929 703 3978 tn,
716 3927 754 3963 22·
764 3913 814 3951 -t
825 3917 890 3967 Psal.
902 3922 1043 3980 xxiiim&
