2692 4610
227 239 290 317 248
660 223 813 306 'bucsrrs

228 377 298 463 ejus
314 374 470 465 appellata
482 387 548 450 ests
563 390 595 442 et
606 379 737 466 perham
748 379 911 468 quoniam,
922 353 1116 444 cessantibus
1128 375 1179 443 rel
1192 377 1261 466 phi-

225 482 432 573 losophorum
454 485 714 573 sophismatibus,
735 486 785 552 vol
807 487 1081 576 superstitionibus
1102 484 1261 559 «Iudaicis,

226 595 258 660 in
270 593 334 660 lide
346 591 480 682 simplici
495 594 640 662 Christus
650 597 709 663 sibi
724 597 895 685 assumpsit
905 595 1093 672 Ecclesiam,
1105 595 1263 684 virginem

227 699 268 766 da
289 722 406 790 genere
427 723 486 765 suo
505 701 630 789 accepit
646 723 788 768 uxorem.
808 703 912 790 liujus
928 721 1065 788 namque
1083 700 1179 766 fidem
1194 723 1262 766 non

227 811 405 899 corrumpit
420 810 657 900 philosophicus
673 835 798 887 sensus,
814 803 877 878 nec
891 811 1144 878 circumcisionis
1157 811 1266 878 ambi-

226 922 291 994 tios
309 920 365 986 sod
387 921 418 988 in
440 919 642 1008 simplicitate
664 919 871 986 confussionis
889 929 1039 1006 tanquam
1064 915 1266 1006 invirginsli

227 1031 408 1118 integritate
423 1029 608 1118 permansit.
627 1027 681 1095 Sic
697 1029 783 1095 enim
799 1042 832 1095 ct
852 1029 981 1094 dudum·
996 1027 1186 1116 promiserat
1207 1049 1267 1114 per

227 1136 418 1227 Prophetam
434 1137 566 1204 dicens:
586 1138 813 1227 «Desponsabo
828 1149 860 1204 te
873 1137 951 1203 mihi
967 1137 999 1202 in
1011 1135 1136 1201 lide¹.s
1153 1135 1266 1202 Omnis

228 1270 318 1337 ergo,
335 1247 514 1314 secundum
530 1244 732 1336 Apostolum,
748 1247 801 1332 qui
819 1247 851 1310 in
867 1244 995 1311 Christo
1007 1257 1068 1319 est,
1080 1265 1163 1309 notu
1175 1265 1267 1310 crea·

230 1366 299 1420 turs
316 1367 374 1422 εει.
393 1356 433 1420 Et
447 1356 530 1421 sicut
546 1355 630 1444 idcm
650 1353 820 1444 Apostolus
835 1354 934 1420 dicits
955 1381 967 1414 a
982 1351 1023 1418 Ut
1035 1347 1186 1418 exhibeat
1200 1353 1267 1440 ipsc

229 1465 318 1532 ssibi
340 1463 511 1552 gloriosam
530 1461 708 1530 Ecclesiam
732 1485 795 1529 noo
818 1463 990 1527 habentem
1013 1459 1187 1537 maculam,
1212 1473 1268 1525 snt

231 1601 244 1635 s
259 1595 385 1663 rugam,
401 1585 458 1638 aut
477 1570 596 1659 aliquid
615 1573 789 1660 ejusmodi,
805 1572 862 1638 sed
876 1584 912 1636 ut
930 1572 969 1636 sit
985 1581 1094 1638 sancta
1109 1582 1142 1636 ct
1157 1572 1267 1636 imma·

231 1680 398 1750 sculats².
413 1709 427 1744 s
444 1682 616 1761 Quomodo
631 1703 707 1770 ergo
726 1703 798 1747 eam
813 1701 884 1770 quae
906 1703 1019 1769 rugosa
1039 1691 1088 1744 est
1102 1679 1179 1745 lacit
1199 1701 1269 1744 csse

231 1793 298 1857 sino
313 1814 403 1880 ruga,
420 1790 479 1856 nisi
490 1790 562 1878 quia
574 1802 707 1854 renovat
718 1790 813 1856 eam?
825 1791 1001 1856 secundum
1013 1789 1100 1878 quod
1112 1789 1264 1877 scripturn

232 1915 280 1968 est
292 1925 390 1974 :nam
407 1901 489 1967 setsi
505 1900 599 1989 isqui
616 1901 733 1967 deioris
744 1914 791 1966 cst
807 1901 904 1968 h'omo
916 1912 1025 1966 noster
1036 1900 1282 1989 corrumpitur„

235 2011 317 2076 »ssd
338 2011 393 2097 qui
416 2009 501 2074 intus
521 2021 570 2074 cst
589 2021 762 2076 renovatur
784 2010 824 2075 de
845 1993 896 2076 dia
915 2007 1082 2076 indicm⁸.
1100 2008 1264 2072 »Viduam

234 2141 321 2194 sane,
337 2130 369 2183 et
384 2118 597 2192 meretricem,
608 2129 642 2182 ει
656 2120 793 2206 ejectam
808 2141 872 2183 non
888 2117 1024 2208 accipiet
1036 2117 1190 2192 Christus,
1200 2137 1264 2182 nec

234 2229 331 2293 intrat
354 2225 424 2292 talis
446 2225 550 2292 anima
573 2224 750 2294 thalamum
769 2228 885 2316 sponsi.
908 2226 972 2306 Qui
999 2226 1085 2292 enim
1110 2229 1268 2315 ingressus

234 2336 330 2408 haurit
343 2333 420 2400 illuc
435 2357 499 2402 non
515 2335 636 2401 habens
652 2336 836 2402 indumenta
851 2335 1017 2426 nuptialia,
1033 2337 1173 2425 perferet
1191 2335 1274 2402 illud

235 2448 321 2534 quod
335 2445 489 2533 scriptum
504 2467 573 2509 esse
588 2445 686 2511 nostis
703 2446 735 2510 in
751 2445 930 2534 Evangelio.
944 2445 1108 2534 Virginem
1123 2449 1200 2534 e'rgo
1217 2467 1272 2510 ac·

236 2555 346 2644 cipiet,
356 2553 483 2618 viduam
495 2573 559 2616 non
570 2551 719 2639 accipiet,
731 2573 835 2638 neque
845 2553 1060 2627 meretricem,
1073 2573 1177 2639 neque
1189 2551 1273 2639 ejec-

237 2643 315 2738 tam,
333 2674 387 2728 aut
402 2659 776 2728 contaminatam.........
795 2662 854 2727 llic
868 2683 946 2751 ergo
966 2662 1121 2727 Sacerdos
1137 2682 1274 2750 magnus

239 2793 369 2838 uxorem
385 2769 537 2858 virginem
553 2769 687 2857 accipiet
701 2770 742 2835 de
757 2791 872 2859 genere
887 2793 955 2836 suo.
970 2771 1077 2836 Potest
1092 2783 1125 2836 ει
1141 2783 1277 2859 propter

239 2881 301 2950 hoc
317 2879 438 2944 dictum
454 2877 553 2943 videri
573 2878 613 2942 de
636 2898 751 2967 genere
774 2901 845 2955 suo,
863 2881 948 2966 quod
973 2881 1075 2945 anima
1094 2879 1216 2946 Christi
1239 2901 1278 2944 ex

239 2969 355 3078 penore
370 2999 402 3051 ει
416 3009 456 3052 ex
469 2988 644 3053 substantia
660 2988 755 3053 fuerit
769 2988 981 3054 humanarum
996 2989 1141 3053 omnium
1159 2990 1281 3054 anima-

240 3115 322 3165 rum.
341 3093 494 3160 Potestas
509 3095 685 3160 secundum
700 3095 774 3171 hoc,
792 3097 879 3183 quod
899 3096 1009 3162 fratres
1025 3109 1119 3162 vocat
1138 3099 1281 3162 creden-

216 3209 218 3214 '
241 3215 289 3268 tes
305 3201 336 3266 in
353 3222 399 3275 se,
415 3198 585 3287 degenere
609 3224 667 3265 suo
688 3201 751 3265 dici
772 3201 877 3266 anima
898 3225 969 3289 quoe
984 3203 1016 3268 in
1037 3201 1102 3266 fide
1122 3215 1283 3290 tanquam

242 3309 361 3398 nuptiis
376 3307 525 3373 sociatur.
544 3307 628 3376 lllud
641 3322 746 3374 tamen
764 3308 839 3376 nolo
851 3334 905 3376 vos
921 3309 1029 3388 lateat,
1046 3314 1135 3400 quod
1152 3315 1283 3380 Hebraei

244 3429 359 3507 negant
374 3441 407 3482 sc
423 3416 576 3504 scriptum
592 3416 709 3484 habere
724 3418 810 3505 quod
832 3441 890 3484 nos
904 3420 989 3509 apud
1009 3420 1220 3509 Septuaginta
1237 3421 1288 3488 in·

245 3537 398 3612 terpretes
411 3523 602 3598 invenimus,
614 3525 653 3588 dc
666 3549 782 3614 genere
796 3549 863 3592 auo.
875 3528 914 3592 Et
927 3542 1012 3594 ructa
1025 3527 1068 3593 illi
1080 3551 1146 3594 non
1160 3529 1288 3596 hahent

121 3654 127 3669 ¹
246 3637 400 3724 scriptum
415 3656 423 3697 τ
439 3632 542 3699 ablata
558 3647 606 3699 est
621 3637 707 3700 enim
723 3638 763 3701 nb
780 3635 839 3702 illis
854 3641 1072 3727 propinquitas
1086 3641 1161 3716 Dei,
1174 3640 1287 3708 ablata

246 3757 295 3811 est
310 3742 438 3831 adoptio
454 3741 606 3818 saliorum,
622 3755 655 3808 et
671 3743 820 3810 translata
835 3759 882 3810 est
897 3747 938 3812 od
955 3745 1128 3814 Ecclesiam
1148 3749 1286 3818 Christi.

281 3872 364 3921 ¹0see
375 3889 402 3931 rr,
417 3887 455 3919 ao.
464 3867 514 3906 -²
525 3869 617 3934 Ephca.
632 3887 655 3928 v,
671 3889 706 3936 ²7·
718 3898 748 3909 -
759 3870 768 3906 ⁸
779 3889 791 3921 a
803 3873 863 3924 Cor.
877 3892 914 3935 av,
924 3873 961 3924 16.
