2682 4594
201 178 262 254 184
646 199 789 248 ortensis

197 321 292 387 isaias
306 319 504 408 prophetavit
515 370 525 396 ,
537 332 675 408 exparte
694 321 868 386 cumomni
883 317 1030 386 libertate
1046 320 1226 387 vaticinatus

197 440 269 504 est,
290 439 483 516 testatusque
508 437 555 492 est
573 426 642 492 haec
664 427 770 492 omnia
785 427 825 492 do
840 427 1014 516 prophetiae
1031 449 1229 494 cousumma—
1324 401 1328 490 l

199 537 284 600 tione
295 535 396 602 David
406 557 489 600 :non
497 535 616 623 recepit
624 535 718 622 igitur
725 536 858 623 gratiam
865 536 1085 623 propheticam
1094 533 1226 600 Samuel.

200 643 241 709 At
264 639 441 706 intellectus
464 664 554 706 marus
574 641 641 706 sinc
660 640 765 706 fructu
787 639 856 707 ost¹
874 663 883 704 r
903 653 936 705 et
955 641 1042 728 quod
1062 636 1230 705 Ecclesiam

202 747 357 822 acdificat,
373 748 427 834 qui
439 744 545 836 lingua
560 744 734 835 loquitur².
752 749 792 814 Et
807 744 924 814 Paulus
934 749 1001 835 ipse
1012 747 1150 812 affirmat
1164 767 1233 833 pro-

200 852 388 942 phetantem
402 849 577 917 Ecclesiam
592 849 750 918 adificare
764 851 814 918 hls
833 852 945 918 iisdem
965 852 1077 918 serbis.
1100 851 1198 916 Porro
1211 849 1233 913 si

202 958 394 1048 prophetans
414 957 589 1042 Ecclesiam
605 957 768 1035 aedificat,
794 959 902 1045 utiquc
920 959 1054 1047 gratiam
1077 957 1229 1046 propheti·

203 1090 274 1132 cam
287 1067 401 1140 habet,
414 1089 516 1153 neque
526 1067 612 1132 enim
621 1067 723 1154 ipsam
734 1065 838 1134 amisit
852 1115 861 1142 ,
873 1067 934 1132 nisi
945 1066 1134 1154 peccaverit.
1150 1064 1237 1130 Solus

204 1175 321 1266 quippe
333 1173 464 1264 gratiam
475 1173 696 1262 propheticam
710 1174 842 1249 amittit,
858 1171 913 1262 qui
925 1186 1094 1262 postquam
1110 1173 1238 1262 prophe

206 1284 279 1348 tarit
293 1283 421 1371 indigua
439 1281 559 1369 Spiritu
572 1293 682 1347 sancto
703 1295 870 1369 operatura
890 1282 932 1347 ita
946 1293 982 1346 ut
992 1282 1097 1370 ipsum
1109 1281 1239 1370 Spiritus

207 1389 349 1463 deserat,
366 1389 527 1476 fugiatque
542 1389 581 1454 ab
595 1388 664 1474 ejus
682 1389 826 1476 principe
841 1389 955 1454 animm
969 1386 1130 1454 facultate.
1152 1387 1240 1468 Quod

209 1497 341 1562 timebat
356 1501 433 1560 tunc
444 1506 514 1584 post
529 1506 696 1583 peccatum
708 1495 828 1570 David,
845 1495 1035 1582 dicebatque
1049 1519 1058 1559 r
1070 1523 1084 1556 1
1095 1496 1137 1560 Et
1153 1495 1243 1582 Spiri-

210 1616 302 1666 »turu
318 1613 462 1668 sanctum
477 1613 569 1667 tuum
584 1624 625 1666 ne
643 1601 764 1668 auferas
781 1623 798 1666 a
817 1601 898 1667 rne³.
918 1603 1057 1690 »ltaque
1071 1604 1098 1667 si
1112 1603 1243 1691 Spiritus

211 1721 338 1775 sanctus
359 1709 526 1796 prophetat
546 1731 555 1774 ι
577 1708 724 1776 cuinaml
743 1707 894 1796 Angelis?
909 1709 973 1784 ht:
993 1711 1090 1775 «Non
1105 1733 1186 1799 opus
1201 1723 1244 1774 est

211 1813 376 1878 ‚medicus
388 1813 486 1888 bcnc,
507 1813 561 1877 sed
578 1811 660 1878 mule
672 1813 862 1878 habentibus
872 1813 894 1876 ⁵.
914 1842 926 1875 1
941 1814 1082 1894 Quinam
1094 1816 1164 1902 ejus
1176 1838 1242 1902 pro-

213 1917 352 2008 phetiam
367 1919 551 2005 excipiunt?
570 1920 678 2008 Neque
701 1919 786 1986 enim
805 1919 920 1986 frustra
935 1933 982 1986 cst
996 1922 1099 2008 gratia
1112 1921 1243 2010 prophe

215 2027 293 2098 ticaj
311 2049 411 2114 neque
425 2023 523 2092 ullum
536 2026 692 2110 charisma
707 2050 902 2114 eorumquae
914 2027 948 2092 in
965 2039 1078 2094 sancto
1090 2040 1153 2092 sunt
1162 2029 1237 2091 lius-

217 2146 264 2200 tra
279 2145 337 2197 cst.
361 2133 468 2199 Gratia
489 2135 597 2222 itaque
620 2133 804 2224 prophetica
824 2146 1026 2202 mortuorum
1045 2137 1170 2210 anima,
1186 2158 1242 2199 au-

217 2239 327 2304 dacter
345 2240 467 2317 dicam,
484 2240 677 2328 indigebant.
699 2241 763 2307 Sed
778 2240 831 2308 hic
850 2242 978 2328 quidem
997 2245 1193 2308 necessarius
1205 2253 1251 2306 cst

218 2345 375 2435 Propheta
398 2345 560 2421 11111111
583 2349 637 2438 qui
655 2349 790 2424 dormit,
813 2347 1020 2436 discessitque
1034 2373 1075 2416 ex
1095 2349 1253 2423 haesita,

218 2453 379 2540 indigebat
398 2453 582 2542 Prophetis,
600 2466 636 2518 ut
655 2453 714 2520 alia
733 2454 856 2524 ratione
873 2455 932 2543 ipsi
950 2455 1068 2522 Christi
1084 2457 1257 2524 adrentum

219 2561 472 2628 vaticinaruntur.
500 2558 581 2628 Ante
602 2561 729 2627 Domini
755 2563 818 2627 mci
844 2561 920 2628 lesu
944 2563 1060 2629 Christi
1084 2565 1259 2630 adventum

220 2667 339 2731 nemini
352 2667 461 2732 datum
477 2679 544 2734 erat
561 2668 614 2734 ubi
630 2667 750 2757 lignum
764 2669 833 2734 vitae
843 2682 911 2734 erat
924 2671 1153 2758 praetergredi,
1168 2685 1203 2738 rt
1214 2671 1262 2736 illa

221 2775 394 2862 transgredi
410 2797 481 2862 quae
497 2775 552 2840 viae
567 2772 643 2864 ligni
661 2778 732 2840 vitas
744 2775 960 2841 custodiendae
973 2779 1147 2865 praeposita
1160 2791 1262 2846 erant.

222 2883 303 2962 'Quis
322 2881 404 2966 1111111
425 2879 511 2948 illam
527 2893 649 2948 tentare
667 2881 835 2971 poterat⁵l
852 2874 1043 2964 Quis'alicui
1063 2898 1186 2951 auctor
1201 2909 1267 2952 esse

224 3001 347 3077 poterat
363 2988 546 3055 ssummcum
558 2987 697 3076 gladium
709 2990 947 3077 pertranseundi
956 2991 970 3054 i
979 2991 1270 3070 Quemadmodum

225 3121 286 3163 nec
305 3119 392 3162 mare
408 3097 533 3162 transiri
548 3107 672 3184 poterat
683 3095 750 3162 sine
765 3119 824 3183 ope
841 3097 965 3172 divina,
979 3096 1202 3188 columnaque
1223 3102 1272 3166 di·

226 3205 316 3280 vina,
334 3203 482 3270 columna
499 3201 642 3280 luminis,
658 3226 730 3290 qum
749 3215 815 3270 erut
838 3205 876 3268 ab
897 3205 965 3293 ipso
980 3205 1069 3271 Deo⁰
1083 3231 1091 3270 :
1104 3211 1274 3295 quemad·

225 3312 357 3378 niodum
377 3312 510 3378 neminis
529 3321 598 3398 erat
613 3310 785 3376 tardarem
805 3312 939 3399 pedibus
962 3313 1108 3400 trajicere
1133 3329 1276 3404 praeter-

225 3444 321 3508 quam
344 3421 440 3488 ·losuc
465 3419 555 3506 (veri
577 3419 635 3484 Dei
655 3419 754 3507 figura
777 3431 844 3484 erat
867 3417 918 3484 ille
945 3417 1042 3486 Josue
1064 3423 1074 3509 )
1097 3445 1106 3488 :
1133 3424 1184 3490 sic
1216 3447 1279 3513 per

226 3528 410 3596 flammeum
418 3528 558 3618 gladium
566 3525 693 3594 Samuel
706 3527 837 3594 transire
848 3551 912 3594 non
924 3541 1048 3616 poterat
1059 3553 1148 3596 :non
1164 3533 1280 3598 Abra-

203 3673 211 3688 '
263 3692 443 3751 11011111,
469 3693 646 3752 11-111111.
663 3689 980 3751 1.-1111111.1,11.--
998 3687 1280 3754 *1111111.111.15.-
1326 3695 1328 3786 p

12 3735 23 3840 l
224 3789 235 3822 1
251 3777 316 3830 Gen.
326 3795 373 3840 111,
388 3781 429 3838 111.
441 3805 469 3813 -
485 3775 656 3834 ⁰Ex01l.er,
672 3779 713 3835 ²4·
