2702 4610
401 255 433 299 us
458 251 584 298 monus
605 251 734 297 notum
760 253 787 296 v.
1050 247 1106 312 ¹¹7

78 369 192 437 cuium
207 368 362 436 Ascensio
372 367 416 433 nd
426 379 516 434 notus
527 367 675 458 pertinet,
688 366 815 458 speculo
826 367 868 432 nd
877 363 985 431 fidem.
1000 361 1120 448 Osten-⁴

77 479 124 544 dit
139 503 218 569 engo
234 479 309 567 quin
325 491 357 542 et
373 477 548 544 inentibus
564 491 597 544 et
611 479 644 544 in
659 479 722 545 [ide
742 475 841 545 mults
862 487 910 542 est
930 469 1111 544 difficultas,
1161 462 1166 472 ’

77 600 110 654 et
124 587 249 654 multus
264 586 360 652 lnbor.
381 583 493 652 Multa
510 586 595 652 enim
614 586 803 652 tentationes
818 585 908 652 nobis
923 589 1111 654 occurrunt,

80 695 183 762 multe
202 697 236 762 in
252 697 313 762 tide
328 693 535 770 offendiouls,
556 693 731 762 volentibus
748 719 842 784 egere
861 716 932 782 qum
947 691 1006 758 Dei
1026 700 1110 755 sunt.

83 803 169 868 Tum
181 804 292 870 deinde
302 804 334 870 in
345 803 410 869 fide
422 801 523 869 mults
534 803 674 870 invenies
688 815 840 879 tortuose,
852 801 1003 892 plurimus
1014 819 1113 888 qums·

87 911 200 988 tiones.
215 911 326 978 mutus
341 913 540 1000 objectiones
555 912 789 988 misticorum,
806 910 921 979 multos
936 907 1114 977 contractio»

87 1020 184 1086 tiones
199 1018 386 1086 infidelium.
403 1021 474 1086 Hoo
492 1043 568 1110 ergo
589 1022 820 1110 iterngendum
841 1033 889 1088 est
910 1019 1114 1108 sequentibus
1205 1079 1206 1082 ,

83 1129 193 1194 Deum.
208 1127 274 1193 Sed
290 1139 340 1193 est
355 1139 389 1192 et
405 1128 501 1192 turris
512 1128 544 1193 in
560 1127 623 1194 hoc
635 1129 759 1194 itinere·
773 1129 853 1208 Quae
864 1134 912 1194 est
927 1130 985 1195 ista
997 1125 1114 1195 turris?

80 1235 135 1302 ttta
159 1238 316 1302 nimirum
337 1259 441 1324 quum.
456 1237 611 1304 Dominus
634 1239 678 1304 in·¹
691 1238 859 1329 Evangelio
881 1239 957 1306 dicit
976 1261 985 1303 ε
1006 1234 1115 1316 «Quis

80 1357 257 1410 nestrum
279 1342 388 1409 volens
408 1344 520 1410 turrim
541 1343 711 1422 aediiionre,
733 1369 798 1413 non
821 1349 908 1437 prius
926 1347 1060 1421 sedebit,
1083 1357 1116 1410 ot

83 1480 98 1514 ι
115 1452 323 1540 computabit
337 1463 487 1540 sumptus,
500 1452 525 1518 si
544 1452 642 1518 habet
663 1454 747 1520 unde
763 1455 924 1545 perficiet¹
936 1455 974 1520 P»
992 1456 1054 1522 iste
1069 1465 1117 1519 est
1244 1525 1247 1530 ,

88 1583 167 1648 ergo
179 1560 491 1636 turris,.sedeserduu
499 1574 533 1627 et
542 1561 665 1630 excelse
677 1564 843 1632 virtutum.
852 1563 917 1632 Sed
929 1567 1037 1633 sidens
1047 1564 1116 1630 haeo

88 1669 225 1745 Phnnso,
238 1669 314 1734 nudi
325 1670 399 1757 quid
413 1670 491 1736 dieit
505 1657 655 1750 2'13rrant,
671 1673 858 1763 inquisisti.
873 1676 969 1765 Apud
982 1675 1117 1741 Pharoo-

84 1800 173 1853 nem,
191 1778 247 1866 qui
262 1779 365 1844 Deum
382 1781 526 1868 sequitur.
540 1805 646 1848 errare
661 1783 790 1860 dieitur,
807 1785 893 1872 quis,
912 1797 948 1850 ut
968 1785 1115 1858 diximus,

81 1887 244 1975 sapientius
260 1887 321 1952 iter
335 1899 584 1965 tortuosumest,
598 1889 714 1958 multos
731 1890 852 1968 hebens
868 1893 981 1969 flexus,
1001 1890 1116 1958 multas

81 1995 301 2072 difficultates,
318 1996 482 2086 plurimos
495 1999 669 2066 animotus..
684 2000 827 2090 Denique
842 2027 920 2070 oum
937 2001 1134 2069 confitearis.

81 2127 186 2170 unum
204 2103 323 2180 De'um,
334 2105 511 2193 eademque
530 2105 731 2175 consessione·
742 2107 881 2183 Putrem.
895 2122 927 2175 et
942 2109 1071 2186 Filium,
1083 2119 1117 2174 et

84 2213 245 2301 Spiritum
262 2225 407 2280 sanetum
425 2237 545 2280 asseres
564 2238 664 2281 unum
680 2217 797 2293 Deum,
812 2241 908 2307 quem
924 2229 1116 2293 tortuosum,

90 2342 192 2408 quum
204 2319 337 2398 difficile,
347 2346 446 2410 quom
460 2322 812 2391 inextricabilesidetus·
826 2326 889 2393 hoe
900 2349 968 2392 esse
984 2323 1118 2392 infideli-

84 2431 172 2496 bust
196 2428 280 2494 Tum
299 2430 408 2496 deinde
428 2453 503 2497 eum
527 2430 603 2496 diois
624 2431 801 2498 Dominum
819 2435 991 2522 majestatis
1010 2433 1117 2501 oruci-

82 2538 201 2616 tixum,
212 2551 246 2604 ot
260 2539 286 2605 F
286 2538 378 2604 iiium
386 2540 528 2606 hominis
539 2561 607 2605 esse
621 2541 675 2628 qui
688 2542 852 2609 deseendit
861 2541 903 2608 de
915 2541 1009 2618 eoelo,
1022 2564 1118 2630 quem

81 2659 228 2714 tortuosa
245 2647 314 2714 haec
329 2648 477 2714 vitientur
490 2659 523 2713 et
539 2671 635 2737 quum
652 2648 809 2718 difficiiiei
824 2651 887 2731 Qui
899 2650 1000 2727 nudit,
1013 2650 1038 2717 si
1053 2669 1118 2716 non

78 2781 159 2825 eum
176 2755 242 2824 tide
265 2758 385 2833 audiat,
404 2757 481 2824 dicit
497 2757 569 2844 quin
590 2769 698 2824 eruunt
716 2759 767 2825 isti
783 2762 863 2828 :sed
881 2761 1012 2827 tutinus
1031 2771 1115 2835 esto;

80 2893 143 2938 nec
160 2869 291 2935 dubites
308 2869 347 2934 de
362 2867 543 2956 hujusmodi
555 2867 632 2944 iide,
643 2869 745 2934 sciens
758 2872 831 2959 quin
847 2870 933 2937 Deus
945 2871 1001 2937 tibi
1013 2883 1121 2936 osten-

80 2981 128 3046 dit
139 2982 230 3046 hnnc
241 2979 318 3045 {idei
334 2979 427 3044 viam.
443 2979 514 3068 lpse
531 2979 617 3045 enim
636 2979 738 3045 dixit:
758 2979 940 3048 «Tollentes
955 2981 996 3048 de
1011 2980 1120 3047 Othon

81 3103 232 3164 sensti-a.
248 3086 406 3156 oolioonte
422 3112 459 3154 ea
477 3089 560 3152 inter
582 3087 774 3176 Epauleum,
796 3100 828 3154 et
846 3089 928 3155 iuter
942 3088 1122 3178 Msgdnium
1171 3151 1176 3165 ,
1239 3161 1241 3168 ,

85 3211 226 3268 scontrs
243 3196 443 3287 Beelsephon
451 3195 473 3261 ².
488 3196 652 3286 »Fugiens
673 3220 748 3286 engo
771 3196 957 3286 AEgyptum‚
979 3197 1063 3264 senis
1081 3197 1123 3262 nd

86 3310 156 3376 haee
175 3309 263 3388 loco,
284 3307 371 3374 senis
390 3307 432 3372 nd
446 3307 502 3373 has
518 3329 651 3396 operum
671 3308 870 3374 escensiones
886 3320 918 3373 et
932 3307 1020 3386 iidei,
1036 3307 1123 3374 venis

94 3420 136 3483 ed
148 3420 317 3486 :editicium
330 3417 439 3493 turris,
453 3417 540 3482 venis
551 3417 647 3481 etiam
663 3417 704 3482 nd
718 3438 818 3493 mere,
831 3429 863 3482 et
879 3427 1052 3484 ooournunt
1068 3417 1124 3484 titi

96 3526 219 3594 fluctus.
232 3531 305 3597 Non
322 3529 409 3594 enim
425 3527 484 3592 iter
501 3525 571 3592 vitae
587 3527 654 3592 siue
666 3528 877 3594 tentationum
891 3526 1042 3593 fluctibus
1058 3527 1126 3616 egi·
1151 3593 1153 3600 ,

93 3649 152 3705 tur.
173 3639 263 3707 Sicut
278 3651 311 3706 et
327 3635 498 3727 Apostolus
519 3636 621 3703 dicit:
639 3632 784 3706 «Omnes
806 3638 860 3726 qui
882 3637 992 3705 volunt
1011 3638 1062 3727 pie
1077 3636 1124 3703 vi·

120 3769 130 3802 ¹
141 3769 205 3818 Luc.
218 3785 272 3826 xis,
285 3767 326 3818 28.
335 3793 367 3805 -
379 3764 390 3798 ²
401 3765 547 3822 Euodus,
562 3781 585 3815 π.
