2702 4610
280 283 339 369 176
719 302 863 348 enisurus

272 415 498 486 caudelabrum
510 414 547 480 lit
557 413 685 484 luminis
696 429 728 482 et
742 416 893 484 lucerne.
907 416 972 482 Aut
984 417 1010 482 si
1028 411 1142 484 nurum
1162 440 1233 485 non
1252 417 1308 485 hr-

174 545 180 556 ·
269 529 344 600 heo,
356 537 523 613 argeutum
541 524 653 594 saltum
671 525 790 613 aliqud
807 527 951 594 inveniar
965 526 1080 594 ollerre
1097 528 1184 615 quod
1208 527 1307 617 proli·

269 635 332 702 ciet
352 636 385 700 in
403 632 581 709 columnas,
593 634 644 700 vel
664 636 697 702 iu
715 637 807 702 beses
821 659 944 702 esrum.
970 639 1035 704 Aut
1056 651 1144 704 certe
1164 637 1222 704 vel
1241 641 1304 706 aesis

268 741 386 830 aliquid
400 742 520 832 hebere
537 764 660 808 mereor
674 743 707 810 in
728 744 949 822 tabernaculo,
966 747 1051 812 uude
1074 746 1189 814 circuli
1216 747 1301 822 liant,

266 867 299 920 et
314 863 427 920 caetere
442 875 513 942 que
527 875 632 920 sermo
657 854 782 920 divinus
801 854 961 920 describit.
984 855 1110 922 Utinam
1127 856 1211 924 mihi
1224 871 1303 922 esset

265 962 414 1052 possibile
430 987 530 1029 unum
548 986 617 1028 esse
636 987 676 1028 ex
690 965 900 1052 principibus,
912 977 946 1030 et
964 963 1080 1032 offerre
1098 989 1247 1054 gemmas
1266 967 1301 1032 sd

265 1085 488 1138 ornamentum
503 1071 671 1160 pontilicis
694 1070 867 1148 humerulis
890 1083 923 1138 et
946 1072 1030 1163 logii.
1052 1073 1116 1141 Sed
1135 1075 1210 1160 quia
1229 1075 1299 1142 hnc

264 1205 358 1269 suprs
374 1203 426 1246 me
445 1192 532 1252 sunt,
550 1193 636 1246 certe
657 1179 707 1245 vel
722 1180 801 1269 pilos
817 1203 985 1270 caprorum
998 1183 1116 1250 hebere
1128 1187 1298 1275 mereor-in

264 1289 469 1360 tabernaculo
481 1290 552 1365 uei,
567 1301 691 1356 tuntum
702 1314 745 1370 ne
755 1291 788 1356 in
800 1293 948 1360 omuibus
963 1294 1089 1380 jejunus
1100 1304 1133 1357 et
1143 1293 1297 1384 iufoecun·

263 1405 322 1469 dus
338 1402 525 1468 inveniann
546 1400 769 1487 Unusquisque
791 1424 869 1490 ergo
888 1401 971 1468 sicut
989 1401 1134 1488 concepit
1152 1403 1288 1468 corde.»

260 1511 375 1578 Videte
388 1512 413 1577 si
426 1510 605 1597 concipitis,
619 1509 723 1574 videte
734 1509 760 1576 si
779 1510 906 1586 tenetis,
921 1534 962 1577 no
980 1511 1060 1578 torte
1074 1510 1210 1578 effluunt
1229 1537 1293 1601 qun

261 1621 423 1694 dicuntur,
435 1625 622 1704 et'pereant.
641 1615 722 1682 Volo
738 1640 793 1685 vos
811 1617 982 1684 admonere
1000 1614 1163 1705 roligionis
1180 1633 1291 1688 vestm

260 1726 410 1815 exemplis
425 1749 433 1790 :
448 1726 558 1800 nostis,
575 1727 629 1813 qui
642 1725 753 1796 divinis
765 1727 923 1813 mysteriis
932 1728 1084 1791 interesse
1101 1731 1289 1817 consuestis,

259 1835 421 1926 quomodo
432 1857 507 1900 cum
522 1835 679 1922 suscipitis
691 1858 807 1924 corpus
819 1833 958 1916 Domini,
971 1856 1046 1898 cum
1063 1835 1152 1902 omui
1166 1834 1289 1929 cautela

256 1960 290 2012 et
312 1944 514 2010 veneratione
536 1945 678 2019 servetis,
698 1966 739 2010 ne
761 1967 800 2010 ex
815 1965 852 2009 uo
867 1965 980 2030 purum
999 1944 1076 2032 quid
1096 1937 1239 2022 decidui,
1251 1969 1287 2012 nn

257 2055 432 2122 consecrati
449 2053 588 2122 mtrneris
608 2053 727 2142 aliquid
749 2053 915 2123 dilabetur.
936 2051 1018 2118 Reos
1033 2055 1119 2120 euim
1138 2078 1195 2120 vos
1212 2045 1288 2125 'ere-

256 2165 340 2240 ditis,
359 2176 390 2230 et
405 2175 494 2230 recte
510 2163 649 2238 creditis,
663 2165 689 2228 si
701 2164 776 2251 quid
795 2163 867 2228 inde
887 2185 944 2250 per
958 2161 1184 2252 negligentium
1201 2166 1281 2232 deci-

181 2313 182 2316 =
254 2275 319 2340 dut.
335 2273 472 2354 Quodsi
488 2274 573 2342 circo
584 2295 701 2360 corpus
711 2274 779 2361 ejus
797 2272 1051 2340 conservandum
1063 2282 1150 2337 tento
1164 2273 1286 2344 utimini

183 2443 185 2446 .
252 2381 388 2458 enutelo,
405 2394 438 2448 et
453 2383 569 2452 merito
588 2383 711 2448 utimini
727 2407 734 2445 τ
750 2379 910 2467 quomodo
926 2381 1042 2468 putetis
1065 2381 1194 2446 minoris
1215 2405 1285 2450 esso

251 2491 367 2583 piaculi
386 2494 521 2560 verbum
537 2491 594 2556 Dei
615 2489 800 2579 neglexisse,
824 2512 920 2576 quum
948 2512 1062 2578 eorpus
1081 2489 1170 2578 ejus?
1184 2489 1284 2564 luitin

249 2627 326 2693 ergo
347 2604 501 2690 jubentur
520 2600 648 2674 offerre,
665 2599 726 2665 hoc
745 2609 794 2662 est
811 2599 975 2686 primitias.
995 2599 1060 2678 Qui
1084 2597 1174 2666 ollert
1190 2600 1287 2686 quod

249 2714 388 2800 primum
407 2721 469 2784 est,
495 2709 672 2776 necessario
694 2706 810 2774 hubent
833 2708 899 2796 ipse
923 2709 1009 2795 quod
1035 2708 1196 2796 reliquum
1222 2722 1280 2776 ost.

247 2818 328 2885 Vide
348 2827 584 2904 quantumuos
609 2825 733 2903 oportet
752 2814 917 2883 'abundare
938 2837 1031 2886 euro,
1054 2827 1212 2905 quantum
1234 2841 1286 2882 nr·

246 2938 353 3017 gento,
369 2948 407 2991 uc
426 2922 554 3012 reliquis
572 2923 719 2990 omnihus
740 2935 810 3010 qu'ae
828 2923 980 3010 jubentur
992 2923 1113 3001 offerri,
1126 2938 1162 2989 ut
1174 2935 1209 2990 et
1222 2925 1286 2992 Do-

246 3038 332 3102 mino
357 3033 546 3108 offeramus,
563 3045 595 3098 et
620 3033 711 3096 nohis
730 3031 874 3119 supersit.
900 3031 1006 3098 Primo
1029 3033 1116 3098 enim
1135 3033 1286 3100 omnium

243 3147 337 3216 dohet
352 3165 462 3210 sensus
477 3162 567 3214 meus
586 3138 759 3229 intelligere
775 3141 892 3217 Deum,
905 3154 938 3206 et
960 3143 1018 3230 ipsi
1037 3142 1155 3208 offerre
1173 3145 1284 3232 primi-

242 3258 300 3320 tins
313 3251 492 3321 intellectus
504 3253 566 3337 sui,
579 3262 614 3322 ut
627 3273 708 3324 ,cum
725 3251 827 3334 Deum
840 3253 923 3318 bene
938 3250 1140 3328 intellexerit,
1156 3253 1285 3343 relique

210 3401 212 3406 ·
241 3373 472 3450 consequenter
483 3372 643 3450 agnoscet.
659 3361 728 3426 lloc
739 3359 836 3434 etium
848 3384 952 3428 sermo
966 3362 1072 3439 locist,
1086 3362 1150 3428 hoc
1166 3376 1201 3430 et
1215 3387 1287 3432 om-

239 3475 289 3540 niu
305 3493 375 3560 quse
393 3473 426 3538 in
446 3473 536 3538 nobis
554 3479 640 3544 suut,
656 3482 749 3558 egunt
751 3517 832 3536 ......

251 3589 254 3646 ζ
281 3582 421 3650 Additur
439 3594 509 3670 post
532 3579 635 3654 haec¹,
660 3581 732 3667 quie
754 3593 787 3644 et
816 3582 1020 3670 apud-quem
1047 3583 1176 3648 invente
1206 3600 1288 3652 sunt

238 3692 319 3781 ligne
335 3690 552 3780 imputribilia,
565 3687 681 3756 obtulit
692 3690 770 3754 Deo.
787 3689 820 3754 Si
832 3689 1016 3779 quis-diligit
1032 3690 1199 3758 Christum
1213 3694 1285 3760 Do-

237 3803 371 3875 minum,
383 3800 502 3889 lignum
514 3797 708 3888 imputribile
721 3799 752 3864 in
765 3799 1004 3888 incorruptione
1016 3799 1110 3865 offert
1122 3801 1281 3870 Domino.

269 3927 318 3976 ¹N.
332 3928 355 3974 6.
367 3943 393 3990 p.
411 3944 417 3974 ι
423 3927 462 3991 78.
