2744 4624
193 211 233 274 Sti
462 201 465 206 ¹
634 233 778 276 ontcenrs

166 437 172 450 .
190 345 222 408 iu
243 345 311 431 ipso
329 344 538 420 meditantur,
550 358 644 434 atque
657 347 689 410 in
705 346 773 435 lege
787 347 856 433 ejus
871 346 923 412 die
938 370 976 412 ac
990 357 1083 412 nocte
1096 367 1221 410 versan-

104 485 109 494 ·
190 463 252 515 tur.
274 451 336 540 Ipsi
354 450 452 540 gloria
468 465 500 518 et
519 455 688 542 imperium
704 455 736 518 in
753 453 865 521 secuta
886 455 1084 521 secutorum.
1102 455 1216 520 Amen.

191 685 524 706 §menumquam-num
530 685 1215 708 mzumzmmmfflmmww=wmmus

528 855 749 929 HOMILIA
773 854 888 928 xlv.

474 1043 521 1100 De
530 1057 657 1119 conceptu
668 1041 806 1114 Rebecca,
814 1057 839 1101 et
848 1057 940 1120 partu.

240 1223 300 1286 Per
322 1223 480 1312 singules²
507 1247 646 1312 quaeque
669 1221 820 1290 lectiones
845 1246 921 1289 cum
946 1221 1062 1310 legitur
1085 1223 1223 1310 Moyses,

197 1332 334 1397 urendus
354 1345 402 1397 est
423 1332 515 1398 nobis
529 1332 623 1402 Pater
636 1331 746 1408 Verbi,
766 1344 800 1396 ut
820 1329 951 1419 impleat
972 1332 1067 1396 etium
1084 1333 1116 1396 in
1131 1333 1224 1397 nobis

196 1438 276 1505 illud
292 1425 379 1529 quod
394 1441 426 1506 in
444 1439 568 1508 Psalmo
583 1442 737 1529 scriptum
752 1453 828 1505 est:
841 1438 979 1506 «Revela
995 1439 1104 1506 oculos
1121 1463 1223 1515 meos,

197 1561 255 1614 »et
277 1548 486 1615 considerabo
507 1549 664 1616 mirabilia
684 1549 724 1614 de
743 1546 811 1637 lege
832 1548 1023 1614 tuatalttsi
1050 1551 1136 1612 enim
1157 1549 1223 1636 ipse

196 1657 315 1744 aperiat
337 1656 445 1724 oculos
469 1669 606 1730 nostros.
628 1656 789 1744 quomodo
813 1656 919 1723 videre
942 1657 1114 1745 poterimus
1137 1668 1220 1720 tauta

196 1767 278 1843 baec,
296 1790 366 1854 quae
380 1768 413 1832 in
429 1764 619 1834 Petriarchis
634 1775 831 1830 sacramente
848 1764 1037 1838 formantur,
1053 1785 1124 1851 quse
1138 1785 1221 1830 nuuc

198 1878 230 1942 in
244 1879 360 1964 puteis,
375 1899 462 1942 nunc
486 1876 518 1941 in
541 1875 673 1962 nuptiis,
692 1897 779 1940 nunc
800 1874 832 1939 in
853 1874 1125 1962 parturitionibus,
1140 1894 1225 1938 nunc

197 1986 296 2050 etiarn
308 1985 341 2050 in
359 1983 575 2051 sterilitatibus
590 1983 791 2073 ligurantur?
808 1983 916 2048 Refert
934 2006 1071 2069 namque
1089 2005 1226 2070 praesens

199 2092 306 2170 lectio,
319 2094 429 2180 quod«
445 2094 532 2160 Isaac
547 2095 668 2182 rogavit
682 2095 785 2160 Deum
800 2118 859 2182 pro
874 2094 1019 2160 Rebecca
1039 2116 1136 2159 uxore
1157 2115 1227 2166 sua,

200 2233 212 2266 ι
227 2204 300 2292 quia
316 2202 428 2270 sterilis
443 2217 524 2279 eret,
535 2218 567 2270 et
583 2205 741 2270 exaudivit
758 2204 847 2269 illum
859 2206 944 2269 Deus
950 2227 960 2277 ς
975 2216 1007 2268 et
1019 2205 1179 2292 concepit,
1195 2216 1229 2268 et

200 2341 213 2373 r
228 2311 424 2387 exultabant,
438 2314 562 2398 inquit,
575 2312 667 2401 pueri
677 2313 710 2377 in
722 2324 811 2390 utero
825 2313 895 2400 ejus
905 2313 950 2377 ’.ι
964 2313 1069 2378 Primo
1084 2314 1228 2380 omnium

199 2421 324 2486 intuere
342 2420 418 2509 quid
433 2421 518 2486 istud
532 2434 580 2486 est
600 2420 687 2510 quod
701 2420 843 2508 plurime
860 2432 1041 2486 sanctarum
1058 2420 1229 2487 mulierum

200 2531 233 2596 in
246 2529 418 2618 Scripturis
430 2529 550 2596 steriles
562 2530 656 2594 fuisse
668 2529 860 2600 reseruntur,
874 2529 954 2591 sicut
969 2528 1034 2612 ipsa
1049 2526 1139 2602 Sara,
1152 2551 1229 2594 eece

201 2649 233 2701 et
248 2659 333 2703 nunc
347 2637 501 2702 Rebecca.
518 2636 581 2700 Sed
602 2647 635 2698 et
653 2629 773 2696 Rachel
788 2628 902 2696 dilectu
917 2631 1012 2695 lsraia'l
1028 2631 1140 2696 sterilis
1155 2635 1226 2702 fuit.

203 2749 295 2812 Anna
310 2765 450 2830 quoque,
465 2752 567 2804 mater
581 2737 751 2813 Samuelis,
766 2736 880 2803 sterilis
898 2738 1057 2804 scribitur.
1072 2739 1137 2805 Sed
1148 2753 1180 2804 et
1196 2745 1228 2807 in

200 2848 377 2938 Evangeliis
392 2845 555 2912 Rliaabeth
570 2845 683 2912 sterilis
699 2845 793 2910 luisse
809 2859 1013 2914 memoretur.
1029 2849 1228 2920 [nomnibus
1283 2833 1287 2840 ¹

202 2970 308 3024 autem
322 2955 388 3019 istis
405 2975 486 3018 uuus
500 2950 554 3018 bic
569 2949 678 3018 titulus
693 2951 889 3041 designatur,
900 2953 986 3041 quod
997 2967 1068 3044 post
1082 2956 1230 3038 sterilita-

202 3081 268 3130 tem
292 3073 438 3128 sauctum
460 3083 570 3128 omnes
591 3061 748 3126 ediderint
771 3073 906 3150 partum.
936 3064 989 3129 Sic
1010 3087 1086 3154 ergo
1107 3077 1139 3130 et
1161 3065 1230 3134 haec

204 3195 291 3238 nunc
305 3169 450 3238 Rebecca
471 3169 582 3236 sterilis
601 3169 697 3237 luisse
712 3171 828 3238 dicitur
844 3194 852 3236 r
871 3200 885 3233 ι
901 3175 957 3238 sed
972 3174 1084 3249 oravit,
1104 3177 1228 3261 inquit,

204 3311 216 3342 a
235 3281 321 3346 lsuec
330 3303 393 3366 pro
404 3304 442 3343 ca
453 3278 638 3353 Dominum,
651 3290 683 3346 et
695 3280 852 3345 exaudivit
864 3265 969 3354 illumr
982 3293 1014 3346 et
1027 3284 1186 3371 concepit,
1199 3297 1232 3349 et

205 3386 416 3454 »exultabunt
437 3385 526 3475 pueri
551 3387 583 3452 in
600 3401 690 3452 utero
705 3389 809 3474 ejus.»
832 3388 952 3454 Sterilis
972 3388 1042 3456 haee
1062 3413 1138 3457 ecce
1154 3393 1232 3480 quid

206 3498 362 3585 concepit.
378 3495 447 3561 Filii
462 3494 574 3561 sterilis
586 3509 756 3584 antequam
770 3510 940 3564 nascautur
951 3498 1104 3576 exultant,
1118 3513 1231 3590 etquae

207 3609 426 3695 desperaverat
448 3602 602 3680 sobolem,
619 3621 727 3693 gentes
747 3619 779 3670 et
800 3608 931 3697 populos
953 3611 1105 3697 gestatio
1128 3625 1232 3677 utero.

240 3747 332 3795 ¹Turn.
345 3745 383 3804 ll,
397 3761 421 3808 p.
434 3761 462 3809 91
475 3755 501 3796 et
513 3762 624 3811 seqq.·-
636 3745 646 3778 ²
658 3745 687 3794 ll.
706 3763 732 3795 r.

240 3819 330 3871 terat.
341 3835 426 3879 crvrn,
440 3820 476 3868 ιδ.
489 3820 538 3857 -l
550 3821 617 3870 Gen.
629 3836 687 3881 nr,
699 3836 736 3868 rr.
