2604 4614
210 297 274 374 524
333 275 336 280 Ι
660 313 803 356 nutamus

206 440 266 515 ria,
290 437 364 504 audi
384 436 543 502 canticum
567 435 784 510 canticorum,
804 447 837 498 et
853 433 965 500 lustina
982 435 1155 525 intelligere
1172 437 1246 504 illud

206 526 238 612 et
259 567 333 612 cum
350 565 465 634 sponsa
479 544 585 609 dicere
598 565 636 608 ea
657 565 728 630 quae
748 565 863 633 sponso
882 543 980 619 dicit,
1002 557 1038 608 ut
1056 545 1246 634 audiasque

207 649 328 718 audivit
341 660 373 714 et
387 670 512 736 sponsu.
527 647 561 713 Si
573 658 680 712 autem
692 669 758 714 non
769 646 911 735 potueris
926 647 1034 714 dicere
1045 669 1121 714 cum
1139 673 1245 738 sponsa

207 781 277 848 quse
292 756 387 832 dixit,
405 767 440 820 ut
452 755 560 820 audias
575 775 612 821 ea
628 777 699 842 quae
718 755 803 821 dicta
822 768 897 820 sunt
913 779 1059 843 sponsae,
1076 756 1193 824 festina
1207 759 1245 822 rel

205 889 280 933 cum
292 863 398 954 sponsi
413 861 574 932 sodalibus
586 862 666 928 fieri.
686 863 787 929 Porro
798 863 824 927 si
841 876 873 928 et
888 862 949 928 illis
966 863 1102 930 inferior
1118 889 1175 940 ea,
1189 878 1246 932 ests

205 997 281 1041 cum
296 969 558 1046 adolescentulis,
575 971 695 1058 quaein
712 993 834 1059 sponsas
856 968 978 1038 deliciis
993 985 1243 1040 commorantur.

205 1083 262 1148 11ae
273 1081 391 1171 quippe
403 1081 436 1144 in
452 1079 513 1146 hoo
532 1078 613 1146 libro
624 1127 633 1154 ‚
646 1078 751 1146 sabula
767 1079 899 1168 pariter,
915 1091 949 1146 et
961 1079 1246 1169 epithalamiosunt

205 1209 369 1282 personae:
384 1211 423 1252 ex
435 1210 499 1275 quo
510 1198 542 1252 et
556 1185 689 1276 gentiles
700 1186 761 1252 sibi
777 1184 1018 1275 epithalamium
1032 1188 1244 1264 uindicarant,

203 1311 236 1364 et
253 1296 341 1388 istius
353 1294 476 1386 generis
496 1317 625 1362 carmen
644 1305 841 1382 assumptum
860 1305 917 1360 est.
940 1294 1241 1383 Epithalamium}

206 1405 336 1495 quidem
351 1404 513 1470 canticum
527 1402 736 1468 canticorum.
752 1400 896 1470 Primum
911 1425 1028 1491 sponsa
1044 1416 1140 1482 orat,
1153 1417 1185 1470 ct
1197 1417 1246 1472 ste

203 1514 264 1581 tim
278 1514 310 1578 in
323 1509 435 1578 mediis
447 1510 596 1600 precihus
612 1509 750 1575 auditur.
768 1509 863 1576 Videt
877 1523 1071 1598 praesentem
1082 1535 1242 1601 sponsum,

208 1623 291 1689 videt
310 1616 561 1712 adolescentulas
583 1640 640 1682 suo
660 1616 827 1686 comitatui
844 1616 1022 1708 copulatas.
1049 1619 1174 1688 Deinde
1188 1644 1243 1686 res·

207 1729 327 1823 poudct
334 1728 364 1793 ei
372 1750 504 1816 sponsus
518 1737 568 1791 :et
585 1737 657 1813 post
672 1725 780 1813 sponsi
796 1722 1031 1812 eloquia,dum
1048 1725 1101 1794 ille
1116 1731 1242 1817 preejrs

206 1839 325 1930 patitur
336 1832 437 1902 salute
449 1884 458 1910 ‚
472 1833 665 1922 respondent
675 1831 817 1910 sodales,
832 1833 935 1900 donec
950 1856 1090 1923 sponsus
1103 1837 1139 1900 sit
1152 1838 1180 1902 in
1193 1859 1234 1902 re-

209 1947 341 2037 cubitu,
360 1955 421 2008 eta
438 1941 583 2031 passione
597 1952 786 2029 consurgat,
804 1963 837 2006 se
854 1941 1005 2030 quaedam
1020 1965 1131 2032 sponse
1144 1966 1232 2008 orm-

209 2066 315 2120 menta
329 2049 476 2118 lecturos.

202 2143 206 2153 ¹
254 2157 1238 2248 ll.Vcrumjamipsaverbaponcndasunt,inquibuspriusror

211 2292 332 2360 sponsae
340 2266 537 2356 deprecantis
546 2264 684 2331 auditur.
697 2263 888 2330 «Osculetur
897 2265 1070 2332 meosculo
1078 2268 1143 2334 oris
1151 2265 1233 2332 sul.-

213 2376 594 2460 Quorumisteostsensus
606 2396 614 2436 :
625 2395 790 2460 quousque
800 2395 934 2460 sponsus
942 2397 1035 2440 meus
1043 2375 1143 2440 mittit
1151 2372 1243 2440 mula

212 2478 619 2576 perllosen,mittitoscula
631 2503 690 2569 per
700 2480 891 2568 prophetas?
902 2481 922 2546 J
924 2505 974 2548 am
988 2482 1091 2571 ipsius
1101 2485 1246 2573 cupioon

212 2594 396 2682 contingere
405 2590 488 2678 ,ipse
498 2587 878 2676 veniat,ipsedescendat.
888 2589 967 2656 Orat
980 2591 1191 2681 igitursponsi
1200 2614 1236 2680 pt

214 2716 316 2776 trem,
329 2713 361 2764 et
374 2698 451 2764 dicit
465 2698 506 2763 ad
517 2720 610 2763 eum:
629 2694 825 2762 «Osculetur
839 2722 891 2764 me
907 2698 1020 2764 osculo
1037 2701 1104 2766 oris
1115 2703 1198 2766 suia
1215 2701 1249 2766 Et

215 2811 288 2900 quia
302 2807 370 2874 talis
383 2819 431 2872 est
444 2817 478 2870 ut
490 2803 689 2894 compleatur
705 2827 799 2892 super
811 2829 882 2872 eam
892 2807 1124 2895 propheticum
1134 2807 1210 2874 illud
1223 2808 1250 2872 iu

217 2943 279 3008 quo
296 2917 413 2983 dicitnr
430 2938 437 2980 ς
454 2909 594 2980 «Adhuc
617 2924 648 2976 te
666 2909 817 3000 loquente
836 2913 965 2990 dicam,
986 2939 1068 2982 ecee
1084 2917 1218 2984 adsum:
1234 2945 1245 2975 ι

215 3048 362 3118 sponsum
371 3022 576 3112 sponsi2Pater
584 3019 729 3096 exaudit,
739 3020 836 3087 mittit
844 3019 944 3086 lilium
953 3045 1063 3088 suum.
1079 3021 1249 3091 Videasills

215 3155 289 3196 oum
301 3129 398 3216 cujus„
404 3125 635 3216 deprecabatur
648 3123 819 3190 adventum
831 3148 923 3192 orare
934 3127 1059 3193 destitit
1070 3177 1081 3204 ,
1092 3141 1124 3194 et
1135 3129 1171 3194 ad
1178 3150 1250 3194 eum

215 3238 360 3306 cominus
372 3233 531 3322 loquitur:
550 3233 729 3312 «Quoniam
742 3233 825 3298 bona
841 3235 940 3300 ubera
952 3247 1008 3302 tua
1020 3258 1118 3325 super
1128 3239 1253 3310 sinum,

217 3345 370 3412 »stodor
392 3353 626 3432 unguentorum
654 3351 783 3406 tuorum
804 3363 899 3429 super
922 3344 1031 3409 omnia
1052 3345 1248 3412 ammata².»

216 3457 356 3545 Sponsus
368 3449 463 3540 igitur
479 3449 623 3542 Christus
638 3449 777 3514 missusa
789 3449 882 3514 Patre
894 3451 981 3516 venit
993 3455 1161 3520 unctosad
1169 3477 1254 3543 spor-

215 3586 302 3639 sam,
318 3572 351 3626 et
367 3559 483 3624 dicitur
498 3558 539 3623 ad
553 3581 646 3622 eum:
671 3554 835 3622 «Dilexisti
849 3559 1022 3646 justitiam,
1035 3574 1069 3626 et
1084 3563 1183 3628 odisti
1199 3563 1253 3627 ini-

216 3671 410 3761 equitatem,
426 3678 594 3762 propterea
610 3665 699 3730 unxit
721 3676 752 3730 te
767 3661 871 3743 Deus,
887 3667 973 3734 Deus
987 3680 1063 3736 tuus
1077 3668 1151 3735 oleo
1169 3669 1254 3735 erul-

217 3777 364 3845 atationis
382 3799 445 3864 prae
460 3771 664 3864 participibus
678 3772 769 3838 tuis⁸.
787 3801 798 3836 t
824 3774 857 3840 si
877 3797 929 3841 mc
946 3777 1084 3865 tetigerit
1099 3798 1250 3865 sponsus.

253 3921 404 3986 ¹t'antic.1,
420 3939 441 3971 ι.
454 3919 505 3959 -²
516 3921 579 3969 lhid.
598 3937 623 3976 r,
638 3937 661 3967 a.
678 3949 702 3956 —-
717 3917 726 3950 ¹
744 3920 830 3968 Psalm.
844 3938 919 3982 rura,
935 3923 958 3970 8.
