<?xml version="1.0" encoding="UTF-8"?>
<!DOCTYPE html PUBLIC "-//W3C//DTD XHTML 1.0 Transitional//EN"
    "http://www.w3.org/TR/xhtml1/DTD/xhtml1-transitional.dtd">
<html xmlns="http://www.w3.org/1999/xhtml" xml:lang="en" lang="en">
 <head>
  <title>
</title>
<meta http-equiv="Content-Type" content="text/html;charset=utf-8" />
  <meta name='ocr-system' content='tesseract 3.04.00' />
  <meta name='ocr-capabilities' content='ocr_page ocr_carea ocr_par ocr_line ocrx_word'/>
</head>
<body>
  <div class='ocr_page' id='page_1' title='image "./collectioselect01guilgoog_0631.png"; bbox 0 0 2748 4596; ppageno 0'>
   <div class='ocr_carea' id='block_1_1' title="bbox 385 314 1163 374">
    <p class='ocr_par' dir='ltr' id='par_1_1' title="bbox 385 314 1163 374">
     <span class='ocr_line' id='line_1_1' title="bbox 385 314 1163 374; baseline -0.006 -3"><span class='ocrx_word' id='word_1_1' title='bbox 385 329 417 372; x_wconf 82' lang='lat' dir='ltr'><strong>us</strong></span> <span class='ocrx_word' id='word_1_2' title='bbox 442 327 555 370; x_wconf 76' lang='lat' dir='ltr'><strong>uranum</strong></span> <span class='ocrx_word' id='word_1_3' title='bbox 577 327 647 370; x_wconf 81' lang='lat' dir='ltr'><strong>assu</strong></span> <span class='ocrx_word' id='word_1_4' title='bbox 671 328 753 372; x_wconf 72' lang='lat' dir='ltr'><strong>aava</strong></span> <span class='ocrx_word' id='word_1_5' title='bbox 778 327 850 370; x_wconf 77' lang='lat' dir='ltr'><strong>noar.</strong></span> <span class='ocrx_word' id='word_1_6' title='bbox 879 328 919 369; x_wconf 86' lang='lat' dir='ltr'><strong>rx.</strong></span> <span class='ocrx_word' id='word_1_7' title='bbox 1126 314 1163 374; x_wconf 73' lang='lat'><strong>51</strong></span> 
     </span>
    </p>
   </div>
   <div class='ocr_carea' id='block_1_2' title="bbox 111 448 1241 3662">
    <p class='ocr_par' dir='ltr' id='par_1_2' title="bbox 111 448 1241 3662">
     <span class='ocr_line' id='line_1_2' title="bbox 133 448 1170 544; baseline 0.003 -26"><span class='ocrx_word' id='word_1_8' title='bbox 133 455 207 544; x_wconf 76' lang='lat' dir='ltr'><strong>»qui</strong></span> <span class='ocrx_word' id='word_1_9' title='bbox 229 451 376 520; x_wconf 80' lang='lat' dir='ltr'><strong>irascitur</strong></span> <span class='ocrx_word' id='word_1_10' title='bbox 395 449 482 516; x_wconf 80' lang='lat' dir='ltr'><strong>fratri</strong></span> <span class='ocrx_word' id='word_1_11' title='bbox 506 473 581 526; x_wconf 88' lang='lat' dir='ltr'><strong>suo,</strong></span> <span class='ocrx_word' id='word_1_12' title='bbox 605 448 763 518; x_wconf 79' lang='lat' dir='ltr'><strong>homicida</strong></span> <span class='ocrx_word' id='word_1_13' title='bbox 789 449 867 516; x_wconf 85' lang='lat' dir='ltr'><strong>est¹.</strong></span> <span class='ocrx_word' id='word_1_14' title='bbox 884 450 930 516; x_wconf 86' lang='lat' dir='ltr'><strong>Et</strong></span> <span class='ocrx_word' id='word_1_15' title='bbox 943 450 1050 520; x_wconf 87' lang='lat' dir='ltr'><strong>iterum</strong></span> <span class='ocrx_word' id='word_1_16' title='bbox 1066 479 1075 518; x_wconf 92' lang='lat'>:</span> <span class='ocrx_word' id='word_1_17' title='bbox 1091 455 1170 522; x_wconf 45' lang='lat' dir='ltr'><strong>Die-1</strong></span> 
     </span>
     <span class='ocr_line' id='line_1_3' title="bbox 132 557 1164 646; baseline 0.003 -20"><span class='ocrx_word' id='word_1_18' title='bbox 132 575 223 630; x_wconf 82' lang='lat' dir='ltr'><strong>»tum</strong></span> <span class='ocrx_word' id='word_1_19' title='bbox 236 571 285 626; x_wconf 87' lang='lat' dir='ltr'><strong>est</strong></span> <span class='ocrx_word' id='word_1_20' title='bbox 301 558 455 646; x_wconf 73' lang='lat' dir='ltr'><strong>antiquiss</strong></span> <span class='ocrx_word' id='word_1_21' title='bbox 470 558 540 626; x_wconf 91' lang='lat' dir='ltr'><strong>Non</strong></span> <span class='ocrx_word' id='word_1_22' title='bbox 552 557 771 626; x_wconf 83' lang='lat' dir='ltr'><strong>moechaberis.</strong></span> <span class='ocrx_word' id='word_1_23' title='bbox 783 558 849 646; x_wconf 77' lang='lat' dir='ltr'><strong>llgo</strong></span> <span class='ocrx_word' id='word_1_24' title='bbox 859 569 965 624; x_wconf 88' lang='lat' dir='ltr'><strong>autem</strong></span> <span class='ocrx_word' id='word_1_25' title='bbox 978 561 1050 626; x_wconf 91' lang='lat' dir='ltr'><strong>dico</strong></span> <span class='ocrx_word' id='word_1_26' title='bbox 1059 565 1164 629; x_wconf 86' lang='lat' dir='ltr'><strong>vobis:</strong></span> 
     </span>
     <span class='ocr_line' id='line_1_4' title="bbox 134 665 1168 761; baseline 0.005 -27"><span class='ocrx_word' id='word_1_27' title='bbox 134 672 189 738; x_wconf 73' lang='lat' dir='ltr'><strong>sSi</strong></span> <span class='ocrx_word' id='word_1_28' title='bbox 205 670 274 757; x_wconf 90' lang='lat' dir='ltr'><strong>quis</strong></span> <span class='ocrx_word' id='word_1_29' title='bbox 290 667 445 756; x_wconf 76' lang='lat' dir='ltr'><strong>aspexerit</strong></span> <span class='ocrx_word' id='word_1_30' title='bbox 457 665 624 732; x_wconf 91' lang='lat' dir='ltr'><strong>mulierem</strong></span> <span class='ocrx_word' id='word_1_31' title='bbox 639 667 680 732; x_wconf 87' lang='lat' dir='ltr'><strong>sd</strong></span> <span class='ocrx_word' id='word_1_32' title='bbox 694 666 979 754; x_wconf 85' lang='lat' dir='ltr'><strong>concupiscendam</strong></span> <span class='ocrx_word' id='word_1_33' title='bbox 992 692 1061 736; x_wconf 88' lang='lat' dir='ltr'><strong>eam</strong></span> <span class='ocrx_word' id='word_1_34' title='bbox 1072 721 1085 747; x_wconf 92' lang='lat'><strong>,.</strong></span> <span class='ocrx_word' id='word_1_35' title='bbox 1103 671 1168 761; x_wconf 84' lang='lat' dir='ltr'><strong>jain</strong></span> 
     </span>
     <span class='ocr_line' id='line_1_5' title="bbox 135 773 1166 866; baseline 0.004 -25"><span class='ocrx_word' id='word_1_36' title='bbox 135 776 388 846; x_wconf 73' lang='lat' dir='ltr'><strong>smmobstusest</strong></span> <span class='ocrx_word' id='word_1_37' title='bbox 399 797 470 842; x_wconf 83' lang='lat' dir='ltr'><strong>eam</strong></span> <span class='ocrx_word' id='word_1_38' title='bbox 481 775 514 840; x_wconf 92' lang='lat' dir='ltr'><strong>in</strong></span> <span class='ocrx_word' id='word_1_39' title='bbox 526 775 622 840; x_wconf 91' lang='lat' dir='ltr'><strong>corde</strong></span> <span class='ocrx_word' id='word_1_40' title='bbox 631 773 718 842; x_wconf 87' lang='lat' dir='ltr'><strong>suo².</strong></span> <span class='ocrx_word' id='word_1_41' title='bbox 733 774 766 840; x_wconf 86' lang='grc' dir='ltr'><em>Ε</em></span> <span class='ocrx_word' id='word_1_42' title='bbox 768 785 798 850; x_wconf 93' lang='lat' dir='ltr'><strong>t,</strong></span> <span class='ocrx_word' id='word_1_43' title='bbox 811 774 940 841; x_wconf 89' lang='lat' dir='ltr'><strong>Dictum</strong></span> <span class='ocrx_word' id='word_1_44' title='bbox 952 789 1000 841; x_wconf 86' lang='lat' dir='ltr'><strong>est</strong></span> <span class='ocrx_word' id='word_1_45' title='bbox 1013 779 1166 866; x_wconf 75' lang='lat' dir='ltr'><strong>antiquis:</strong></span> 
     </span>
     <span class='ocr_line' id='line_1_6' title="bbox 137 881 1169 973; baseline 0.007 -26"><span class='ocrx_word' id='word_1_46' title='bbox 137 885 229 953; x_wconf 73' lang='lat' dir='ltr'><strong>sNen</strong></span> <span class='ocrx_word' id='word_1_47' title='bbox 243 883 430 972; x_wconf 85' lang='lat' dir='ltr'><strong>perjurabis.</strong></span> <span class='ocrx_word' id='word_1_48' title='bbox 448 882 514 973; x_wconf 76' lang='lat' dir='ltr'><strong>llgo</strong></span> <span class='ocrx_word' id='word_1_49' title='bbox 530 893 637 948; x_wconf 87' lang='lat' dir='ltr'><strong>autem</strong></span> <span class='ocrx_word' id='word_1_50' title='bbox 648 882 720 948; x_wconf 93' lang='lat' dir='ltr'><strong>dico</strong></span> <span class='ocrx_word' id='word_1_51' title='bbox 736 883 843 949; x_wconf 85' lang='lat' dir='ltr'><strong>vobis:</strong></span> <span class='ocrx_word' id='word_1_52' title='bbox 858 881 960 949; x_wconf 84' lang='lat' dir='ltr'><strong>Nolite</strong></span> <span class='ocrx_word' id='word_1_53' title='bbox 974 886 1081 973; x_wconf 87' lang='lat' dir='ltr'><strong>jurare</strong></span> <span class='ocrx_word' id='word_1_54' title='bbox 1097 911 1169 954; x_wconf 68' lang='lat' dir='ltr'><strong>omu</strong></span> 
     </span>
     <span class='ocr_line' id='line_1_7' title="bbox 138 989 1169 1079; baseline 0.007 -25"><span class='ocrx_word' id='word_1_55' title='bbox 138 993 235 1059; x_wconf 78' lang='lat' dir='ltr'><strong>»nino</strong></span> <span class='ocrx_word' id='word_1_56' title='bbox 245 991 293 1056; x_wconf 67' lang='grc' dir='ltr'><strong>’.ι</strong></span> <span class='ocrx_word' id='word_1_57' title='bbox 308 989 403 1058; x_wconf 86' lang='lat' dir='ltr'><strong>Vides</strong></span> <span class='ocrx_word' id='word_1_58' title='bbox 417 989 701 1058; x_wconf 85' lang='lat' dir='ltr'><strong>Deuteronomium</strong></span> <span class='ocrx_word' id='word_1_59' title='bbox 719 989 805 1078; x_wconf 89' lang='lat' dir='ltr'><strong>quod</strong></span> <span class='ocrx_word' id='word_1_60' title='bbox 826 990 952 1079; x_wconf 81' lang='lat' dir='ltr'><strong>scripsit</strong></span> <span class='ocrx_word' id='word_1_61' title='bbox 967 992 1059 1058; x_wconf 82' lang='lat' dir='ltr'><strong>lesus</strong></span> <span class='ocrx_word' id='word_1_62' title='bbox 1074 995 1107 1060; x_wconf 88' lang='lat' dir='ltr'><strong>in</strong></span> <span class='ocrx_word' id='word_1_63' title='bbox 1122 993 1169 1062; x_wconf 86' lang='lat' dir='ltr'><strong>la-</strong></span> 
     </span>
     <span class='ocr_line' id='line_1_8' title="bbox 137 1095 1171 1189; baseline 0.005 -25"><span class='ocrx_word' id='word_1_64' title='bbox 137 1100 263 1189; x_wconf 90' lang='lat' dir='ltr'><strong>pidibus</strong></span> <span class='ocrx_word' id='word_1_65' title='bbox 277 1098 354 1164; x_wconf 82' lang='lat' dir='ltr'><strong>visis</strong></span> <span class='ocrx_word' id='word_1_66' title='bbox 367 1107 401 1162; x_wconf 84' lang='lat' dir='ltr'><strong>et</strong></span> <span class='ocrx_word' id='word_1_67' title='bbox 415 1096 563 1183; x_wconf 77' lang='lat' dir='ltr'><strong>integris,</strong></span> <span class='ocrx_word' id='word_1_68' title='bbox 580 1119 645 1164; x_wconf 91' lang='lat' dir='ltr'><strong>non</strong></span> <span class='ocrx_word' id='word_1_69' title='bbox 661 1096 693 1164; x_wconf 89' lang='lat' dir='ltr'><strong>iu</strong></span> <span class='ocrx_word' id='word_1_70' title='bbox 709 1095 825 1164; x_wconf 84' lang='lat' dir='ltr'><strong>tabulis</strong></span> <span class='ocrx_word' id='word_1_71' title='bbox 839 1096 990 1186; x_wconf 78' lang='lat' dir='ltr'><strong>lapideis,</strong></span> <span class='ocrx_word' id='word_1_72' title='bbox 1007 1101 1063 1166; x_wconf 90' lang='lat' dir='ltr'><strong>sed</strong></span> <span class='ocrx_word' id='word_1_73' title='bbox 1079 1103 1111 1168; x_wconf 91' lang='lat' dir='ltr'><strong>in</strong></span> <span class='ocrx_word' id='word_1_74' title='bbox 1126 1115 1171 1170; x_wconf 83' lang='lat' dir='ltr'><strong>ta-</strong></span> 
     </span>
     <span class='ocr_line' id='line_1_9' title="bbox 136 1202 1170 1297; baseline 0.002 -23"><span class='ocrx_word' id='word_1_75' title='bbox 136 1205 219 1278; x_wconf 83' lang='lat' dir='ltr'><strong>bulis</strong></span> <span class='ocrx_word' id='word_1_76' title='bbox 241 1205 347 1272; x_wconf 88' lang='lat' dir='ltr'><strong>eordis</strong></span> <span class='ocrx_word' id='word_1_77' title='bbox 372 1202 570 1279; x_wconf 78' lang='lat' dir='ltr'><strong>carnalibus,</strong></span> <span class='ocrx_word' id='word_1_78' title='bbox 598 1225 663 1269; x_wconf 89' lang='lat' dir='ltr'><strong>non</strong></span> <span class='ocrx_word' id='word_1_79' title='bbox 688 1216 885 1280; x_wconf 87' lang='lat' dir='ltr'><strong>atramento,</strong></span> <span class='ocrx_word' id='word_1_80' title='bbox 907 1207 964 1272; x_wconf 85' lang='lat' dir='ltr'><strong>sed</strong></span> <span class='ocrx_word' id='word_1_81' title='bbox 981 1209 1091 1297; x_wconf 88' lang='lat' dir='ltr'><strong>spiritu</strong></span> <span class='ocrx_word' id='word_1_82' title='bbox 1113 1211 1170 1276; x_wconf 85' lang='lat' dir='ltr'><strong>Dei</strong></span> 
     </span>
     <span class='ocr_line' id='line_1_10' title="bbox 137 1306 687 1382; baseline 0 0"><span class='ocrx_word' id='word_1_83' title='bbox 137 1313 257 1382; x_wconf 62' lang='grc' dir='ltr'><strong>ἡνί’...</strong></span> <span class='ocrx_word' id='word_1_84' title='bbox 683 1306 687 1313; x_wconf 57' lang='grc'><strong>’</strong></span> 
     </span>
     <span class='ocr_line' id='line_1_11' title="bbox 183 1417 1173 1511; baseline 0.006 -23"><span class='ocrx_word' id='word_1_85' title='bbox 183 1419 367 1488; x_wconf 68' lang='lat' dir='ltr'><strong>blateret</strong></span> <span class='ocrx_word' id='word_1_86' title='bbox 393 1439 445 1486; x_wconf 87' lang='lat' dir='ltr'><strong>mc</strong></span> <span class='ocrx_word' id='word_1_87' title='bbox 471 1439 563 1492; x_wconf 85' lang='lat' dir='ltr'><strong>sane,</strong></span> <span class='ocrx_word' id='word_1_88' title='bbox 592 1417 678 1504; x_wconf 94' lang='lat' dir='ltr'><strong>quod</strong></span> <span class='ocrx_word' id='word_1_89' title='bbox 705 1417 826 1484; x_wconf 86' lang='lat' dir='ltr'><strong>addidit</strong></span> <span class='ocrx_word' id='word_1_90' title='bbox 856 1420 1173 1511; x_wconf 86' lang='lat' dir='ltr'><strong>inconsequentibus</strong></span> 
     </span>
     <span class='ocr_line' id='line_1_12' title="bbox 111 1523 1175 1620; baseline 0.008 -28"><span class='ocrx_word' id='word_1_91' title='bbox 111 1611 114 1616; x_wconf 25' lang='grc' dir='ltr'>Ι</span> <span class='ocrx_word' id='word_1_92' title='bbox 140 1527 315 1614; x_wconf 80' lang='lat' dir='ltr'><strong>Scriptura.</strong></span> <span class='ocrx_word' id='word_1_93' title='bbox 340 1527 401 1592; x_wconf 79' lang='lat' dir='ltr'><strong>«Et</strong></span> <span class='ocrx_word' id='word_1_94' title='bbox 417 1525 561 1614; x_wconf 86' lang='lat' dir='ltr'><strong>scripsit,</strong></span> <span class='ocrx_word' id='word_1_95' title='bbox 579 1523 694 1610; x_wconf 82' lang='lat' dir='ltr'><strong>inquit,</strong></span> <span class='ocrx_word' id='word_1_96' title='bbox 708 1524 800 1590; x_wconf 80' lang='lat' dir='ltr'><strong>lesus</strong></span> <span class='ocrx_word' id='word_1_97' title='bbox 811 1549 906 1616; x_wconf 86' lang='lat' dir='ltr'><strong>super</strong></span> <span class='ocrx_word' id='word_1_98' title='bbox 921 1527 1039 1620; x_wconf 83' lang='lat' dir='ltr'><strong>lapides</strong></span> <span class='ocrx_word' id='word_1_99' title='bbox 1055 1533 1175 1601; x_wconf 84' lang='lat' dir='ltr'><strong>Deute-</strong></span> 
     </span>
     <span class='ocr_line' id='line_1_13' title="bbox 140 1631 1241 1727; baseline 0.013 -30"><span class='ocrx_word' id='word_1_100' title='bbox 140 1633 343 1700; x_wconf 78' lang='lat' dir='ltr'><strong>»ronomium</strong></span> <span class='ocrx_word' id='word_1_101' title='bbox 367 1655 473 1698; x_wconf 90' lang='lat' dir='ltr'><strong>coram</strong></span> <span class='ocrx_word' id='word_1_102' title='bbox 493 1631 565 1702; x_wconf 87' lang='lat' dir='ltr'><strong>filiis</strong></span> <span class='ocrx_word' id='word_1_103' title='bbox 580 1631 735 1699; x_wconf 78' lang='lat' dir='ltr'><strong>lsrael⁶.s</strong></span> <span class='ocrx_word' id='word_1_104' title='bbox 759 1634 932 1714; x_wconf 86' lang='lat' dir='ltr'><strong>Quomodo</strong></span> <span class='ocrx_word' id='word_1_105' title='bbox 953 1642 1093 1727; x_wconf 90' lang='lat' dir='ltr'><strong>potuerit</strong></span> <span class='ocrx_word' id='word_1_106' title='bbox 1108 1655 1173 1709; x_wconf 87' lang='lat' dir='ltr'><strong>tam</strong></span> <span class='ocrx_word' id='word_1_107' title='bbox 1229 1695 1241 1711; x_wconf 82' lang='grc'><strong><em>,</em></strong></span> 
     </span>
     <span class='ocr_line' id='line_1_14' title="bbox 140 1738 1176 1830; baseline 0.002 -20"><span class='ocrx_word' id='word_1_108' title='bbox 140 1763 293 1830; x_wconf 88' lang='lat' dir='ltr'><strong>magnum</strong></span> <span class='ocrx_word' id='word_1_109' title='bbox 304 1738 440 1816; x_wconf 85' lang='lat' dir='ltr'><strong>librum,</strong></span> <span class='ocrx_word' id='word_1_110' title='bbox 454 1738 503 1806; x_wconf 88' lang='lat' dir='ltr'><strong>vel</strong></span> <span class='ocrx_word' id='word_1_111' title='bbox 519 1740 734 1808; x_wconf 79' lang='lat' dir='ltr'><strong>assistentibus</strong></span> <span class='ocrx_word' id='word_1_112' title='bbox 753 1751 786 1806; x_wconf 89' lang='lat' dir='ltr'><strong>et</strong></span> <span class='ocrx_word' id='word_1_113' title='bbox 800 1747 1060 1830; x_wconf 77' lang='lat' dir='ltr'><strong>permanentibus</strong></span> <span class='ocrx_word' id='word_1_114' title='bbox 1074 1750 1118 1815; x_wconf 91' lang='lat' dir='ltr'><strong>ibi</strong></span> <span class='ocrx_word' id='word_1_115' title='bbox 1135 1751 1176 1816; x_wconf 50' lang='lat' dir='ltr'><strong>ss,</strong></span> 
     </span>
     <span class='ocr_line' id='line_1_15' title="bbox 138 1845 1175 1946; baseline 0.011 -33"><span class='ocrx_word' id='word_1_116' title='bbox 138 1847 188 1914; x_wconf 90' lang='lat' dir='ltr'><strong>liis</strong></span> <span class='ocrx_word' id='word_1_117' title='bbox 210 1845 307 1914; x_wconf 90' lang='lat' dir='ltr'><strong>lsrael</strong></span> <span class='ocrx_word' id='word_1_118' title='bbox 332 1847 532 1923; x_wconf 87' lang='lat' dir='ltr'><strong>describere,</strong></span> <span class='ocrx_word' id='word_1_119' title='bbox 564 1847 606 1913; x_wconf 88' lang='lat' dir='ltr'><strong>ita</strong></span> <span class='ocrx_word' id='word_1_120' title='bbox 632 1859 667 1912; x_wconf 88' lang='lat' dir='ltr'><strong>ut</strong></span> <span class='ocrx_word' id='word_1_121' title='bbox 694 1871 758 1912; x_wconf 91' lang='lat' dir='ltr'><strong>non</strong></span> <span class='ocrx_word' id='word_1_122' title='bbox 787 1850 985 1918; x_wconf 87' lang='lat' dir='ltr'><strong>discederent</strong></span> <span class='ocrx_word' id='word_1_123' title='bbox 1011 1879 1175 1946; x_wconf 86' lang='lat' dir='ltr'><strong>usquequo</strong></span> 
     </span>
     <span class='ocr_line' id='line_1_16' title="bbox 138 1953 1177 2053; baseline 0.009 -31"><span class='ocrx_word' id='word_1_124' title='bbox 138 1955 304 2044; x_wconf 86' lang='lat' dir='ltr'><strong>Scriptura</strong></span> <span class='ocrx_word' id='word_1_125' title='bbox 317 1965 366 2020; x_wconf 90' lang='lat' dir='ltr'><strong>tot</strong></span> <span class='ocrx_word' id='word_1_126' title='bbox 377 1976 526 2020; x_wconf 84' lang='lat' dir='ltr'><strong>versuum</strong></span> <span class='ocrx_word' id='word_1_127' title='bbox 541 1953 705 2020; x_wconf 86' lang='lat' dir='ltr'><strong>liniretur:</strong></span> <span class='ocrx_word' id='word_1_128' title='bbox 720 1953 769 2020; x_wconf 87' lang='lat' dir='ltr'><strong>vel</strong></span> <span class='ocrx_word' id='word_1_129' title='bbox 780 1957 875 2022; x_wconf 84' lang='lat' dir='ltr'><strong>etiam</strong></span> <span class='ocrx_word' id='word_1_130' title='bbox 891 1963 1052 2046; x_wconf 89' lang='lat' dir='ltr'><strong>quomodo</strong></span> <span class='ocrx_word' id='word_1_131' title='bbox 1066 1959 1177 2053; x_wconf 87' lang='lat' dir='ltr'><strong>potue-</strong></span> 
     </span>
     <span class='ocr_line' id='line_1_17' title="bbox 138 2059 1165 2149; baseline 0.011 -21"><span class='ocrx_word' id='word_1_132' title='bbox 138 2063 204 2128; x_wconf 90' lang='lat' dir='ltr'><strong>rint</strong></span> <span class='ocrx_word' id='word_1_133' title='bbox 215 2060 334 2149; x_wconf 86' lang='lat' dir='ltr'><strong>lapides</strong></span> <span class='ocrx_word' id='word_1_134' title='bbox 349 2059 455 2128; x_wconf 86' lang='lat' dir='ltr'><strong>altaris</strong></span> <span class='ocrx_word' id='word_1_135' title='bbox 470 2060 552 2126; x_wconf 81' lang='lat' dir='ltr'><strong>ferre</strong></span> <span class='ocrx_word' id='word_1_136' title='bbox 565 2073 630 2126; x_wconf 89' lang='lat' dir='ltr'><strong>tam</strong></span> <span class='ocrx_word' id='word_1_137' title='bbox 646 2062 751 2149; x_wconf 84' lang='lat' dir='ltr'><strong>magni</strong></span> <span class='ocrx_word' id='word_1_138' title='bbox 769 2061 840 2130; x_wconf 86' lang='lat' dir='ltr'><strong>libri</strong></span> <span class='ocrx_word' id='word_1_139' title='bbox 857 2068 1106 2149; x_wconf 88' lang='lat' dir='ltr'><strong>continentiam,</strong></span> <span class='ocrx_word' id='word_1_140' title='bbox 1125 2074 1165 2139; x_wconf 87' lang='lat' dir='ltr'><strong>di-</strong></span> 
     </span>
     <span class='ocr_line' id='line_1_18' title="bbox 139 2167 1174 2270; baseline 0.013 -36"><span class='ocrx_word' id='word_1_141' title='bbox 139 2181 215 2236; x_wconf 86' lang='lat' dir='ltr'><strong>cant</strong></span> <span class='ocrx_word' id='word_1_142' title='bbox 230 2169 307 2236; x_wconf 89' lang='lat' dir='ltr'><strong>mibi</strong></span> <span class='ocrx_word' id='word_1_143' title='bbox 322 2169 373 2236; x_wconf 90' lang='lat' dir='ltr'><strong>isti</strong></span> <span class='ocrx_word' id='word_1_144' title='bbox 393 2180 564 2236; x_wconf 78' lang='lat' dir='ltr'><strong>assertores</strong></span> <span class='ocrx_word' id='word_1_145' title='bbox 582 2167 693 2234; x_wconf 77' lang='lat' dir='ltr'><strong>litteras</strong></span> <span class='ocrx_word' id='word_1_146' title='bbox 710 2169 830 2247; x_wconf 77' lang='lat' dir='ltr'><strong>Judaei,</strong></span> <span class='ocrx_word' id='word_1_147' title='bbox 854 2176 906 2260; x_wconf 89' lang='lat' dir='ltr'><strong>qui</strong></span> <span class='ocrx_word' id='word_1_148' title='bbox 924 2176 1069 2264; x_wconf 78' lang='lat' dir='ltr'><strong>spiritum</strong></span> <span class='ocrx_word' id='word_1_149' title='bbox 1084 2183 1174 2270; x_wconf 83' lang='lat' dir='ltr'><strong>Legis</strong></span> 
     </span>
     <span class='ocr_line' id='line_1_19' title="bbox 141 2276 1176 2370; baseline 0.013 -30"><span class='ocrx_word' id='word_1_150' title='bbox 141 2277 298 2364; x_wconf 85' lang='lat' dir='ltr'><strong>ignorant.</strong></span> <span class='ocrx_word' id='word_1_151' title='bbox 317 2277 488 2356; x_wconf 87' lang='lat' dir='ltr'><strong>Quomodo</strong></span> <span class='ocrx_word' id='word_1_152' title='bbox 503 2277 535 2342; x_wconf 92' lang='lat' dir='ltr'><strong>in</strong></span> <span class='ocrx_word' id='word_1_153' title='bbox 547 2276 610 2370; x_wconf 89' lang='lat' dir='ltr'><strong>boc</strong></span> <span class='ocrx_word' id='word_1_154' title='bbox 623 2276 762 2342; x_wconf 83' lang='lat' dir='ltr'><strong>historias</strong></span> <span class='ocrx_word' id='word_1_155' title='bbox 782 2281 896 2344; x_wconf 84' lang='lat' dir='ltr'><strong>veritas</strong></span> <span class='ocrx_word' id='word_1_156' title='bbox 920 2282 1176 2354; x_wconf 73' lang='lat' dir='ltr'><strong>demonstraturi)</strong></span> 
     </span>
     <span class='ocr_line' id='line_1_20' title="bbox 140 2381 1172 2484; baseline 0.009 -34"><span class='ocrx_word' id='word_1_157' title='bbox 140 2383 208 2450; x_wconf 85' lang='lat' dir='ltr'><strong>Sed</strong></span> <span class='ocrx_word' id='word_1_158' title='bbox 223 2383 306 2471; x_wconf 83' lang='lat' dir='ltr'><strong>npud</strong></span> <span class='ocrx_word' id='word_1_159' title='bbox 317 2381 384 2449; x_wconf 91' lang='lat' dir='ltr'><strong>illos</strong></span> <span class='ocrx_word' id='word_1_160' title='bbox 399 2405 522 2471; x_wconf 80' lang='lat' dir='ltr'><strong>susque</strong></span> <span class='ocrx_word' id='word_1_161' title='bbox 533 2383 565 2447; x_wconf 93' lang='lat' dir='ltr'><strong>in</strong></span> <span class='ocrx_word' id='word_1_162' title='bbox 576 2383 766 2449; x_wconf 89' lang='lat' dir='ltr'><strong>hodiernum</strong></span> <span class='ocrx_word' id='word_1_163' title='bbox 780 2385 864 2450; x_wconf 86' lang='lat' dir='ltr'><strong>diem</strong></span> <span class='ocrx_word' id='word_1_164' title='bbox 875 2410 950 2453; x_wconf 91' lang='lat' dir='ltr'><strong>eum</strong></span> <span class='ocrx_word' id='word_1_165' title='bbox 963 2388 1078 2480; x_wconf 86' lang='lat' dir='ltr'><strong>legitur</strong></span> <span class='ocrx_word' id='word_1_166' title='bbox 1089 2393 1172 2484; x_wconf 81' lang='lat' dir='ltr'><strong>Moy·</strong></span> 
     </span>
     <span class='ocr_line' id='line_1_21' title="bbox 138 2485 1175 2574; baseline 0.003 -22"><span class='ocrx_word' id='word_1_167' title='bbox 138 2510 233 2563; x_wconf 77' lang='lat' dir='ltr'><strong>sees,</strong></span> <span class='ocrx_word' id='word_1_168' title='bbox 250 2485 391 2552; x_wconf 83' lang='lat' dir='ltr'><strong>velamen</strong></span> <span class='ocrx_word' id='word_1_169' title='bbox 407 2499 455 2551; x_wconf 88' lang='lat' dir='ltr'><strong>est</strong></span> <span class='ocrx_word' id='word_1_170' title='bbox 470 2487 609 2573; x_wconf 88' lang='lat' dir='ltr'><strong>positum</strong></span> <span class='ocrx_word' id='word_1_171' title='bbox 624 2509 718 2574; x_wconf 91' lang='lat' dir='ltr'><strong>super</strong></span> <span class='ocrx_word' id='word_1_172' title='bbox 731 2509 789 2552; x_wconf 90' lang='lat' dir='ltr'><strong>eor</strong></span> <span class='ocrx_word' id='word_1_173' title='bbox 803 2511 915 2554; x_wconf 90' lang='lat' dir='ltr'><strong>eorum</strong></span> <span class='ocrx_word' id='word_1_174' title='bbox 926 2491 972 2556; x_wconf 77' lang='lat'><strong>⁶.»</strong></span> <span class='ocrx_word' id='word_1_175' title='bbox 989 2495 1087 2561; x_wconf 75' lang='lat' dir='ltr'><strong>Nobis</strong></span> <span class='ocrx_word' id='word_1_176' title='bbox 1104 2522 1175 2564; x_wconf 67' lang='lat' dir='ltr'><strong>aem</strong></span> 
     </span>
     <span class='ocr_line' id='line_1_22' title="bbox 138 2593 1174 2690; baseline 0.01 -29"><span class='ocrx_word' id='word_1_177' title='bbox 138 2595 303 2662; x_wconf 79' lang='lat' dir='ltr'><strong>conversis</strong></span> <span class='ocrx_word' id='word_1_178' title='bbox 312 2594 350 2660; x_wconf 87' lang='lat' dir='ltr'><strong>ad</strong></span> <span class='ocrx_word' id='word_1_179' title='bbox 358 2594 529 2660; x_wconf 88' lang='lat' dir='ltr'><strong>Dominum</strong></span> <span class='ocrx_word' id='word_1_180' title='bbox 542 2593 652 2659; x_wconf 89' lang='lat' dir='ltr'><strong>Jesum</strong></span> <span class='ocrx_word' id='word_1_181' title='bbox 665 2595 826 2670; x_wconf 75' lang='lat' dir='ltr'><strong>,solemur</strong></span> <span class='ocrx_word' id='word_1_182' title='bbox 835 2595 977 2665; x_wconf 86' lang='lat' dir='ltr'><strong>velamen</strong></span> <span class='ocrx_word' id='word_1_183' title='bbox 989 2652 998 2678; x_wconf 88' lang='lat'><strong>,</strong></span> <span class='ocrx_word' id='word_1_184' title='bbox 1011 2606 1084 2690; x_wconf 85' lang='lat' dir='ltr'><strong>quin</strong></span> <span class='ocrx_word' id='word_1_185' title='bbox 1100 2611 1174 2674; x_wconf 81' lang='lat' dir='ltr'><strong>«ubi</strong></span> 
     </span>
     <span class='ocr_line' id='line_1_23' title="bbox 139 2699 1175 2806; baseline 0.014 -40"><span class='ocrx_word' id='word_1_186' title='bbox 139 2702 299 2790; x_wconf 78' lang='lat' dir='ltr'><strong>»Spiritus</strong></span> <span class='ocrx_word' id='word_1_187' title='bbox 313 2701 459 2777; x_wconf 88' lang='lat' dir='ltr'><strong>Domini,</strong></span> <span class='ocrx_word' id='word_1_188' title='bbox 478 2701 522 2766; x_wconf 93' lang='lat' dir='ltr'><strong>ibi</strong></span> <span class='ocrx_word' id='word_1_189' title='bbox 538 2699 685 2768; x_wconf 86' lang='lat' dir='ltr'><strong>libertas⁷</strong></span> <span class='ocrx_word' id='word_1_190' title='bbox 700 2729 713 2764; x_wconf 77' lang='lat' dir='ltr'><strong>r</strong></span> <span class='ocrx_word' id='word_1_191' title='bbox 730 2701 951 2792; x_wconf 77' lang='lat' dir='ltr'><strong>intelligentiae.</strong></span> <span class='ocrx_word' id='word_1_192' title='bbox 971 2709 1084 2776; x_wconf 88' lang='lat' dir='ltr'><strong>Noster</strong></span> <span class='ocrx_word' id='word_1_193' title='bbox 1100 2735 1175 2806; x_wconf 84' lang='lat' dir='ltr'><strong>ergo</strong></span> 
     </span>
     <span class='ocr_line' id='line_1_24' title="bbox 137 2807 1198 2899; baseline 0.012 -24"><span class='ocrx_word' id='word_1_194' title='bbox 137 2810 234 2876; x_wconf 85' lang='lat' dir='ltr'><strong>Jesus</strong></span> <span class='ocrx_word' id='word_1_195' title='bbox 249 2810 421 2883; x_wconf 89' lang='lat' dir='ltr'><strong>Dominus,</strong></span> <span class='ocrx_word' id='word_1_196' title='bbox 438 2831 501 2876; x_wconf 91' lang='lat' dir='ltr'><strong>non</strong></span> <span class='ocrx_word' id='word_1_197' title='bbox 514 2807 745 2896; x_wconf 85' lang='lat' dir='ltr'><strong>indigetmulte</strong></span> <span class='ocrx_word' id='word_1_198' title='bbox 763 2821 904 2899; x_wconf 85' lang='lat' dir='ltr'><strong>tempore</strong></span> <span class='ocrx_word' id='word_1_199' title='bbox 923 2826 959 2878; x_wconf 92' lang='lat' dir='ltr'><strong>ut</strong></span> <span class='ocrx_word' id='word_1_200' title='bbox 974 2817 1174 2890; x_wconf 86' lang='lat' dir='ltr'><strong>Deuterono-</strong></span> <span class='ocrx_word' id='word_1_201' title='bbox 1195 2841 1198 2848; x_wconf 58' lang='lat'><strong>⁴</strong></span> 
     </span>
     <span class='ocr_line' id='line_1_25' title="bbox 139 2915 1173 3004; baseline 0.015 -21"><span class='ocrx_word' id='word_1_202' title='bbox 139 2917 243 2983; x_wconf 90' lang='lat' dir='ltr'><strong>mium</strong></span> <span class='ocrx_word' id='word_1_203' title='bbox 258 2917 388 2992; x_wconf 83' lang='lat' dir='ltr'><strong>scribat,</strong></span> <span class='ocrx_word' id='word_1_204' title='bbox 406 2927 440 2980; x_wconf 84' lang='lat' dir='ltr'><strong>ut</strong></span> <span class='ocrx_word' id='word_1_205' title='bbox 454 2915 627 2982; x_wconf 82' lang='lat' dir='ltr'><strong>secundem</strong></span> <span class='ocrx_word' id='word_1_206' title='bbox 639 2917 755 3004; x_wconf 83' lang='lat' dir='ltr'><strong>Legem</strong></span> <span class='ocrx_word' id='word_1_207' title='bbox 767 2917 799 2982; x_wconf 91' lang='lat' dir='ltr'><strong>in</strong></span> <span class='ocrx_word' id='word_1_208' title='bbox 814 2919 964 2986; x_wconf 86' lang='lat' dir='ltr'><strong>cordibus</strong></span> <span class='ocrx_word' id='word_1_209' title='bbox 976 2927 1173 2999; x_wconf 84' lang='lat' dir='ltr'><strong>credentium</strong></span> 
     </span>
     <span class='ocr_line' id='line_1_26' title="bbox 139 3023 1172 3113; baseline 0.016 -24"><span class='ocrx_word' id='word_1_210' title='bbox 139 3024 239 3113; x_wconf 78' lang='lat' dir='ltr'><strong>ligat,</strong></span> <span class='ocrx_word' id='word_1_211' title='bbox 252 3036 346 3111; x_wconf 85' lang='lat' dir='ltr'><strong>atque</strong></span> <span class='ocrx_word' id='word_1_212' title='bbox 357 3024 390 3089; x_wconf 94' lang='lat' dir='ltr'><strong>in</strong></span> <span class='ocrx_word' id='word_1_213' title='bbox 408 3045 520 3088; x_wconf 90' lang='lat' dir='ltr'><strong>eorum</strong></span> <span class='ocrx_word' id='word_1_214' title='bbox 542 3023 702 3088; x_wconf 88' lang='lat' dir='ltr'><strong>mentibus</strong></span> <span class='ocrx_word' id='word_1_215' title='bbox 719 3025 772 3111; x_wconf 89' lang='lat' dir='ltr'><strong>qui</strong></span> <span class='ocrx_word' id='word_1_216' title='bbox 789 3025 828 3090; x_wconf 88' lang='lat' dir='ltr'><strong>ed</strong></span> <span class='ocrx_word' id='word_1_217' title='bbox 845 3024 948 3094; x_wconf 86' lang='lat' dir='ltr'><strong>altaris</strong></span> <span class='ocrx_word' id='word_1_218' title='bbox 960 3041 1172 3107; x_wconf 87' lang='lat' dir='ltr'><strong>constructio-</strong></span> 
     </span>
     <span class='ocr_line' id='line_1_27' title="bbox 138 3128 1173 3236; baseline 0.015 -36"><span class='ocrx_word' id='word_1_219' title='bbox 138 3155 218 3200; x_wconf 86' lang='lat' dir='ltr'><strong>nem</strong></span> <span class='ocrx_word' id='word_1_220' title='bbox 232 3131 317 3218; x_wconf 88' lang='lat' dir='ltr'><strong>digni</strong></span> <span class='ocrx_word' id='word_1_221' title='bbox 332 3142 405 3196; x_wconf 89' lang='lat' dir='ltr'><strong>sunt</strong></span> <span class='ocrx_word' id='word_1_222' title='bbox 415 3128 628 3218; x_wconf 88' lang='lat' dir='ltr'><strong>eligi,Legem</strong></span> <span class='ocrx_word' id='word_1_223' title='bbox 642 3131 769 3219; x_wconf 85' lang='lat' dir='ltr'><strong>spiritus</strong></span> <span class='ocrx_word' id='word_1_224' title='bbox 784 3132 895 3220; x_wconf 86' lang='lat' dir='ltr'><strong>signet.</strong></span> <span class='ocrx_word' id='word_1_225' title='bbox 911 3137 1024 3206; x_wconf 90' lang='lat' dir='ltr'><strong>Statim</strong></span> <span class='ocrx_word' id='word_1_226' title='bbox 1038 3167 1173 3236; x_wconf 82' lang='lat' dir='ltr'><strong>namque</strong></span> 
     </span>
     <span class='ocr_line' id='line_1_28' title="bbox 137 3235 1173 3336; baseline 0.01 -32"><span class='ocrx_word' id='word_1_227' title='bbox 137 3251 176 3304; x_wconf 92' lang='lat' dir='ltr'><strong>ut</strong></span> <span class='ocrx_word' id='word_1_228' title='bbox 186 3239 256 3326; x_wconf 88' lang='lat' dir='ltr'><strong>quis</strong></span> <span class='ocrx_word' id='word_1_229' title='bbox 267 3237 436 3304; x_wconf 87' lang='lat' dir='ltr'><strong>crediderit</strong></span> <span class='ocrx_word' id='word_1_230' title='bbox 444 3235 519 3304; x_wconf 86' lang='lat' dir='ltr'><strong>Jesu</strong></span> <span class='ocrx_word' id='word_1_231' title='bbox 531 3236 716 3312; x_wconf 88' lang='lat' dir='ltr'><strong>Christo,et</strong></span> <span class='ocrx_word' id='word_1_232' title='bbox 727 3237 941 3329; x_wconf 79' lang='lat' dir='ltr'><strong>lexEvangelii</strong></span> <span class='ocrx_word' id='word_1_233' title='bbox 954 3245 985 3311; x_wconf 92' lang='lat' dir='ltr'><strong>in</strong></span> <span class='ocrx_word' id='word_1_234' title='bbox 997 3250 1066 3336; x_wconf 87' lang='lat' dir='ltr'><strong>ejus</strong></span> <span class='ocrx_word' id='word_1_235' title='bbox 1076 3259 1173 3324; x_wconf 69' lang='lat' dir='ltr'><strong>eorde</strong></span> 
     </span>
     <span class='ocr_line' id='line_1_29' title="bbox 140 3343 1172 3451; baseline 0.017 -41"><span class='ocrx_word' id='word_1_236' title='bbox 140 3345 302 3433; x_wconf 88' lang='lat' dir='ltr'><strong>descripta</strong></span> <span class='ocrx_word' id='word_1_237' title='bbox 323 3356 389 3420; x_wconf 88' lang='lat' dir='ltr'><strong>est,</strong></span> <span class='ocrx_word' id='word_1_238' title='bbox 417 3357 450 3410; x_wconf 88' lang='lat' dir='ltr'><strong>et</strong></span> <span class='ocrx_word' id='word_1_239' title='bbox 472 3344 504 3412; x_wconf 90' lang='lat' dir='ltr'><strong>iu</strong></span> <span class='ocrx_word' id='word_1_240' title='bbox 530 3356 703 3431; x_wconf 87' lang='lat' dir='ltr'><strong>conspectu</strong></span> <span class='ocrx_word' id='word_1_241' title='bbox 726 3343 864 3412; x_wconf 82' lang='lat' dir='ltr'><strong>filiorum</strong></span> <span class='ocrx_word' id='word_1_242' title='bbox 891 3349 985 3416; x_wconf 90' lang='lat' dir='ltr'><strong>lsrael</strong></span> <span class='ocrx_word' id='word_1_243' title='bbox 1005 3356 1172 3451; x_wconf 86' lang='lat' dir='ltr'><strong>descripta.</strong></span> 
     </span>
     <span class='ocr_line' id='line_1_30' title="bbox 141 3451 1175 3550; baseline 0.022 -34"><span class='ocrx_word' id='word_1_244' title='bbox 141 3451 287 3522; x_wconf 81' lang='lat' dir='ltr'><strong>Aderant</strong></span> <span class='ocrx_word' id='word_1_245' title='bbox 297 3453 382 3520; x_wconf 86' lang='lat' dir='ltr'><strong>enim</strong></span> <span class='ocrx_word' id='word_1_246' title='bbox 394 3464 471 3519; x_wconf 83' lang='lat' dir='ltr'><strong>tone</strong></span> <span class='ocrx_word' id='word_1_247' title='bbox 481 3474 556 3518; x_wconf 92' lang='lat' dir='ltr'><strong>eum</strong></span> <span class='ocrx_word' id='word_1_248' title='bbox 566 3451 623 3516; x_wconf 90' lang='lat' dir='ltr'><strong>tibi</strong></span> <span class='ocrx_word' id='word_1_249' title='bbox 636 3465 869 3520; x_wconf 85' lang='lat' dir='ltr'><strong>sacramentum</strong></span> <span class='ocrx_word' id='word_1_250' title='bbox 882 3455 955 3523; x_wconf 85' lang='lat' dir='ltr'><strong>lidei</strong></span> <span class='ocrx_word' id='word_1_251' title='bbox 979 3467 1175 3550; x_wconf 88' lang='lat' dir='ltr'><strong>tradebatur,</strong></span> 
     </span>
     <span class='ocr_line' id='line_1_31' title="bbox 135 3558 1176 3662; baseline 0.002 -33"><span class='ocrx_word' id='word_1_252' title='bbox 135 3558 289 3630; x_wconf 71' lang='lat' dir='ltr'><strong>caelestes</strong></span> <span class='ocrx_word' id='word_1_253' title='bbox 300 3562 449 3635; x_wconf 82' lang='lat' dir='ltr'><strong>virtutes,</strong></span> <span class='ocrx_word' id='word_1_254' title='bbox 466 3560 638 3626; x_wconf 83' lang='lat' dir='ltr'><strong>ministeria</strong></span> <span class='ocrx_word' id='word_1_255' title='bbox 654 3558 868 3647; x_wconf 81' lang='lat' dir='ltr'><strong>Angelnrum,</strong></span> <span class='ocrx_word' id='word_1_256' title='bbox 887 3565 1026 3636; x_wconf 82' lang='lat' dir='ltr'><strong>Ecclesia</strong></span> <span class='ocrx_word' id='word_1_257' title='bbox 1040 3577 1176 3662; x_wconf 62' lang='lat' dir='ltr'><strong>primiti.</strong></span> 
     </span>
    </p>
   </div>
   <div class='ocr_carea' id='block_1_3' title="bbox 177 3733 1181 3818">
    <p class='ocr_par' dir='ltr' id='par_1_3' title="bbox 177 3733 1181 3818">
     <span class='ocr_line' id='line_1_32' title="bbox 177 3733 1181 3818; baseline 0.024 -42"><span class='ocrx_word' id='word_1_258' title='bbox 177 3737 280 3788; x_wconf 62' lang='lat' dir='ltr'><strong>st,</strong></span> <span class='ocrx_word' id='word_1_259' title='bbox 295 3755 318 3798; x_wconf 77' lang='lat' dir='ltr'><strong>v,</strong></span> <span class='ocrx_word' id='word_1_260' title='bbox 331 3755 373 3800; x_wconf 62' lang='grc' dir='ltr'><strong>ῃ,</strong></span> <span class='ocrx_word' id='word_1_261' title='bbox 388 3737 570 3788; x_wconf 74' lang='lat' dir='ltr'><strong>22.-²1btd.</strong></span> <span class='ocrx_word' id='word_1_262' title='bbox 584 3753 632 3806; x_wconf 82' lang='lat'><strong>27,</strong></span> <span class='ocrx_word' id='word_1_263' title='bbox 653 3736 695 3788; x_wconf 66' lang='grc' dir='ltr'><strong>πε.</strong></span> <span class='ocrx_word' id='word_1_264' title='bbox 710 3765 740 3774; x_wconf 85' lang='grc'>-</span> <span class='ocrx_word' id='word_1_265' title='bbox 754 3733 763 3768; x_wconf 75' lang='lat'><strong>⁸</strong></span> <span class='ocrx_word' id='word_1_266' title='bbox 779 3739 842 3788; x_wconf 78' lang='lat' dir='ltr'><strong>thid.</strong></span> <span class='ocrx_word' id='word_1_267' title='bbox 855 3738 903 3801; x_wconf 83' lang='grc'><strong>33,</strong></span> <span class='ocrx_word' id='word_1_268' title='bbox 919 3742 1003 3805; x_wconf 63' lang='lat'><strong>34-</strong></span> <span class='ocrx_word' id='word_1_269' title='bbox 1014 3749 1046 3802; x_wconf 73' lang='lat'><strong>⁸2</strong></span> <span class='ocrx_word' id='word_1_270' title='bbox 1061 3753 1181 3818; x_wconf 63' lang='lat' dir='ltr'><strong>Certum</strong></span> 
     </span>
    </p>
   </div>
   <div class='ocr_carea' id='block_1_4' title="bbox 48 3821 1179 3984">
    <p class='ocr_par' dir='ltr' id='par_1_4' title="bbox 48 3821 1179 3984">
     <span class='ocr_line' id='line_1_33' title="bbox 127 3821 1179 3907; baseline -0.003 -30"><span class='ocrx_word' id='word_1_271' title='bbox 127 3846 191 3888; x_wconf 78' lang='grc' dir='ltr'><strong>ιιι,</strong></span> <span class='ocrx_word' id='word_1_272' title='bbox 214 3825 240 3877; x_wconf 88' lang='grc'><strong>3.</strong></span> <span class='ocrx_word' id='word_1_273' title='bbox 260 3855 289 3862; x_wconf 91' lang='grc'><strong>--</strong></span> <span class='ocrx_word' id='word_1_274' title='bbox 306 3823 377 3877; x_wconf 72' lang='lat' dir='ltr'><strong>‘don</strong></span> <span class='ocrx_word' id='word_1_275' title='bbox 400 3844 465 3882; x_wconf 80' lang='lat' dir='ltr'><strong>vrrs,</strong></span> <span class='ocrx_word' id='word_1_276' title='bbox 485 3825 526 3877; x_wconf 81' lang='lat'><strong>32.</strong></span> <span class='ocrx_word' id='word_1_277' title='bbox 549 3821 637 3898; x_wconf 51' lang='lat' dir='ltr'><strong>-la</strong></span> <span class='ocrx_word' id='word_1_278' title='bbox 659 3825 774 3876; x_wconf 84' lang='lat' dir='ltr'><strong>Corinth.</strong></span> <span class='ocrx_word' id='word_1_279' title='bbox 793 3844 840 3904; x_wconf 81' lang='lat'>.¹¹¹’</span> <span class='ocrx_word' id='word_1_280' title='bbox 867 3827 913 3892; x_wconf 79' lang='lat'><strong>15,</strong></span> <span class='ocrx_word' id='word_1_281' title='bbox 935 3836 981 3896; x_wconf 80' lang='lat'><strong>16,</strong></span> <span class='ocrx_word' id='word_1_282' title='bbox 1009 3857 1047 3907; x_wconf 81' lang='lat'><strong>17.</strong></span> <span class='ocrx_word' id='word_1_283' title='bbox 1072 3842 1118 3879; x_wconf 82' lang='lat'><strong>-7</strong></span> <span class='ocrx_word' id='word_1_284' title='bbox 1142 3851 1179 3900; x_wconf 43' lang='lat' dir='ltr'><strong>M.</strong></span> 
     </span>
     <span class='ocr_line' id='line_1_34' title="bbox 48 3933 250 3984; baseline 0.01 -20"><span class='ocrx_word' id='word_1_285' title='bbox 48 3961 50 3964; x_wconf 88' lang='lat'>.</span> <span class='ocrx_word' id='word_1_286' title='bbox 125 3935 192 3979; x_wconf 80' lang='lat' dir='ltr'><strong>nr,</strong></span> <span class='ocrx_word' id='word_1_287' title='bbox 211 3933 250 3984; x_wconf 83' lang='lat'><strong>¹7·</strong></span> 
     </span>
    </p>
   </div>
   <div class='ocr_carea' id='block_1_5' title="bbox 0 0 1378 4596">
    <p class='ocr_par' dir='ltr' id='par_1_5' title="bbox 0 0 1378 4596">
     <span class='ocr_line' id='line_1_35' title="bbox 0 0 1378 4596; baseline 0 0"><span class='ocrx_word' id='word_1_288' title='bbox 0 0 1378 4596; x_wconf 95' lang='lat' dir='ltr'><strong> </strong></span> 
     </span>
    </p>
   </div>
  </div>
 </body>
</html>
