2734 4594
222 193 289 280 rso
660 233 801 277 cursurus

223 373 288 428 tem
304 361 514 429 fructiferum.
539 363 602 426 iste
624 380 699 449 tngo
720 372 788 426 tum
807 357 972 426 laudabilis
989 360 1035 424 rir
1051 359 1163 428 babuit
1179 361 1257 428 duos

33 539 39 552 ,
129 529 135 537 .
224 491 347 536 uxores.
376 470 500 537 Nomen
523 468 577 534 uni
599 467 691 534 Anus
707 516 717 544 ‚
735 477 767 534 et
786 488 904 533 nomen
926 465 1073 533 secuudae
1093 467 1254 537 Fenenns.

224 579 342 646 Habuit
357 589 464 644 sutem
476 575 557 644 lilios
576 577 616 642 de
634 577 773 643 secundo
784 576 955 642 Fenennu:
972 573 1084 642 sterilis
1098 599 1176 642 uxor
1190 589 1257 645 erut

225 687 312 774 prior
327 684 398 762 illu,
414 707 484 775 quae
499 696 532 750 et
552 681 690 754 nobilior
707 694 786 750 erat.
804 681 925 750 Similia
942 683 1082 748 invenies
1096 695 1129 748 et
1143 683 1177 750 iu
1194 685 1260 752 Ge·

226 794 304 859 ursi.
323 793 464 882 Cognata
474 792 590 881 quippe
604 803 652 857 est
664 791 724 857 sibi
732 790 897 879 Scriptura
912 790 1027 858 divine
1043 790 1186 858 Invenies
1196 791 1257 857 ibi¹

89 927 92 934 ·
226 900 503 988 priussmuxorem
515 897 651 966 Abruhae
660 895 1261 974 Sarsmnobiliorenr,sseundumvoro

227 1005 407 1095 AEgyptiam
424 1005 508 1095 Agar
522 1005 695 1095 ignobilem
707 1006 822 1083 luisse,
841 1017 874 1071 et
887 1017 959 1073 ante
970 1017 1093 1094 putrem
1109 1005 1261 1074 ellectum

227 1112 388 1181 Abrohom
402 1113 443 1179 de
464 1112 615 1203 ignobili,
631 1137 727 1203 quem
744 1114 783 1180 de
798 1111 908 1180 nobili.
926 1112 978 1178 Fit
998 1124 1103 1179 sutem
1118 1126 1263 1202 postmo-

104 1227 108 1236 '
228 1222 304 1288 (lum
319 1221 415 1288 etism
432 1221 472 1286 de
489 1219 587 1287 nobili
605 1222 742 1310 conjuge
760 1231 859 1310 puter.
878 1221 926 1286 Itu
942 1241 1018 1309 ergo
1035 1230 1067 1286 et
1085 1243 1174 1287 nunc
1190 1221 1264 1288 Hel·

229 1329 329 1397 cbons
346 1328 405 1417 ¹bic
423 1329 477 1416 qui
493 1339 542 1394 est
558 1329 713 1419 possessio
735 1328 793 1394 Dei
807 1327 923 1417 „prius
945 1327 985 1392 de
1004 1327 1144 1394 secunda
1168 1351 1263 1395 uxore

227 1437 368 1503 efficitur
382 1447 488 1524 pater,
505 1434 801 1525 quoniamquidem
820 1432 1020 1501 concluserat
1035 1433 1121 1500 Deus
1140 1434 1264 1502 vulvum

228 1545 346 1620 Anne,
358 1543 440 1608 sicut
457 1554 489 1608 et
501 1544 589 1631 prius
606 1542 804 1610 concluserat
818 1540 946 1608 vulvum
962 1542 1057 1608 Sorae.
1075 1541 1152 1609 Post
1166 1542 1266 1631 pluri-

229 1674 299 1716 mos
316 1673 390 1716 vero
407 1662 516 1739 pertus
538 1650 695 1715 Fenennae
711 1700 721 1726 ,
740 1660 773 1714 et
789 1648 890 1716 Aunes
907 1647 999 1716 vulva
1022 1650 1220 1716 orationibus
1237 1663 1268 1717 et

232 1758 379 1846 precibus
395 1757 554 1844 operitur,
571 1768 604 1820 et
619 1755 756 1821 efficitur
769 1769 802 1821 et
817 1756 884 1844 ipss
898 1767 1000 1822 meter
1018 1755 1074 1821 lilii
1089 1755 1160 1845 ejus
1172 1781 1265 1846 quem

233 1861 350 1930 obtulit
372 1862 449 1928 Deo.
478 1862 564 1942 Quid
580 1883 655 1951 ergo
669 1862 744 1956 'brec
763 1864 795 1929 in
819 1885 852 1927 se
874 1863 1062 1929 sacramenti
1085 1866 1268 1932 contineant

235 1970 396 2038 videamus
414 1992 422 2035 τ
439 1970 589 2036 Feuennu
610 1970 835 2058 interpretatur
850 1971 1032 2048 conversio,
1050 1970 1140 2038 Anno
1158 1985 1265 2038 sutem

234 2078 459 2166 interpretetur
480 2076 590 2166 gratia.
622 2076 842 2166 Unusquisque
864 2099 940 2168 orgo
963 2089 1105 2145 nostrum
1124 2078 1262 2166 quivult

233 2181 317 2254 offici
331 2184 486 2274 possessio
505 2183 581 2260 Dei,
602 2183 676 2250 istss
691 2185 750 2251 sibi
774 2184 851 2250 duas
869 2185 981 2274 junget
999 2209 1129 2262 uxores,
1142 2197 1175 2250 et
1188 2209 1269 2254 oum

234 2290 310 2380 ipsis
326 2291 385 2356 sibi
404 2291 529 2380 nuptias
543 2289 694 2358 celebret.
712 2292 852 2358 Primum
866 2293 926 2358 sibi
940 2293 1072 2382 junget,
1091 2315 1162 2382 quse
1176 2295 1272 2360 nobi-

234 2397 295 2464 lior
309 2409 358 2465 est
376 2410 408 2464 et
418 2399 614 2489 generosior,
627 2399 772 2488 gratinus.
790 2400 866 2466 Haec
880 2400 972 2466 nobis
986 2399 1154 2489 perfidem
1170 2402 1268 2491 primu

234 2508 450 2597 conjungitur,
463 2508 545 2574 sieut
556 2521 589 2574 ot
599 2507 768 2597 Apostolus
780 2507 857 2574 dicit
872 2530 881 2574 r
897 2535 911 2568 ι
927 2509 1035 2578 Gratis
1049 2509 1127 2576 salvi
1139 2509 1217 2578 fecti
1228 2535 1273 2577 es·

234 2613 296 2680 »tis
319 2637 376 2705 per
395 2615 492 2682 fidem
504 2615 527 2681 ¹.
549 2645 563 2679 ι
587 2615 742 2684 &cundo
763 2638 839 2682 vero
861 2618 1073 2705 conjungatur
1088 2617 1269 2685 Fouennae:

233 2723 268 2789 id
281 2734 347 2800 est,
360 2723 554 2789 conversioni
570 2746 578 2788 ε
596 2724 668 2811 quia
679 2724 891 2813 postgrstium
907 2721 1101 2789 credulitatis
1117 2725 1272 2791 ementis-

234 2831 279 2895 tio
294 2831 331 2896 fit
345 2853 471 2897 morum
483 2842 515 2896 et
526 2830 597 2896 vitae
613 2831 787 2896 conversio.
807 2831 872 2898 ssd
882 2853 957 2897 curn
972 2831 1030 2896 iste
1045 2831 1086 2896 sit
1097 2831 1181 2898 ordo
1195 2857 1275 2923 nup

235 2939 369 3013 tiorum,
391 2937 470 3004 elius
492 2937 572 3004 ordo
593 2937 820 3026 procreationis
836 2936 983 3004 efficitur.
1006 2939 1111 3005 Prima
1134 2963 1276 3030 namque

235 3046 326 3112 nobis
336 3047 419 3134 parit
434 3043 514 3112 lilios
530 3045 700 3121 Fenennu,
719 3046 792 3134 quis
804 3047 923 3135 primos
939 3046 1062 3113 fructus
1079 3047 1120 3112 de
1136 3071 1277 3116 couver-

235 3155 322 3219 sione
336 3153 542 3243 proferimus,
563 3165 596 3218 et
610 3153 711 3242 primo
729 3153 857 3242 justitire
872 3154 1013 3242 germino
1032 3152 1072 3219 de
1092 3155 1223 3222 actibus
1246 3167 1278 3222 ot

236 3267 384 3356 operibus
405 3288 618 3356 procreemus.
646 3265 787 3332 Primum
814 3269 951 3354 nemque
971 3265 1101 3355 justitioe
1122 3289 1208 3355 opus
1231 3279 1280 3333 αἱ

237 3375 378 3442 converti
394 3373 560 3464 spectatis
572 3396 580 3438 ε
594 3373 666 3462 quin
680 3372 740 3440 nisi
757 3384 829 3440 unte
844 3385 1067 3440 convertamur
1081 3385 1115 3438 et
1131 3373 1281 3442 decline-

1353 3179 1357 3345 l

237 3505 337 3548 muse
352 3479 456 3556 melo,
469 3503 531 3547 uec
544 3481 584 3546 de
596 3479 686 3548 Anno
701 3479 782 3546 effici
794 3492 919 3569 putres,
936 3503 997 3547 nec
1009 3480 1050 3546 (le
1064 3482 1167 3571 gratio
1180 3493 1282 3570 pote-
1353 3513 1354 3534 ι

237 3590 336 3656 rimus
354 3586 435 3655 lilios
453 3611 615 3679 generare.
633 3588 802 3655 Videamus
820 3611 895 3678 ergo
914 3611 1000 3655 nuuc
1019 3589 1281 3678 uniuscujusque
1351 3581 1353 3640 l

239 3697 441 3766 differentias.
464 3695 563 3764 Filios
580 3696 677 3762 habet
697 3697 862 3795 Fenenns,
889 3698 944 3764 sed
963 3699 1018 3787 qui
1038 3721 1103 3766 non
1122 3698 1285 3766 ssstsrurn

276 3835 284 3870 ¹
296 3838 385 3890 Gener.
397 3857 440 3888 xvr
454 3849 478 3887 et
490 3833 605 3887 xxo-¹
616 3837 701 3903 tiphos.
716 3855 749 3900 ιι,
759 3843 783 3887 8.-
