2702 4610
222 228 232 269 Ι
242 228 281 270 20
653 233 794 283 ontotttts

225 339 318 417 tium,
336 341 390 430 qui
415 345 620 433 cogitationes
635 348 777 413 sordidas
791 357 823 411 et
837 346 983 433 ‚impuras
999 341 1048 410 vel
1067 335 1256 431 depellitor

226 448 335 528 eorde,
357 450 406 518 rel
428 455 559 520 omnino
578 479 642 522 non
663 455 788 545 resipit,
805 455 886 520 siout
907 465 939 519 et
958 449 1127 541 Apostolus
1142 450 1221 517 dicit
1241 472 1251 514 s

231 556 462 628 «Assumentes
477 574 601 628 sontum
618 562 692 630 lidei
714 563 746 628 in
761 586 826 652 quo
838 584 1008 652 possumus
1026 561 1131 626 omnia
1146 557 1256 647 jacula

225 663 380 755 »Maligni
397 669 492 756 ignita
508 672 721 762 extinguere¹.
736 703 750 736 1
768 674 838 739 lloo
860 673 944 738 enim
967 670 1064 737 modo
1083 692 1258 758 possumus

223 773 319 838 etiam
330 774 425 842 bodie
437 777 601 868 AEgyptios
616 781 723 846 videre
734 793 877 848 mortuos
891 792 924 846 et
938 780 1077 868 jaoentes
1094 778 1134 842 ad
1150 776 1256 852 littus,

222 883 382 972 submergi
391 887 557 975 quadriges
568 911 679 954 eorum
690 901 722 954 et
733 911 842 976 equos.
860 889 1028 955 Possumus
1039 885 1135 952 etism
1146 885 1254 973 ipsum

220 988 417 1062 Pharaonem
433 995 537 1062 videre
553 997 706 1087 demergi,
723 999 748 1064 si
766 1010 851 1065 tanta
865 997 929 1064 lide
943 998 1096 1070 vivamus,
1114 1006 1150 1060 ut
1164 995 1254 1061 Deus
1342 1067 1343 1092 p

222 1113 366 1168 conterat
382 1104 548 1172 Satanam¹
561 1110 619 1173 sub
633 1108 766 1197 pedibus
781 1108 896 1173 nostris
909 1104 1058 1171 velociter
1069 1127 1127 1192 per
1137 1103 1251 1170 lesum
1342 1095 1343 1098 ¹

223 1209 384 1278 Christum
401 1214 572 1283 Dominum
585 1230 743 1294 nostrum,
756 1217 808 1284 oui
820 1229 866 1283 est
881 1215 980 1306 gloria
989 1225 1021 1280 et
1036 1214 1205 1303 imperium
1217 1215 1253 1279 in

222 1319 336 1387 saeouls
351 1321 548 1390 saeoulorum.
564 1326 677 1393 Amen.

225 1538 270 1557 us
281 1539 320 1557 un
330 1541 1252 1568 wwnunw·meum-nucusntuuuuwnmmfflwtmw·

490 1734 496 1756 ι
562 1693 790 1770 HOMlLlA
822 1697 911 1772 Vl¹.

275 1888 322 1946 Ds
331 1891 435 1947 cantico
451 1889 529 1965 quod
537 1897 656 1952 cantavit
666 1894 781 1974 Moyses
793 1913 856 1951 cum
867 1894 983 1968 populo,
994 1906 1019 1951 et
1028 1892 1127 1952 Maria
1137 1911 1199 1951 mm

659 1983 832 2044 natalias-ibus.

265 2153 291 2219 l.
311 2151 408 2224 llulta
424 2123 557 2248 quidem¹
571 2159 693 2226 cantica
715 2157 783 2225 fieri
805 2105 938 2248 legimus
960 2159 992 2225 in
1013 2157 1186 2246 Scripturis
1202 2157 1252 2222 di-

223 2265 314 2344 vinis,
337 2269 451 2334 horum
476 2282 582 2336 tamen
600 2269 743 2335 omnium
765 2269 904 2356 primum
923 2268 1006 2334 istud
1023 2277 1071 2332 est
1090 2267 1250 2333 canticum

223 2377 321 2462 quod,
339 2371 491 2467 AEgyptiis
513 2389 545 2444 et
567 2378 731 2446 Pharaone
753 2381 932 2455 submerso,
947 2375 1082 2467 populus
1098 2377 1245 2463 Dei-post

221 2485 386 2552 victoriam
402 2489 527 2552 cecinit.
547 2487 643 2554 Moris
658 2490 776 2577 quippe
798 2500 982 2554 sanctorum
997 2497 1057 2561 est,
1075 2486 1129 2550 ubi
1143 2483 1248 2548 adver·

224 2591 323 2662 sarius
347 2599 495 2673 vincitur,
520 2609 670 2684 tanquam
692 2599 746 2685 qui
767 2599 868 2663 sciant
890 2620 954 2662 non
975 2591 1252 2670 sustinuisset

226 2705 285 2769 Dei
308 2702 405 2794 gratia
428 2705 591 2771 victoriam
616 2705 744 2780 iactam,
770 2703 924 2792 hymnum
944 2704 1012 2770 Deo
1037 2699 1253 2792 gratulationis

228 2813 352 2879 offerre.
371 2814 539 2902 Accipiunt
555 2826 674 2890 tamen,
692 2813 847 2902 hymnum
866 2825 1030 2887 canentes,
1049 2813 1144 2877 etiam
1168 2823 1253 2899 tym-

227 2948 347 3014 panum
369 2926 401 2990 in
422 2923 568 2992 manibus
592 2926 669 3000 suis,
693 2926 774 2990 sicut
796 2924 836 2989 de
861 2921 956 2988 llario
978 2943 1085 2987 sorore
1102 2919 1204 3009 Moysi
1222 2933 1254 2986 et

227 3035 332 3100 Aaron
349 3034 495 3099 refertur.
513 3037 553 3100 Et
568 3045 602 3100 tu
628 3058 702 3124 ergo
727 3033 752 3098 si
773 3056 860 3098 mare
875 3031 1021 3098 Rubrum
1042 3031 1214 3106 transieris,
1230 3029 1255 3096 si

226 3141 390 3231 AEgyptios
407 3144 438 3208 in
452 3144 531 3208 mari
546 3144 706 3231 submergi
721 3141 845 3217 videris,
858 3152 890 3206 et
905 3140 1043 3229 extingui
1058 3136 1256 3205 Pharaonem

228 3265 323 3340 atque
340 3253 372 3317 in
392 3251 496 3338 abyssi
511 3252 704 3340 profundum
720 3251 923 3340 praecipitsri,
935 3261 1025 3338 potes
1040 3247 1197 3336 hymnum
1208 3269 1258 3312 ca-

227 3385 303 3425 nere
324 3361 405 3434 Deo,
423 3371 512 3446 potes
531 3383 641 3424 vocem
664 3355 881 3448 gratulationis
898 3349 1055 3431 emittere,
1073 3368 1105 3421 et
1122 3355 1255 3420 dicere:

235 3471 429 3536 «Cantemus
438 3467 1259 3558 Domino,glorioseenlmhonorificatusest‚equum

227 3590 288 3644 set
305 3602 502 3646 ascensorem
520 3579 654 3667 projecit
677 3579 709 3644 in
725 3601 811 3646 mare
822 3577 842 3642 ⁴.
860 3575 997 3643 »illelius
1013 3590 1120 3643 autem
1138 3585 1171 3641 et
1192 3575 1261 3664 ‹lig-

257 3711 367 3774 ¹Ephes.
384 3725 418 3764 11,
431 3711 467 3758 16.
476 3737 506 3746 -
518 3708 528 3741 ²
542 3709 612 3757 llom.
627 3724 678 3768 xrs,
691 3724 729 3758 ao.

256 3785 352 3835 ΙΤο111.
363 3783 402 3843 ll,
413 3799 439 3847 p.
454 3783 497 3842 146
510 3794 535 3834 rt
546 3799 619 3847 seqq.

257 3861 267 3893 l
279 3860 358 3910 Erod.
369 3875 410 3917 xv,
423 3873 444 3906 a.
