2748 4596
364 271 396 314 ιι
421 269 626 313 pronun—suu
650 270 734 313 rava
758 271 830 315 uon.
857 271 912 314 vu.
1118 253 1162 339 59

131 367 290 442 inmemor
305 397 339 440 es
357 373 509 442 dominici
524 375 729 452 sacramenti,
746 356 783 441 ut
804 374 859 442 ille
880 375 1039 446 derelictio
1057 401 1161 446 noua·

131 487 208 574 ginta
234 505 351 548 novem
371 483 404 548 in
420 481 625 558 celestibus.
644 495 775 572 propter
795 505 892 551 uuam
915 485 1071 554 oviculam
1093 509 1163 575 qun
1252 489 1257 494 ’

131 591 322 668 erraverat¹‚
338 591 379 658 ad
397 601 515 660 terram
534 591 756 668 descenderit,
767 603 799 657 et
814 593 976 664 inventam
991 596 1164 662 vectaverit

111 745 116 760 ·
134 701 261 768 humeris
281 699 345 766 suis
366 700 407 766 ad
427 697 568 775 coelum,
584 722 641 764 nos
660 700 693 764 in
712 697 800 764 nullo
818 723 949 789 prorsus
965 701 998 766 in
1012 703 1162 770 curandis

133 809 251 880 oviculis
273 807 413 896 magistri
434 806 569 896 pastoris
588 830 758 896 sequamur
779 806 959 897 exemplum
973 809 987 872 i
1001 809 1077 875 lloec
1095 834 1161 876 non

131 918 195 984 idco
209 917 358 992 dicimus,
381 927 416 980 ut
432 939 489 1004 pro
504 912 565 980 levi
580 913 674 1004 culpa
695 914 805 1003 aliquis
820 916 1045 986 abscindatur:
1063 919 1120 984 sed
1135 919 1160 984 si

129 1026 202 1092 sorte
217 1024 429 1094 commonitus
445 1023 543 1110 quiet
559 1035 724 1112 correptus
739 1046 800 1112 pro
815 1022 932 1090 delicto
946 1023 1044 1090 semel
1055 1037 1088 1089 et
1103 1025 1160 1090 ito·

126 1157 192 1200 rum
212 1155 249 1198 ac
267 1129 473 1206 tertio,nihil
492 1131 724 1198 emendationis
744 1132 937 1208 ostenderit,
955 1144 1082 1199 utamur
1096 1156 1161 1198 me·

127 1373 213 1425 mus,
231 1348 256 1414 si
275 1346 465 1436 malagmate
483 1345 674 1414 mollivimus
689 1396 699 1423 ,
717 1369 777 1412 nec
793 1360 899 1423 tamen
920 1348 1005 1414 cedit
1019 1349 1160 1417 medica-

128 1456 375 1524 mentiatumoris
384 1453 630 1530 duritia,solum
638 1467 781 1543 superest
793 1456 969 1522 remedium
977 1457 1155 1526 desecandi.

127 1566 180 1632 Sic
189 1565 272 1631 enim
286 1563 439 1630 Dominus
460 1564 561 1630 dicit:
576 1589 588 1624 ι
604 1564 637 1629 Si
657 1564 786 1629 dextero
800 1587 914 1630 manus
928 1576 982 1632 tua
997 1565 1157 1634 scandali-

126 1674 257 1740 »zaverit
280 1685 330 1749 te,
348 1672 477 1738 abscide
498 1693 588 1747 eam,
608 1682 641 1735 et
658 1671 779 1760 projice
796 1673 851 1738 abs
867 1671 931 1738 te².
951 1700 967 1732 s
979 1673 1158 1762 Numquid·
1232 1671 1239 1688 ⁰

121 1803 192 1848 nam
208 1801 321 1848 manus
343 1779 485 1867 corporis
508 1778 610 1844 nostri
625 1777 794 1866 aliquando
812 1779 1005 1850 scandalizat
1018 1805 1096 1863 nos,
1121 1796 1157 1848 ut

120 1890 159 1956 de
172 1889 232 1955 hac
246 1911 344 1954 manu
359 1877 500 1975 corporis
515 1885 720 1975 Evangelium
736 1886 841 1953 dicat:
858 1916 871 1949 r
886 1887 1024 1956 Abscide
1039 1913 1111 1956 eam
1123 1905 1157 1958 et

119 1997 259 2091 »projice
275 1998 331 2062 aba
353 1995 408 2060 tel
424 1995 517 2061 »Sed
535 1994 598 2060 hoo
622 2006 671 2059 est
689 1995 778 2082 quod
800 1995 894 2072 dicit,
913 2008 948 2061 ut
962 2019 1021 2085 ego
1043 1999 1097 2086 qui
1113 2001 1155 2066 vi-

118 2105 194 2170 deor
204 2105 261 2172 tibi
272 2127 385 2170 mamas
396 2125 464 2169 esse
479 2103 607 2168 dextera
617 2151 631 2178 ,
642 2114 674 2166 et
686 2104 851 2190 presbyter
862 2105 1028 2182 nominor,
1039 2117 1074 2172 et
1087 2130 1153 2174 vor

118 2211 196 2274 bum
205 2209 263 2274 Dei
276 2208 382 2274 videar
393 2206 566 2296 praedicare
574 2255 588 2282 ,
600 2207 625 2270 si
646 2204 767 2296 aliquid·
784 2218 893 2274 contra
905 2206 1154 2300 ecclesiasticam

119 2315 329 2405 disciplinam,
346 2328 380 2381 et
398 2313 559 2403 Evangelii
581 2312 724 2402 regulam
741 2337 889 2403 gessero,
906 2315 949 2380 ita
965 2327 1000 2380 ut
1015 2317 1146 2384 scanda-

114 2423 181 2490 lum
194 2424 250 2490 tibi
264 2435 296 2488 ot
307 2423 456 2490 Ecclesiae
468 2422 604 2498 faciam,
618 2422 652 2486 iu
669 2445 734 2486 uuo
749 2444 906 2488 consensu
920 2421 1061 2490 Ecclesia
1077 2426 1151 2492 uni-

112 2555 201 2598 versa
216 2533 400 2620 conspirans
416 2530 542 2597 excidat
559 2553 612 2596 me
628 2530 791 2596 dexteram
802 2553 914 2606 suam,
924 2542 957 2596 et
970 2531 1117 2620 projiciat
1133 2557 1151 2599 a

110 2665 155 2708 se.
177 2641 312 2728 Expedit
332 2639 499 2724 enimtibi
521 2649 553 2704 et
572 2635 721 2704 Ecclesiae
744 2637 870 2726 absque
886 2660 938 2704 me
957 2661 1054 2704 manu
1070 2651 1148 2716 tua,

107 2771 180 2837 quae
193 2747 276 2814 male
287 2747 410 2836 agendo
421 2744 608 2813 scandalum·
622 2745 700 2820 seoi‚
716 2745 847 2810 introire
862 2745 895 2811 iu
907 2768 1042 2834 regnum
1053 2745 1149 2813 corlo-

106 2881 206 2932 rum,
229 2879 325 2944 quam
342 2878 472 2922 mecum
494 2855 540 2920 ire
564 2854 597 2920 io
619 2851 814 2942 gehennamc
834 2853 910 2918 Haec
930 2853 1049 2919 idcirco
1071 2854 1149 2920 dixi·

103 2964 282 3052 mus,quia
297 2962 440 3029 videmus
455 2962 487 3026 in
500 2961 671 3048 Scripturis
682 2959 798 3026 sanetis
814 2959 941 3036 referri,
956 2960 1147 3050 quodprop-

103 3087 156 3140 ter
174 3095 274 3138 unum
286 3083 473 3160 peccantem
485 3068 653 3135 anathema
668 3069 743 3136 lacti
759 3079 833 3134 sunt
848 3066 903 3134 filii
920 3067 1037 3144 lsraiil,
1051 3069 1094 3136 ita
1110 3082 1150 3138 ut.

101 3181 310 3246 vincerentur
326 3181 366 3244 ab
377 3177 537 3244 hostibus.

150 3289 215 3354 Sed
229 3288 390 3354 videamus
398 3297 430 3352 et
446 3287 549 3374 ipsum
559 3294 726 3372 peecatum
739 3282 808 3370 ejus
820 3281 913 3368 quale
926 3284 966 3349 sit
978 3307 990 3350 a
1007 3283 1143 3352 Furatua

101 3409 170 3472 est,
186 3397 286 3485 iuquit
296 3445 309 3471 ,
322 3393 461 3484 linguam
477 3414 626 3467 auream,
641 3402 674 3454 et
686 3390 790 3477 posuit
804 3413 876 3456 eam
888 3391 920 3456 in
936 3391 1142 3460 tabernaculo

96 3527 161 3590 suo
173 3505 199 3572 ³.
216 3506 286 3572 Non
306 3515 385 3592 puto
404 3501 437 3568 in
456 3499 511 3566 illo
525 3499 610 3564 lurto
630 3497 717 3585 parvi
734 3498 803 3562 auri
822 3508 944 3564 tantam
962 3498 1027 3565 vim
1047 3499 1142 3571 luisse

90 3615 246 3705 peccati,
260 3625 295 3676 ut
307 3624 371 3678 tam
390 3629 592 3676 numerosam
608 3606 737 3672 Domini
757 3603 931 3672 Ecclesiam
950 3605 1135 3673 macularet.

87 3725 163 3792 sed
184 3723 347 3789 videamus
364 3743 404 3785 ne
424 3718 506 3784 sorte
527 3715 684 3782 interioris
705 3713 918 3804 intelligentie
938 3715 978 3782 sit
999 3725 1085 3780 tauta
1108 3725 1146 3779 et

130 3870 266 3918 1·’ῐ.ιισ.ι.ι.
281 3857 726 3924 -21t12aur,3o.-¹Jos.ur,
741 3877 782 3911 ιι.
