2706 4624
333 311 364 354 ιιι
389 309 562 356 nsvvrrcuu
587 309 717 355 ιιοιιιιιι
739 314 801 356 xvv.
1027 293 1088 376 269

56 423 106 492 bea
117 437 233 492 testem
244 427 512 514 sapientissimum
526 418 730 493 Salomonem
743 417 902 495 dicentem
916 431 955 494 de
967 432 1089 519 sapien-

55 535 89 598 tis
101 559 108 598 :
120 563 132 596 ι
143 536 287 626 Lignum
309 537 379 603 vitae
396 549 457 612 est,
475 537 598 624 inquit,
618 540 768 604 omnibus
784 541 837 627 qui
855 538 1092 628 amplectuntur

56 645 256 710 »aamtssi
275 667 353 734 ergo
372 647 524 733 sapientia
548 645 670 735 lignum
687 649 757 713 vitae
778 663 838 724 est,
856 649 923 714 sine
943 650 1041 714 dubio
1058 661 1091 713 et

62 751 139 818 aliud
149 753 271 840 lignum
285 765 337 818 est.
353 755 544 842 prudentie,
557 768 590 820 et
605 754 692 821 aliud
711 756 864 832 scientiae,
877 769 909 821 et
927 755 1012 822 aliud
1028 758 1092 844 jus·

61 861 144 927 titire.
160 863 266 948 Neque
280 863 368 929 enim
381 875 614 950 consequenter
626 866 743 931 dicitur
756 889 795 929 ex
809 867 957 930 omnibus
969 865 1091 930 virtuti·

63 973 118 1036 bus
133 972 227 1038 salam
247 975 436 1061 sapientiam
459 977 612 1040 meruisse
631 997 701 1062 quae
720 973 841 1062 liguum
863 975 933 1040 vitm
953 972 1100 1048 dicatur,'

62 1093 181 1146 retem
196 1093 306 1148 autem
322 1083 454 1148 virtutes
469 1103 669 1170 nequaquam
681 1082 790 1147 similis
805 1083 896 1147 sortis
915 1084 1089 1170 suscepisse

61 1189 217 1256 voeabula.
230 1218 244 1249 ι
256 1191 355 1279 Ligna
366 1213 443 1280 ergo
455 1191 558 1278 campi
570 1191 692 1256 dabunt
705 1190 845 1255 fructum
861 1212 953 1254 suum
963 1187 985 1252 ².
999 1191 1090 1256 »Hoc

56 1300 145 1366 credo
157 1300 200 1364 de
211 1322 246 1364 se
258 1299 416 1366 sentiebat
426 1311 458 1363 et
469 1301 581 1366 beatus
590 1299 693 1364 David
703 1300 930 1366 cumdicebat:
943 1301 1029 1386 «Ego
1038 1324 1093 1365 au-

59 1419 139 1472 »tem
149 1407 234 1472 sicut
247 1404 331 1470 oliva
344 1406 506 1472 fructifera
519 1407 550 1473 in
566 1407 661 1472 domo
674 1407 760 1472 neit
772 1410 841 1473 »Ex
853 1429 915 1495 quo
930 1407 1092 1473 manifeste

63 1514 196 1578 ostendit
208 1512 334 1602 lignum
347 1511 437 1579 olivae
448 1514 569 1600 justum
580 1513 742 1580 hominem
755 1515 817 1581 dici
832 1528 864 1580 et
875 1529 1030 1582 sanctum.

112 1649 127 1680 ι
136 1623 174 1686 Et
186 1622 439 1710 comprehendet
451 1624 540 1688 vobis
556 1624 715 1688 trituratio
733 1624 924 1689 vindemiam
937 1624 984 1689 ’.ι
998 1625 1031 1690 si
1047 1649 1093 1690 se·

62 1729 210 1796 minatum
231 1744 283 1795 est
302 1730 335 1795 in
356 1732 461 1796 anima
483 1753 592 1797 semen
614 1727 750 1812 honur'n,
772 1745 804 1796 et
825 1745 1003 1821 susceptae
1025 1732 1093 1797 Deo
1193 1739 1196 1748 '

59 1838 159 1929 pluvia
171 1841 286 1914 crevit,
298 1850 332 1904 et
344 1840 429 1905 venit
440 1841 483 1905 ad
496 1841 630 1928 spicam,
644 1841 822 1907 necessario
837 1851 1051 1928 consequetur
1061 1852 1095 1906 et

60 1950 167 2014 messis
174 1974 184 2022 ;
202 1960 234 2014 et
255 1949 279 2013 si
296 1949 422 2024 messis,
439 1963 653 2037 consequetur
672 1951 767 2014 etiam
788 1950 959 2025 trituratio,
980 1951 1012 2016 in
1032 1973 1093 2038 qua

59 2055 217 2122 frumenta
228 2069 414 2146 purgentur.
427 2059 553 2123 Etenim
563 2058 668 2123 enimu
682 2082 751 2146 quse
766 2059 935 2146 germinat,
948 2082 986 2123 ex
997 2060 1094 2125 verbo

61 2165 124 2232 Dei
139 2179 174 2230 et
189 2164 303 2232 rvoeiesti
326 2167 432 2256 pluvia
453 2168 551 2256 rigata
570 2193 701 2258 germen
720 2169 868 2258 producit
885 2170 926 2234 ed
945 2193 1093 2244 messem,

69 2296 201 2340 necesse
215 2287 261 2339 est
274 2289 305 2340 ut
322 2276 389 2367 ipsa
412 2273 521 2342 m'essis
539 2300 634 2364 quam
651 2277 770 2365 profert
789 2289 942 2364 purgetur
957 2278 989 2341 in
1009 2301 1094 2352 area,

70 2382 180 2457 idest,
195 2396 228 2448 ut
242 2408 342 2451 sensus
358 2409 440 2474 quos
456 2388 602 2475 genuerit
617 2387 721 2452 anima
737 2387 770 2450 in
783 2383 924 2449 medium
940 2383 1096 2472 proferat,

66 2495 267 2560 etsiverum
289 2497 409 2562 caeteris
430 2497 627 2572 doctoribus,
646 2497 709 2560 sive
728 2487 823 2559 etiam
842 2516 918 2559 cum
936 2495 1010 2580 ipsis
1025 2517 1096 2581 quae
1160 2557 1164 2568 ,

62 2607 158 2672 sentit
174 2603 284 2670 divinis
297 2605 509 2672 voluminibus
521 2605 662 2671 conserat
676 2627 684 2668 :
699 2615 734 2673 ut
754 2603 778 2667 si
798 2603 875 2690 quid
890 2603 922 2666 in
941 2603 985 2666 eis
1003 2593 1096 2666 inane

65 2725 101 2780 et
111 2711 320 2802 superfluum,
333 2713 359 2778 si
374 2713 452 2800 quid
463 2711 560 2800 paleae
572 2711 674 2778 simile
690 2711 785 2776 fuerit
799 2723 853 2776 aut
869 2709 985 2785 aristis,
1000 2708 1098 2776 flante

66 2823 99 2888 iu
109 2845 141 2888 se
151 2824 265 2911 spiritu
276 2821 474 2892 discretionis
490 2825 642 2897 excutiat,
655 2835 687 2888 et
698 2845 814 2912 purum
826 2823 1022 2888 frumentum
1034 2843 1097 2907 quo

65 2929 131 2996 solo
145 2945 244 3020 queat
258 2933 380 2998 nutrire
395 2954 577 3008 conservos,
594 2944 626 2998 et
645 2954 827 2997 mensuram
847 2931 943 2996 tritici
962 2931 995 2994 in
1016 2940 1098 2994 tem-

66 3063 141 3128 pore
155 3041 340 3130 dispensare
356 3043 499 3108 retineat.
514 3043 577 3108 ιΕι
592 3054 817 3130 consequetur,
830 3042 955 3126 inquit,
969 3039 1100 3104 tritura-

72 3177 84 3210 ι
96 3151 138 3216 ιίο
149 3151 344 3218 vindemiam
352 3152 395 3217 ’.ι
406 3153 487 3232 Quia
499 3152 590 3242 panis
606 3151 653 3238 (ιιι
665 3151 828 3238 Scriptura
841 3141 935 3216 dicit'
947 3153 957 3231 )
972 3147 1099 3216 consor-

71 3269 178 3326 tatcor
189 3258 500 3336 hominis,etvinum
511 3258 663 3334 laetificat,
673 3281 881 3348 quercumque
891 3259 931 3322 de
941 3256 1103 3322 continen-

76 3367 126 3443 tia,
140 3369 180 3433 de
196 3370 404 3436 observantiis
420 3381 452 3436 et
467 3369 609 3436 custodia
627 3368 850 3434 mandatorum
865 3368 923 3434 Dei
938 3368 1102 3438 dicuntur,

78 3473 281 3564 haecpossunt
293 3479 394 3544 videri
404 3479 601 3545 frumentum
613 3501 651 3543 ex
662 3498 726 3564 quo
737 3479 826 3566 panis
841 3477 990 3553 efficitur,
1003 3487 1036 3540 et
1052 3497 1105 3538 uu-

79 3581 209 3652 ditorum
227 3585 327 3652 corda
348 3585 515 3652 confortat.
534 3586 577 3650 Ee
601 3605 675 3650 vero
690 3607 759 3672 quae
780 3584 820 3651 ad
835 3585 999 3652 scientiam
1015 3581 1110 3670 perti·

73 3705 159 3770 nent,
171 3707 205 3760 et
216 3693 423 3762 occultorum
437 3695 657 3784 explanatione
671 3707 795 3760 mentes
806 3693 969 3760 laetificant
981 3690 1109 3757 audien-

102 3855 197 3904 ¹Prov.
213 3874 254 3914 ιιι,
268 3855 306 3906 ι8.
321 3855 372 3894 -2
385 3857 444 3907 Lev.
460 3858 571 3918 nunt.
586 3885 615 3894 -
628 3857 713 3907 ⁸rsat.
727 3875 770 3917 ιιι,
785 3875 822 3907 ιο.
836 3857 985 3904 -⁴11cvit.
999 3848 1102 3907 xxtr‚5·

70 3957 100 3968 ·—
112 3931 122 3962 ⁵
133 3929 205 3977 ibid.
218 3930 269 3967 -Ι
284 3929 348 3978 ruat.
363 3946 412 3986 civ,
428 3933 464 3978 1⁵.
