2702 4610
394 353 426 402 m
452 359 578 403 exeomt
600 353 729 404 ιιοιιιιιι
752 363 780 402 v.
1041 347 1099 408 ιι5

64 473 271 546 exterminat,
282 483 316 536 et
326 470 379 535 ubi
392 470 477 538 sures
485 471 681 538 effodiuntet
691 471 837 537 furentur
845 471 867 535 ¹.
879 471 1003 539 lloeesl
1015 475 1102 561 qaod

65 595 176 672 aperte
183 592 220 646 et
228 579 381 646 Dominus
392 579 611 670 inEvangeliis
621 580 717 646 dicit:
731 579 784 645 «Si
795 581 840 646 vis
851 580 1098 670 perlectusesse‚

67 721 81 752 ι
95 690 194 765 vade,
209 688 311 756 vende
324 689 428 754 omnia
440 711 511 776 quae
521 688 631 764 habes,
643 701 676 753 et
687 687 726 755 da
742 689 945 777 pauperibus,
958 689 1103 756 ethites

59 798 154 864 ..bis
175 797 355 864 thesaurum
373 798 406 864 in
426 796 522 872 coelo,
540 807 573 862 et
589 798 673 873 veni,
690 821 821 887 sequere
836 820 887 864 me
897 797 918 863 ².
935 827 948 860 ι
971 799 1040 866 lloc
1055 814 1104 867 est

73 929 153 996 ergo
174 907 326 996 pmlicisci
349 908 389 973 de
410 907 573 982 Remum,
589 919 621 972 et
635 909 724 996 sequi
744 908 917 976 Christum.
931 908 1106 976 Videamus·

75 1027 181 1084 autem
198 1017 266 1104 quis
283 1017 323 1082 ait
341 1028 376 1082 et
391 1029 568 1083 castrorum
583 1015 671 1085 loeus
690 1017 730 1083 ad
746 1039 841 1106 quem
855 1020 981 1084 venitur
993 1005 1032 1085 erl
1046 1019 1105 1109 lla·¹

74 1123 373 1202 memmerunt,
389 1127 505 1214 inquit,
522 1129 561 1192 ist
576 1126 726 1194 Soobotls.
745 1127 887 1196 So'cboth
902 1125 1104 1198 tabernacula

70 1232 201 1323 intelligi
214 1235 302 1322 apud
316 1235 469 1301 llehraeos
488 1235 617 1302 tradunt
632 1237 818 1325 interpretes
832 1240 1008 1306 nominum.
1025 1240 1107 1306 Cum

67 1365 147 1431 ergo
160 1341 384 1430 derelinquens
396 1339 581 1432 AEgyptum,
595 1343 776 1412 discusseris
787 1346 842 1411 abs
857 1358 889 1412 te
901 1347 1000 1414 tineos
1011 1350 1108 1414 totius

71 1448 281 1537 corruptelae,
295 1462 328 1515 et
340 1451 488 1517 vitiorum
508 1450 711 1518 incitamenta
726 1452 888 1541 rejeceris,
901 1453 1060 1536 habitabis
1076 1454 1109 1520 iri

79 1557 306 1625 tabernaculis.
329 1561 513 1626 habitamus
533 1562 618 1627 enim
637 1562 671 1627 in
693 1559 918 1638 tabernaculis,
936 1583 975 1628 ex
995 1563 1110 1652 quibus

82 1666 232 1734 uolumus
244 1667 406 1758 expoliari,
418 1669 474 1735 sed
485 1670 696 1759 supervestiri.
716 1669 874 1736 Habitatio
888 1681 996 1736 autem
1009 1673 1111 1738 taher-

80 1777 268 1845 nsculorum
282 1778 465 1867 expeditum
479 1793 512 1845 et
526 1781 645 1868 absque
660 1777 731 1846 ullis
747 1779 978 1869 impedimentis
994 1769 1112 1849 indicat

76 1899 145 1954 esse
157 1911 232 1955 eum
244 1889 298 1976 qui
310 1887 438 1953 festinat
452 1885 493 1954 ad
503 1887 617 1954 Deum.
628 1887 693 1954 Sed
703 1911 764 1956 neo
775 1890 807 1955 in
820 1889 881 1955 hoo
890 1889 1019 1977 quidem
1030 1903 1113 1957 stan-

76 1999 155 2064 dum
171 2009 233 2073 est.
251 1997 392 2086 urgenda
408 2009 457 2063 est
468 1998 631 2087 presentie.
649 1997 802 2066 blovenda
814 2011 888 2065 sunt
899 2013 1002 2066 castra
1015 2001 1112 2067 etiam
1254 2054 1256 2061 ι

78 2108 117 2174 de
128 2105 331 2182 Sochoth,et
341 2105 555 2172 festinandum
566 2117 615 2172 est
627 2119 661 2170 ut
674 2107 815 2173 veniatur
827 2109 859 2174 in
872 2107 989 2174 Othon.
1005 2108 1116 2175 Othon

82 2238 159 2280 sero
172 2215 208 2280 in
222 2227 361 2280 nostram
376 2213 517 2303 linguam
528 2213 607 2280 verti
622 2213 732 2281 dicunt
746 2216 833 2304 signe
853 2216 909 2282 eis.
929 2217 970 2282 Et
989 2217 1113 2282 merito.

86 2323 150 2388 llio
175 2324 264 2388 enim
285 2323 410 2390 audiens
427 2322 519 2399 dicit,
539 2322 612 2410 quia
633 2322 745 2389 «Deus
759 2325 968 2392 antecedebat
987 2347 1041 2391 eos
1060 2344 1117 2414 per

82 2461 95 2492 ι
111 2431 204 2498 diem
214 2431 247 2498 in
259 2429 515 2506 columnanubis,
527 2442 560 2498 et
570 2451 627 2519 per
639 2441 765 2500 noctem
776 2431 964 2500 incolumna
974 2434 1071 2522 ignis⁸
1084 2457 1116 2498 :s

77 2565 146 2609 non
162 2541 229 2608 hoc
244 2541 364 2608 iuvenis
378 2543 499 2610 laetum
512 2542 597 2631 apud
612 2541 774 2616 Ramesse,
787 2565 848 2608 nec
862 2542 947 2652 apud
961 2539 1117 2615 Sooboth,

75 2675 150 2738 quat
169 2649 313 2717 secsruda
337 2650 611 2739 proficiscentibus
631 2662 732 2716 castra
756 2649 916 2717 dicuntur.
944 2649 1007 2718 Sed
1029 2649 1118 2716 tertia

75 2773 184 2828 castra
208 2772 299 2836 sunt,
320 2762 486 2849 inquibus
507 2762 589 2828 fiunt
610 2761 697 2850 signa
720 2761 834 2828 divine.
858 2761 1038 2828 Recordare
1053 2783 1122 2850 quae

75 2871 227 2960 superius
251 2868 337 2936 lecta
356 2882 441 2945 sunt,
458 2892 533 2936 oum
552 2871 679 2936 dicebat
696 2869 819 2957 Moyses
836 2869 876 2934 ed
895 2869 1092 2935 Pharaonem
1113 2893 1120 2935 :

82 2983 174 3048 «lter
187 2981 292 3046 trium
308 2979 431 3045 dierum
443 2980 559 3044 ibimus
570 2979 602 3044 in
616 2978 753 3055 deserto,
768 2989 801 3042 et
816 2977 1049 3044 immolabimus
1061 2978 1122 3043 Do-

81 3119 93 3149 ι
107 3090 200 3156 mino
211 3088 285 3154 Deo
301 3086 440 3154 nostro⁴.
455 3115 468 3150 ι
487 3087 558 3154 Hoc
570 3109 647 3175 ergo
662 3099 731 3152 erat
745 3087 887 3151 triduum
905 3087 945 3153 ed
960 3085 1045 3175 quod
1061 3086 1123 3152 les-

80 3200 207 3266 tinabat
217 3197 363 3286 Moysess
375 3209 408 3262 et
419 3194 658 3264 contradicebat
669 3193 804 3270 Pharao,
813 3193 864 3260 ille
875 3196 961 3262 enim
976 3196 1119 3263 dicebat:

90 3334 104 3368 ι
118 3309 192 3375 Non
214 3307 295 3374 eatis
314 3304 468 3394 longius⁶.
488 3333 501 3368 s
519 3304 589 3371 Non
605 3303 808 3393 permittebat
823 3301 944 3370 Pharao
959 3305 1000 3370 ad
1015 3303 1122 3371 locum

89 3418 250 3504 signorum
260 3415 429 3506 pervenire
445 3412 526 3480 filios
538 3413 648 3488 lsrael,
664 3429 732 3478 non¹
740 3413 944 3502 permittebat
957 3436 1011 3479 eos
1026 3414 1126 3480 inum
1164 3417 1173 3430 ‘

93 3536 167 3590 tum
179 3526 331 3613 prolicere
349 3535 385 3588 ut
399 3535 526 3612 possent
542 3523 625 3589 tertii
645 3522 707 3588 diei
723 3523 879 3612 mysteriis
894 3521 1023 3611 perfrui.
1042 3523 1127 3589 liudi

91 3632 177 3698 enim
192 3631 398 3722 Pmpbetam.
415 3631 492 3720 quid
507 3630 585 3698 dicit
601 3653 610 3695 ε
633 3629 869 3698 ‹Resuscitabit
882 3654 948 3697 nos
961 3631 1046 3698 Deus
1061 3643 1132 3720 post

87 3741 266 3818 rbiduum,
280 3751 316 3807 et
330 3741 364 3805 in
382 3739 434 3805 die
455 3739 545 3806 tertia
567 3761 780 3828 resurgemus,
796 3751 829 3803 et
845 3740 986 3806 vivemus
1004 3739 1036 3804 in
1052 3760 1132 3804 oon-

118 3875 231 3925 ¹ttstah.
246 3892 287 3934 ιι,
299 3890 342 3922 ιο.
359 3869 413 3910 -2
426 3873 465 3922 ld.
481 3888 540 3932 ιιι,
558 3887 596 3920 ιι.
611 3870 660 3908 -⁸
674 3870 752 3920 Exod.
768 3887 829 3930 ιιιι,
842 3887 880 3920 ιι.
899 3869 952 3907 -·⁴
965 3869 1047 3926 Μαι,
1062 3868 1086 3916 3.
1100 3895 1130 3904 -

86 3951 96 3981 ⁸
141 3969 194 4010 eru,
205 3967 264 4011 ιιιι,
279 3949 321 3997 28.

968 4032 999 4092 8·
1107 3993 1120 4062 ι.
