2796 4618
242 273 311 338 558
686 289 828 332 nascar-rs

240 394 310 462 cula
323 420 340 460 a
354 393 436 459 salsis
447 393 596 460 fratribus
607 392 616 425 ¹
628 392 642 457 i
654 393 733 471 Quae
745 403 864 482 quanto
876 392 973 480 magis
989 393 1165 467 abundant,
1177 405 1271 460 tanto

240 504 373 595 amplius
387 505 424 568 iis
440 504 493 592 qui
506 504 660 592 patienter
672 501 802 569 tulerint
813 502 980 570 conferunt
994 501 1126 592 gloriam
1140 502 1210 568 Dei.

288 641 301 674 a
316 614 357 680 Et
371 609 497 678 locutus
511 624 559 679 est
572 612 726 678 Dominus
741 613 784 677 ad
797 611 927 699 Moysen
941 624 974 677 et
989 611 1108 688 Aaron,
1126 613 1236 680 dicens
1255 638 1263 678 :

236 759 252 790 Ιι
265 723 423 794 Discedite
437 722 476 787 de
491 721 596 788 medio
610 744 774 811 synagogae
788 722 897 810 hujus,
911 735 943 788 et
957 722 1138 788 interimam
1152 745 1208 788 eos
1223 746 1271 788 se-

240 867 253 900 »
268 833 330 902 mel
343 857 351 898 τ
366 846 398 898 et
409 831 593 898 ceciderunt
605 830 727 919 Moyses
738 843 770 895 et
782 831 887 897 Aaron
899 830 1056 898 infaciem
1067 832 1189 898 suem².
1208 832 1272 897 »ln

243 943 389 1014 Sodomis
406 941 536 1031 quidem
555 940 682 1028 quando
699 940 740 1007 ad
755 941 920 1007 minimum
936 941 1048 1008 decem
1062 943 1272 1030 requireban-

243 1071 307 1132 tur,
324 1077 380 1142 per
395 1075 486 1140 qnos,
503 1051 553 1114 vix
574 1051 598 1114 si
613 1049 693 1114 sorte
713 1050 830 1140 reperti
844 1062 960 1126 essent,
978 1048 1089 1116 salvari
1104 1066 1234 1140 possent
1247 1053 1270 1119 ii

242 1168 295 1255 qui
306 1165 492 1232 habitabant
503 1159 695 1250 pentapolim
702 1158 932 1226 Sodomorum⁸
944 1182 952 1223 :
963 1182 1048 1226 nunc
1059 1171 1162 1226 nutem
1168 1161 1267 1226 etiam

243 1279 320 1353 duo,
333 1276 358 1340 si
371 1286 476 1340 tamen
489 1269 688 1336 inveniantur
699 1267 776 1334 tales
791 1267 890 1357 qualis
902 1269 1024 1357 Moyses
1034 1269 1095 1335 luit
1103 1280 1132 1335 et
1142 1269 1260 1344 Aaron,

242 1386 388 1452 sufficere
404 1393 535 1473 possunt
553 1393 588 1445 ut
605 1403 680 1470 gens
695 1379 908 1446 Israelitarum
927 1390 992 1445 tota
1010 1378 1155 1447 solvetur.
1178 1380 1268 1459 Quid

244 1518 319 1585 ergo
331 1495 473 1560 dicemus
488 1489 622 1583 amplius
636 1512 703 1554 esse
719 1491 751 1554 in
766 1490 802 1554 iis
814 1489 959 1556 duobus?
970 1511 1041 1578 queo
1056 1503 1141 1556 tanta
1157 1492 1272 1566 virtus,

243 1605 329 1696 quod
343 1602 506 1675 meritum,
521 1622 585 1687 quo
602 1611 747 1666 sexcenta
768 1596 864 1664 millio
878 1611 912 1664 et
926 1623 964 1664 eo
985 1600 1117 1690 amplius
1132 1599 1274 1666 liberen—

244 1730 298 1780 tur
315 1716 355 1779 ab
375 1709 503 1777 interitu
514 1705 700 1772 vastatoris?
715 1707 782 1795 Ego
797 1709 934 1774 arbitror
948 1709 1033 1795 quod
1049 1711 1082 1774 in
1100 1709 1209 1797 Moyse
1224 1709 1278 1776 lex

247 1824 453 1914 significetur,
469 1842 539 1908 quae
554 1818 648 1884 docet
664 1817 809 1883 homines
820 1817 984 1885 scientium
999 1831 1032 1883 et
1041 1842 1184 1886 amorem
1195 1821 1275 1893 Deir

244 1942 277 2006 in
293 1936 398 2001 Aaron
418 1925 614 2018 supplicandi
635 1928 703 1994 Deo
718 1940 749 1992 et
768 1929 954 1995 obsecrandi
975 1953 1050 1996 eum
1070 1930 1171 1996 forma
1195 1954 1277 1998 oon·

246 2047 344 2109 sistet.
364 2038 397 2104 Si
412 2059 488 2125 ergo
510 2034 634 2100 aecidat
656 2032 823 2123 aliquando
846 2034 1000 2125 indignari
1020 2038 1112 2104 nobis
1131 2036 1179 2104 vel
1203 2042 1276 2106 uni-

247 2175 336 2220 verso
354 2144 471 2239 populo
492 2145 608 2220 Deum,
627 2157 659 2209 et
677 2145 782 2233 sijum
805 2146 958 2211 sententia
981 2144 1107 2212 ultionis
1121 2150 1277 2237 procedat

248 2288 265 2329 n
280 2261 429 2335 Domino,
445 2257 554 2323 redeat
566 2266 674 2322 eutem
689 2253 739 2320 lex
763 2254 821 2320 Dei
836 2256 869 2320 in
888 2279 943 2321 cor
964 2269 1110 2324 nostrum
1128 2283 1274 2326 commo·

248 2396 326 2443 nens
345 2394 415 2445 nos,
433 2380 465 2433 et
480 2368 597 2433 docens
622 2367 762 2432 converti
786 2365 826 2431 ad
845 2367 1077 2455 poenitentiam,
1095 2370 1274 2437 setismoero

248 2509 305 2575 pro
320 2479 455 2552 delictis,
467 2473 647 2566 supplicare
667 2497 725 2562 pro
746 2473 864 2562 culpis;
883 2477 1185 2544 cessabit·eontinuo
1205 2481 1273 2546 ira—

248 2593 378 2666 cundia,
411 2584 584 2674 indignatio
614 2583 828 2671 conquiescet,
859 2585 1082 2673 propitiabitur
1108 2587 1271 2666 Dominus,

249 2700 338 2792 quasi
361 2697 469 2783 Moyse
491 2704 524 2758 et
547 2691 652 2758 Aaron
673 2692 941 2758 intercedentibus
963 2716 1022 2781 pro
1040 2696 1142 2772 nobis,
1161 2709 1194 2761 et
1214 2721 1277 2786 pro
1371 2713 1379 2727 “

249 2809 396 2874 universo
410 2798 528 2892 populo
542 2796 801 2888 supplicantibus.
823 2798 857 2878 Si
877 2824 951 2866 vero
966 2801 1136 2891 aliquando
1155 2807 1279 2874 oriatur

248 2915 421 3006 indignatio
437 2912 508 2986 Dei,
524 2922 557 2975 et
572 2909 676 2974 veniet
692 2932 750 2997 pro
769 2911 905 2998 peccetis
923 2912 1037 2978 nostris
1052 2935 1132 2980 saera
1148 2937 1281 3006 correp-

249 3031 313 3101 tio;
338 3026 527 3090 indurentur
542 3031 649 3085 autem
676 3019 772 3086 corda
794 3032 900 3086 nostra
924 3044 964 3086 ne
991 3036 1215 3092 convertamur
1240 3029 1281 3095 sd
1394 3097 1395 3108 y

146 3122 150 3129 ¹
250 3136 436 3207 Dominum,
454 3153 532 3196 neve
546 3117 750 3195 humiliemur
761 3130 794 3196 in
809 3144 982 3220 conspeetu
1001 3134 1083 3221 ejus,
1102 3137 1183 3202 utin
1198 3161 1282 3205 con-

251 3246 386 3315 fessione
404 3239 669 3330 supplicationum
684 3251 788 3306 motus
807 3242 876 3329 ejus
895 3252 928 3308 et
942 3242 1137 3311 iracundiam
1153 3248 1282 3338 mitige-

254 3379 341 3427 mus;
361 3352 448 3419 sede
467 3349 625 3417 contrario
640 3348 794 3426 dicamus,
811 3349 881 3416 Non
902 3362 951 3416 est
971 3374 1048 3418 eura
1070 3353 1137 3420 Deo
1160 3355 1201 3422 de
1217 3359 1283 3425 viu

254 3464 448 3537 mortalium,
464 3485 524 3527 nec
539 3459 697 3548 pertinent
711 3459 779 3524 haee
793 3459 835 3526 ad
849 3461 965 3538 Deum,
978 3461 1104 3550 reliquit
1117 3489 1174 3532 nos
1189 3467 1280 3547 olim,

256 3602 315 3645 neo
329 3576 369 3642 ad
384 3572 527 3640 notitiam
541 3571 611 3659 ejus
627 3572 684 3635 istn
699 3573 887 3660 perveniunt
903 3595 911 3636 τ
931 3573 956 3638 si
971 3571 1042 3640 talia
1057 3576 1236 3665 cogitemus
1249 3584 1279 3647 in

256 3686 405 3757 cordibus
421 3681 549 3756 nostris,
567 3692 599 3746 et
613 3681 680 3746 haec
696 3681 734 3749 de
754 3705 810 3748 ore
828 3693 935 3747 nostro
952 3685 1141 3772 procedant,
1158 3701 1277 3756 eertum

255 3810 378 3864 estnon
393 3812 461 3854 esse
479 3789 512 3854 in
528 3787 619 3853 nobis
635 3789 763 3876 Moysen
778 3802 811 3854 et
822 3790 940 3864 Aaron,
958 3787 1034 3880 legis
1049 3790 1172 3862 scilieet
1186 3797 1280 3866 scien

289 3925 297 3956 ¹
312 3941 323 3970 a
336 3921 392 3969 Gor.
404 3935 438 3967 rr.
451 3945 479 3954 -
493 3915 587 3966 2Νιιιη.
601 3932 650 3974 rvr,
663 3916 703 3976 dl,
713 3917 755 3976 45.
769 3947 797 3956 -
809 3917 819 3950 ³
829 3917 893 3968 Gen.
909 3934 980 3968 xrru.
