2744 4600
270 254 331 324 550
710 275 852 317 eurenais

265 411 304 452 ex
318 387 475 456 Remeato.
490 389 631 464 «Mense,
645 392 769 475 inquit,
784 390 887 478 primo
898 385 1130 477 quintadecima
1145 385 1196 451 die
1208 407 1306 450 men-

267 495 367 560 rsis¹.
382 525 394 560 ι
412 497 472 562 Per
492 511 684 587 praeceptum
707 499 834 562 Domini
854 497 1087 585 quartadecima
1111 495 1161 560 die
1179 495 1305 563 mensis

265 619 393 695 egerant
407 608 523 696 paseha
539 609 571 674 in
587 604 736 696 AEgypto,
754 606 932 696 jugulantes
947 629 1064 696 agnum
1082 605 1184 695 pridie
1199 627 1304 692 quam

225 798 231 810 Ι
266 715 553 802 proficiscerentur,
566 728 597 782 et
613 716 736 781 initium
752 715 985 802 quodammodo
1000 715 1174 781 festivitatis
1189 713 1305 778 adhuc

178 881 179 888 ,
267 824 300 892 in
312 823 450 914 AEgypto
461 827 553 914 positi
573 837 696 915 gerunt.
711 824 860 913 Sequenti
879 847 954 914 argo
969 825 1033 900 die,
1047 826 1100 912 qui
1115 835 1163 890 est
1175 822 1304 911 primns

267 934 333 1000 dies
354 958 549 1023 azymorum,
569 935 801 1024 quintadecima
821 935 884 1009 die,
906 936 1020 1000 mensis
1040 934 1131 1022 primi
1156 931 1306 1020 proficis·

268 1056 385 1110 euntur
396 1043 435 1112 de
447 1043 607 1119 Ramesse,
616 1057 648 1109 et
659 1045 788 1110 veniunt
799 1044 831 1110 in
844 1043 999 1119 Soohoth,
1010 1055 1045 1108 ut
1055 1044 1098 1109 ibi
1111 1042 1228 1108 faciunt
1240 1040 1304 1104 fes·

267 1151 395 1218 tivitatis
407 1155 600 1240 Aaymorum
611 1152 707 1218 diem.
727 1181 740 1215 ι
753 1154 832 1232 Quis
844 1154 980 1241 sapiens,
992 1165 1025 1217 et
1037 1151 1190 1240 intelliget
1205 1149 1304 1216 haee?

269 1275 449 1338 »sensatus
463 1273 495 1328 et
511 1276 680 1351 cognoseat
692 1287 727 1328 ea
737 1263 748 1296 ²
759 1262 798 1326 ir
814 1265 883 1328 lmo
898 1265 968 1351 quis
983 1264 1097 1352 estqui
1115 1263 1184 1328 haee
1200 1259 1247 1326 vel
1261 1283 1298 1326 es

269 1383 357 1459 parte
372 1383 560 1459 eognoscat,
577 1373 657 1436 siout
672 1370 840 1460 Apostolus
858 1372 954 1438 dicit:
974 1398 986 1432 ι
1003 1373 1049 1437 Ex
1063 1383 1152 1459 parte
1167 1370 1300 1444 scimus,

268 1495 330 1546 »et
344 1506 382 1548 ex
395 1495 486 1571 'parte
504 1483 747 1571 prophetamus⁸
760 1484 800 1547 P»
817 1482 897 1562 Quis
916 1481 1060 1570 intelligit
1079 1479 1245 1570 quomodo
1266 1503 1307 1544 ex

269 1604 358 1681 parte
374 1592 441 1658 dies
456 1592 552 1658 festos
567 1593 700 1680 agimus,
718 1607 753 1658 ut
767 1615 861 1658 nemo
878 1615 934 1658 nos
948 1593 1069 1680 judicet
1085 1591 1116 1657 in
1131 1604 1224 1679 parte
1240 1588 1307 1654 diei

269 1700 351 1777 festi,
365 1713 420 1766 aut
430 1702 616 1778 neomeniae,
627 1687 684 1768 aut
695 1702 840 1768 sabbatii
852 1701 962 1768 Omnis
974 1724 1111 1789 namque
1123 1700 1191 1765 dies
1200 1701 1305 1766 festus

270 1812 324 1898 qui
339 1811 372 1876 in
388 1811 478 1875 terris
493 1811 532 1876 ab
545 1811 726 1876 hominibus
738 1813 868 1900 geritur,
881 1813 913 1876 in
924 1824 1026 1898 parte,
1040 1834 1103 1876 non
1115 1810 1150 1875 in
1162 1811 1298 1898 integro,

270 1941 374 2006 neque
385 1918 524 2007 perfeeto
537 1920 709 1985 festivitatis
722 1919 812 1985 titulo
823 1922 942 2010 geritur
953 1943 962 1984 ¹:
978 1921 1034 1986 sed
1045 1943 1120 1985 eum
1136 1920 1249 1984 exieris
1262 1921 1303 1984 de

271 2028 409 2121 AEgypto
425 2028 495 2104 ista,
513 2041 589 2095 tune
606 2030 666 2094 erit
684 2029 741 2095 tibi
758 2030 896 2117 perfecta
911 2029 1073 2104 festivitas,
1092 2043 1169 2094 tuno
1188 2053 1299 2116 azyma

272 2138 457 2204 sinceritatis
475 2150 507 2204 et
522 2140 660 2204 veritatis
674 2139 715 2204 ad
732 2139 907 2226 perfectum
928 2140 1065 2215 curabis,
1086 2152 1164 2205 tunc
1181 2138 1292 2206 Pente-

272 2259 374 2339 oostes
393 2249 477 2315 diem
493 2250 526 2316 in
545 2271 651 2316 eremo
670 2273 756 2338 ages,
774 2263 805 2314 et
825 2262 903 2315 tuno
921 2249 1001 2314 forta
1024 2249 1163 2336 primum
1178 2271 1301 2314 mannae

272 2359 381 2424 eibum
396 2356 556 2428 eoelostem
572 2359 733 2448 suscipies,
754 2383 791 2424 ac
808 2358 943 2447 singulas
962 2381 1100 2446 quasque
1118 2358 1307 2425 festivitates

271 2491 373 2555 geres,
391 2467 561 2554 dequibus
581 2467 645 2553 jam
669 2468 824 2554 superius,
848 2479 882 2530 ut
904 2467 1077 2554 potuimus,
1098 2468 1219 2532 dietum
1244 2481 1303 2533 est.

271 2577 359 2648 Scito
383 2589 488 2641 tamen
511 2576 660 2664 quoniam
681 2589 753 2663 post
773 2574 851 2642 illud
870 2577 985 2664 paseha
1007 2579 1092 2664 quod
1111 2579 1142 2642 in
1158 2577 1307 2667 AEgypto

238 2765 241 2780 .
271 2687 472 2761 factumest,
494 2685 590 2752 semel
613 2686 789 2751 invenimus
805 2687 837 2751 in
862 2686 984 2750 deserto
1002 2686 1118 2773 paseha
1140 2703 1305 2761 auratum,

274 2819 348 2862 eum
363 2794 413 2863 lex
426 2796 497 2860 deta
513 2808 573 2870 est,
586 2809 619 2860 et
633 2794 719 2861 eliud
734 2797 827 2882 (sicut
844 2797 1076 2862 observavimus
1092 2796 1123 2862 in
1140 2796 1165 2863 N
1170 2800 1305 2884 umeris)

274 2919 345 2995 post
365 2906 434 2972 lraeo
451 2907 516 2993 jam
537 2929 690 2993 nusquam
706 2906 785 2994 geri,
806 2906 864 2970 nisi
883 2906 916 2970 in
936 2917 1019 2972 terra
1038 2910 1301 2996 repromissionis.

275 3016 374 3103 lgitur
389 3016 618 3101 quintadecima
634 3014 685 3082 die
700 3015 814 3080 mensis
826 3015 932 3104 primi,
946 3018 1087 3104 sequenti
1100 3030 1170 3106 post
1183 3018 1303 3085 Pascha

277 3127 339 3200 die,
353 3126 406 3212 qui
418 3137 465 3191 ast
479 3127 599 3213 primus
613 3126 805 3213 Azymorum
819 3109 897 3201 (lies,
911 3125 1041 3214 profecti
1055 3141 1128 3192 sunt
1139 3125 1198 3192 frlii
1210 3128 1301 3194 lsrael

277 3236 316 3300 ‹le
331 3235 490 3310 Ramesse,
507 3261 520 3294 a
535 3236 567 3300 in
584 3258 692 3310 manu,
711 3238 833 3323 inquit,
852 3234 985 3311 excelsa,
1003 3237 1035 3299 in
1051 3250 1224 3325 conspeetu
1242 3262 1307 3304 om-

179 3411 182 3418 ,
278 3346 393 3409 »nium
415 3343 668 3433 AEgyptiorum⁴.
688 3374 701 3407 r
721 3345 801 3424 Quae
820 3359 868 3410 est
887 3367 998 3411 manus
1016 3344 1160 3411 excelsa?
1176 3347 1217 3411 Et
1234 3345 1307 3413 alibi

277 3457 361 3520 enim
377 3455 453 3520 dicit
466 3467 500 3518 :t
516 3454 678 3521 Exaltetur
694 3479 805 3522 manus
821 3468 873 3520 tua
883 3453 905 3519 ⁵.
921 3483 933 3516 ι
955 3455 1014 3520 Ubi
1036 3479 1100 3520 non
1119 3468 1168 3520 est
1191 3456 1306 3522 lauma-

279 3589 356 3630 num
376 3587 454 3650 opus
476 3586 534 3630 neo
554 3578 727 3640 terrenum,
745 3566 799 3630 sed
818 3566 971 3646 divinum,
992 3566 1034 3631 ibi
1056 3589 1169 3631 manus
1183 3567 1304 3634 excelsa

279 3677 468 3740 nominatur.
495 3673 554 3739 Per
573 3699 684 3743 manus
709 3701 844 3765 namque
869 3701 947 3766 opus
969 3675 1112 3766 intelligi,
1138 3700 1221 3767 saepe
1246 3681 1301 3769 jan

313 3832 321 3864 ⁴
335 3831 438 3880 Numer.
458 3848 545 3892 xxxin,
558 3833 580 3880 5.
594 3863 622 3871 -
635 3835 709 3888 ²0sc.
725 3854 774 3897 nv,
790 3855 826 3886 ro.
840 3836 887 3874 -3
903 3854 910 3884 ι
924 3837 1037 3886 Corinth.
1058 3855 1102 3884 xru
1112 3873 1119 3896 ‚
1130 3857 1194 3901 9.-
1207 3840 1215 3870 ⁵
1229 3839 1302 3888 Num.

281 3926 368 3969 asna,
381 3909 404 3958 5.
422 3909 471 3946 -5
483 3909 544 3958 Psal.
559 3927 584 3978 x,
597 3927 634 3960 rs.
