2744 4624
242 277 281 338 ab
406 279 408 285 '
687 295 829 338 carnatus

290 421 485 511 Postquam
499 439 583 484 vero
597 412 753 482 filiarum
769 415 904 483 crimen
919 408 967 481 ob
984 412 1201 507 posteritatis
1215 411 1274 484 de-

242 520 413 591 sideriunt
445 521 660 588 imminuere
685 521 852 603 tentavit,
878 520 928 587 sic
952 515 1091 587 illicitas
1111 517 1273 613 volupta-

242 641 295 695 tes
312 623 490 720 exagitat¹
511 653 519 693 ε

264 768 1282 862 ....Veroorproloquit1uodsentio,vereor,inquam,necastior¹

242 877 337 944 suerit
357 878 472 945 harum
494 880 633 946 incestus
655 903 750 968 quam
777 881 928 969 pudicitia
950 878 1134 944 multarum.
1160 879 1274 944 Discu-

240 987 321 1052 tiunt
332 1009 365 1050 se
379 999 411 1052 et
426 987 589 1074 requirant
604 988 740 1054 soeminae
755 991 787 1053 in
804 989 958 1078 conjugiis
973 988 1095 1078 positae,
1112 988 1138 1052 si
1153 988 1194 1051 ob
1211 986 1274 1054 hoc

241 1095 344 1160 solum
356 1095 470 1161 adeant
483 1098 564 1162 viros
582 1110 616 1161 ut
632 1098 803 1186 suscipiant
815 1098 943 1173 liberos,
955 1097 981 1163 si
994 1110 1065 1186 post
1082 1107 1275 1184 conceptum

243 1205 407 1271 desistunt.
427 1207 499 1271 lstrc
512 1207 597 1271 enim
612 1232 683 1294 quae
699 1206 787 1294 argui
801 1204 949 1271 videntur
963 1205 1086 1279 incesti,
1104 1216 1139 1267 ut
1153 1202 1276 1292 adeptae

241 1325 315 1378 sunt
329 1327 534 1402 conceptum,
554 1311 634 1378 ultra
657 1337 722 1378 non
744 1316 902 1380 accedunt
917 1314 957 1379 ad
974 1299 1179 1379 concubitum
1204 1313 1272 1376 riri.
1368 1389 1369 1396 ἵ

242 1420 408 1488 Nonnullae
425 1446 498 1488 vero
514 1420 675 1498 mulieres,
693 1447 796 1512 noque
812 1426 898 1489 enim
916 1424 1074 1488 universas
1090 1423 1207 1512 pariter
1221 1448 1277 1489 no-

242 1542 358 1606 tamus,
376 1532 432 1596 sed
447 1543 521 1596 sunt
542 1531 686 1618 quaedam
707 1555 776 1617 quae
797 1533 879 1596 sicut
900 1529 1046 1596 animalia
1069 1533 1189 1621 absque
1212 1531 1274 1598 ulla

243 1750 340 1813 mutis
351 1749 520 1837 pecoribus
533 1749 797 1834 comparaverimr
813 1771 927 1834 pecora
939 1749 1025 1813 enim
1036 1761 1068 1813 et
1080 1750 1144 1838 ipsa
1159 1749 1271 1824 sciunt,

243 1880 317 1922 cum
333 1857 550 1945 conceperint,
567 1856 649 1922 ultra
666 1881 729 1922 non
745 1857 909 1947 indulgere
923 1859 1064 1924 maribus
1077 1860 1201 1946 copiam
1213 1858 1272 1923 sui.

244 1965 340 2031 Notat
355 1965 432 2032 tales
448 1979 479 2032 et
494 1966 657 2055 Scriptura
673 1966 791 2042 divina,
805 1991 877 2032 cum
895 1967 971 2033 dicit
986 1991 993 2032 ε
1006 1994 1018 2026 a
1030 1965 1132 2032 Nolite
1147 1965 1216 2028 llari
1233 1965 1278 2028 si-

244 2103 256 2135 ι
272 2086 328 2139 cut
343 2098 442 2161 equus
457 2086 489 2138 et
504 2072 621 2148 mulus,
639 2076 754 2162 quibus
770 2099 834 2140 non
850 2088 898 2140 est
913 2071 1124 2142 intellectus&
1140 2074 1202 2138 »Et
1215 2073 1277 2138 itc-

245 2211 316 2252 rum
330 2206 339 2250 t
353 2212 365 2245 ι
377 2186 456 2273 Equi
469 2184 642 2252 admissarii
655 2184 729 2252 sacti
742 2199 815 2251 sunt
825 2186 847 2250 ¹.
864 2185 950 2250 »Sed
962 2207 1015 2249 vos
1027 2205 1046 2248 o
1058 2179 1194 2272 populus
1204 2180 1275 2256 Dei,

246 2297 299 2385 qui
318 2295 481 2360 Christum
498 2295 610 2358 amatis
629 2295 662 2358 in
682 2295 931 2382 incorruptione,
950 2288 1115 2379 intelligite
1134 2288 1278 2377 Apostoli

247 2429 427 2472 sermonem
436 2427 500 2493 quo
509 2404 571 2470 ait:
584 2403 677 2469 «Sive
690 2403 899 2476 manducatis,
908 2401 971 2464 sivo
983 2398 1102 2474 bibitis,
1115 2399 1179 2463 sire
1192 2394 1278 2463 aliud

215 2491 221 2500 ί
248 2515 352 2605 aquid
371 2515 484 2589 facitis,
502 2514 607 2580 omnia
624 2515 656 2579 in
675 2511 806 2601 gloriam
827 2511 884 2574 Dei
905 2506 1030 2572 lacite⁴.
1047 2534 1060 2569 r
1077 2507 1172 2587 Quod
1191 2509 1279 2572 enim

246 2637 318 2715 post
332 2623 525 2689 manducare
539 2634 572 2686 et
584 2621 692 2686 bibere
708 2619 804 2684 dicit:
818 2615 914 2682 «Sive
930 2613 1015 2683 aliud
1030 2617 1106 2705 quid
1126 2617 1239 2692 facitis,
1257 2647 1270 2677 tt

245 2730 458 2796 inverecunda
475 2729 614 2818 conjugii
629 2726 754 2816 negotia
771 2727 950 2791 verecundo
969 2749 1115 2792 sermone
1130 2725 1276 2814 signarit,

247 2838 416 2906 osteudens
429 2839 524 2904 etiam
539 2838 606 2924 ipsa
621 2834 662 2900 ad
678 2835 734 2900 Dei
750 2833 883 2924 gloriam
897 2837 976 2924 geri,
991 2836 1015 2901 si
1027 2835 1217 2925 posteritatis
1229 2856 1278 2898 so-

246 2948 307 3014 lius
327 2946 596 3034 contemplatione
615 2957 836 3034 procurentur.
854 2945 1016 3012 Prosecuti
1032 2968 1155 3020 sumus,
1175 2956 1209 3008 ut
1223 2967 1280 3032 po·
1366 2983 1369 2992 ·

246 3051 438 3131 tuimus,·vel
456 3055 496 3119 de
511 3053 611 3141 culpis
625 3051 707 3119 Loth
723 3075 761 3118 ac
776 3050 914 3119 filiarum
930 3055 1013 3141 ejus,
1029 3052 1077 3120 vel
1094 3075 1219 3118 rursum
1239 3053 1284 3117 de

246 3167 501 3238 excusationibus
516 3189 636 3234 earum.

298 3319 359 3390 Sic
372 3315 516 3387 tandem
533 3342 577 3388 ex
590 3317 695 3386 dictis
708 3315 882 3385 moralem
897 3337 1039 3384 sensum
1053 3307 1215 3382 deducit‘
1236 3338 1243 3378 :

296 3474 392 3553 Quod
408 3497 482 3540 vcro
502 3475 534 3540 iu
550 3473 659 3566 morali
676 3473 746 3540 loco
768 3473 912 3562 superius
928 3472 1030 3560 ipsum
1046 3469 1176 3558 quidem
1198 3466 1282 3534 Lotlr

251 3585 291 3650 ad
303 3581 521 3649 rationabilem
537 3608 663 3650 sensum
679 3596 710 3648 et
726 3580 846 3650 virilem
863 3582 1003 3650 animum
1026 3581 1193 3656 traximus,
1207 3601 1284 3644 uro-

287 3755 296 3787 ,
428 3756 454 3780 ,.

284 3752 522 3893 ²l’lttll1ll1ldboe
533 3829 542 3864 ¹
553 3833 648 3881 loram·
665 3845 689 3886 v,
701 3828 725 3876 8.
738 3828 789 3865 -4
807 3847 814 3876 ι
827 3830 884 3877 Cor.
898 3843 921 3884 ι,
934 3825 971 3872 51.

289 3899 340 3950 5Ν.
353 3899 376 3947 6.
387 3916 414 3964 p.
428 3901 468 3964 76.
