2706 4624
259 291 321 368 sit
704 276 847 351 omosnrs

176 476 179 482 .
257 420 329 484 vide
351 430 467 508 quantu
487 419 519 482 in
538 416 590 483 illo
609 429 657 483 est
677 417 764 508 lepre
786 415 922 508 peccati,
939 428 1055 506 quantu
1078 414 1282 504 intelligendu

258 525 371 616 caligo,
388 539 504 616 quanto
522 527 727 594 observantiae
744 527 880 601 loedites,
896 536 1015 613 quanta
1030 525 1197 613 turpitudo
1212 548 1281 591 eon-
1343 599 1344 612 p

258 649 393 727 spectus.
414 636 644 704 Verumtamen
661 637 730 703 haeo
745 637 830 729 lepra
850 660 915 703 non
936 645 1090 724 perpetuo
1111 651 1279 723 permanet,

257 749 313 814 sed
326 749 379 815 ubi
391 749 566 838 septimana
576 747 729 838 compleri
745 749 878 837 coeporit
892 747 1016 824 mundi,
1037 748 1239 817 revocabitur
1249 747 1280 812 sd

261 872 374 927 costra.
390 861 427 926 ln
443 860 508 926 lino
519 861 604 926 onim
617 860 728 926 mundi
742 883 815 926 cum
830 858 996 948 plenitudo
1007 859 1151 948 gentium
1168 857 1277 923 introis·

258 972 300 1036 rit
313 972 338 1046 ¹,
359 983 437 1036 tunc
451 970 547 1035 etiem
565 969 668 1034 omnis
684 968 779 1036 lsroiil
795 968 978 1044 salvabitur.
995 982 1028 1034 et
1046 982 1125 1034 tunc
1149 979 1201 1032 est
1219 989 1279 1034 cun

262 1082 399 1147 cessabit
413 1079 499 1170 lepre
511 1081 552 1146 de
568 1079 646 1146 socio
660 1079 787 1144 llario:
807 1079 939 1168 recipiet
948 1080 1035 1146 onim
1050 1079 1150 1144 decus
1163 1077 1241 1152 fidei,
1251 1089 1277 1141 ot

260 1190 462 1279 splendorem
478 1188 595 1256 Christi
613 1189 779 1279 agnitionis
796 1190 944 1278 accipiet,
960 1202 994 1255 et
1014 1189 1196 1254 restituetur
1214 1185 1270 1250 rul-

259 1315 311 1366 tus
326 1303 409 1389 ojus,
428 1324 503 1368 cum
523 1300 579 1366 liet
596 1311 730 1389 uterque
748 1324 830 1367 unus
851 1324 940 1390 grex,
961 1313 994 1366 et
1010 1323 1094 1365 unus
1114 1309 1216 1388 postor.
1235 1295 1265 1360 ln

258 1435 321 1500 quo
337 1435 410 1477 vere
426 1411 597 1477 dicendum
612 1420 660 1475 est
683 1434 691 1474 r
713 1408 767 1475 «Ο
782 1408 916 1475 altitudo
936 1408 1119 1496 divitiarum
1135 1403 1272 1495 sapientie

259 1548 272 1581 s
292 1530 325 1585 et
340 1519 478 1586 scientiae
496 1519 553 1596 Dei
564 1519 593 1582 ²!
611 1548 623 1580 ι
641 1520 695 1605 qui
712 1519 753 1583 ite
766 1517 922 1585 conclusit
936 1542 1046 1585 omnes
1065 1521 1126 1584 sub
1147 1526 1276 1606 peoonto.

261 1647 295 1698 ut
310 1632 458 1698 omnibus
469 1630 656 1696 miserentur
669 1631 703 1695 in
719 1630 845 1697 Christo
860 1631 936 1696 Jesu
949 1631 1087 1696 Domino
1101 1639 1224 1699 nostro.
1237 1626 1278 1691 oui

260 1754 308 1807 est
323 1739 420 1829 gloria
436 1739 469 1805 in
485 1738 599 1805 saeculo
613 1739 813 1806 saeculorum.
828 1741 941 1825 Amen.

306 2009 331 2024 Ι.
364 2007 420 2024 ἢν..
425 2005 821 2024 ΜΏΟὮἊΝἪἏΜἎΊΜἪἎΊ
825 2007 916 2024 §Um
921 2009 961 2024 n!
966 2007 1104 2024 ἱἎἎὶἎΩ
1110 2003 1281 2024 sumum

589 2225 813 2298 nouum
839 2181 952 2300 vni.

306 2457 432 2516 Rursum
441 2458 475 2516 de
485 2457 674 2536 AElltiopu'ssu‚
688 2475 713 2519 et
723 2461 756 2519 dr
768 2461 846 2537 lepra
858 2461 962 2519 Maria
972 2482 1036 2535 qua
1046 2458 1218 2539 superfuerat
1226 2478 1239 2516 ¹.

307 2667 332 2732 l.
346 2666 438 2733 Sicut
449 2667 618 2757 Apostolus
633 2669 722 2744 dicit,
733 2695 746 2728 r
757 2667 827 2734 haec
843 2668 948 2734 omnia
964 2669 996 2734 in
1011 2666 1113 2757 ligura
1132 2667 1275 2756 contingo·

262 2803 276 2836 s
294 2777 370 2841 bunt
382 2773 579 2866 illis‚scripta
592 2791 666 2842 sunt
681 2789 787 2843 sutem
801 2790 931 2867 propter
947 2779 1284 2847 commonitionomuo

262 2897 386 2950 »strom
402 2885 412 2918 ⁶
428 2909 436 2950 ε
450 2909 580 2974 »quaero
602 2888 677 2974 quid
700 2888 956 2954 commonitionis
978 2890 1175 2978 accipiamus
1197 2913 1235 2956 os
1253 2909 1286 2953 eo

262 2994 347 3081 quod
359 2992 478 3060 lectum
494 3008 542 3062 est
555 2998 660 3074 nobiS,
674 2997 746 3085 quia
758 2997 961 3063 detraxerunt
978 3000 1083 3066 Aaron
1099 3011 1134 3065 et
1148 3000 1244 3065 llario
1255 2997 1289 3063 do

263 3100 384 3197 Moyse,
402 3115 434 3168 et
454 3117 584 3195 propter
600 3103 660 3172 hoo
676 3106 813 3197 correpti
830 3119 917 3183 sunt,
931 3107 1029 3174 lllorin
1044 3132 1120 3174 vero
1136 3111 1233 3176 etism
1251 3107 1293 3173 le-

264 3235 357 3302 prosa
376 3211 521 3279 efficitur.
537 3213 638 3281 Tanta
659 3228 766 3282 eutem
786 3214 846 3281 luit
865 3239 940 3282 curo
957 3218 1168 3307 correptionis
1188 3220 1291 3308 hujus.

264 3333 298 3386 ut
310 3321 386 3386 dum
398 3321 494 3389 Maria
506 3325 688 3415 septimunae
704 3339 829 3416 tempus
843 3326 984 3416 expleret
999 3326 1030 3393 in
1045 3327 1147 3417 lepra,
1160 3328 1294 3419 populus

262 3430 319 3496 Dei
336 3454 400 3496 non
415 3445 522 3520 egeret
538 3435 598 3499 iter
613 3435 653 3500 od
670 3447 786 3501 terram
803 3436 1067 3525 repromissionis,
1085 3460 1126 3502 no
1148 3439 1297 3504 tabernu-

261 3537 369 3606 culum
385 3540 554 3607 testimonii
569 3557 761 3610 moveretur.
777 3544 883 3610 Primo
895 3546 1022 3612 interim
1034 3569 1182 3626 moneor,
1194 3559 1226 3612 et
1241 3546 1296 3611 uti·

264 3649 336 3715 liter
346 3673 383 3716 oc
397 3651 575 3717 necessario
587 3676 720 3720 moneor
736 3679 775 3722 ex
791 3655 852 3723 hoc
868 3656 1003 3723 luetone
1017 3657 1182 3725 detraham
1196 3655 1296 3729 fratri.

296 3794 388 3842 ¹liunt.
402 3811 437 3852 xi,
450 3797 487 3842 25.
501 3794 551 3832 „2
565 3797 632 3845 ibid.
650 3799 689 3847 fu't.

296 3869 391 3920 3Τυιιι.
405 3870 442 3926 ll,
455 3888 481 3934 p.
495 3872 540 3936 '³⁸9
552 3881 576 3920 ut
587 3889 660 3937 seqq.

297 3945 705 4006 ‘lt'unnxn.-⁸1(‘.0r.x,n.
