2744 4600
387 291 417 331 us
443 288 583 331 uuunnos
607 287 735 330 nournra
759 275 842 332 xxvt.
1052 253 1126 332 'set

115 404 249 469 velamine
263 404 305 466 ita
319 398 492 487 intelligant
504 422 574 486 quae
586 397 700 486 scripta
713 411 800 473 sunt,
814 409 848 462 ut
860 399 989 487 singulis
1000 401 1128 487 quibus-

0 583 1 598 *
111 535 161 598 qua
175 534 206 575 ea
226 509 289 574 dici
309 506 484 581 inveniant,
497 529 567 592 quae
585 506 609 570 si
627 503 843 594 intelligantur
860 517 892 572 et
907 508 1127 585 observentur,

8 596 11 633 ἶ
113 621 214 709 possint
232 617 392 692 auditores
404 639 469 680 non
481 615 522 681 ed
533 613 622 680 illum
634 613 741 680 locum
754 616 902 681 tormenti
920 616 1048 691 deduci,
1065 641 1128 703 quo

112 730 186 794 (lires
197 726 261 802 ille,
278 726 331 812 qui
347 713 458 789 audire
475 724 544 790 baec
558 749 630 813 quae
645 726 677 790 in
693 735 815 790 secreto
830 737 903 792 sunt
918 725 1033 812 scripta
1050 749 1127 792 con-

8 835 11 856 ³
111 837 237 926 tempsit,
251 835 409 902 abductus
420 847 481 908 est,
496 835 596 900 sedin
612 836 715 901 sinum
730 847 805 901 eant
819 835 994 910 Abrabam,
1007 837 1061 900 ubi
1072 837 1129 901 La-

111 968 189 1010 zarus
207 943 385 1030 requiescit.
405 940 542 1008 Oremus
562 965 637 1029 ergo
653 941 839 1016 Dominum,
854 955 888 1006 ut
903 943 1063 1008 auferatur
1081 967 1129 1008 ve-

1 1041 10 1080 ''
115 1054 205 1120 lamen
220 1076 237 1116 a
250 1050 398 1118 cordibus
414 1050 531 1115 nostris
547 1050 587 1114 de
603 1049 740 1116 lectione
752 1051 865 1116 veteris
876 1049 1083 1141 Testamenti,
1095 1065 1129 1116 ut

107 1187 139 1228 ea
154 1185 217 1249 quse
234 1160 419 1226 abscondita
434 1172 508 1224 sunt
528 1171 561 1224 et
578 1158 703 1226 occulta
720 1161 753 1225 in
769 1159 864 1224 Mosei
885 1159 1009 1238 litteris,
1021 1162 1131 1228 videre

0 1253 1 1292 3
105 1273 262 1362 possimus,
279 1269 457 1336 secundum
477 1267 643 1357 Prophetae
665 1271 947 1336 commonitionem
964 1269 1096 1337 dicentis
1119 1297 1126 1338 ι

114 1383 176 1446 «Et
188 1381 246 1446 nisi
264 1379 426 1446 audieritis
448 1379 587 1455 occulte,
611 1379 747 1468 plorabit
773 1382 877 1446 anima
905 1393 1005 1446 restra
1020 1381 1069 1447 ¹.»
1089 1385 1128 1448 lit

106 1490 228 1577 quidem
243 1488 324 1574 quod
337 1487 407 1554 haec
419 1490 551 1576 mystica
565 1489 640 1562 sint,
652 1500 685 1554 et
698 1490 839 1556 divinum
854 1488 992 1579 aliquem
1004 1515 1130 1556 sensum

105 1597 291 1669 contineant,
316 1608 392 1683 puto
416 1597 502 1682 quod
525 1619 564 1662 ex
589 1597 626 1662 iis
650 1621 720 1683 quae
742 1601 886 1686 superius
909 1614 1026 1666 asserta
1042 1613 1127 1676 sunt,

105 1704 203 1772 nullus
213 1706 312 1792 possit
327 1705 501 1794 ambigere,
515 1707 658 1793 quamvis
674 1707 713 1770 sit
729 1704 780 1771 ille
795 1708 814 1774 J
818 1708 936 1772 udaieis
952 1706 1065 1776 fabulis
1078 1709 1128 1773 in-

102 1812 282 1880 satiabiliter
296 1814 422 1878 deditus
442 1837 449 1878 :
472 1827 578 1880 tamen
592 1815 674 1882 sicut
689 1815 751 1880 boc
767 1817 928 1882 nerninem
943 1839 1058 1904 negare
1072 1841 1130 1906 pu-

98 1938 144 2000 to,
162 1924 201 1988 ita
225 1945 295 2008 quae
315 1923 378 1986 sint
391 1920 442 1986 illa
460 1945 531 2010 quae
549 1923 668 1988 existis
685 1924 917 1989 narrationibus
936 1923 1126 1998 indicentur,

1 2093 5 2099 .
97 2046 209 2118 etque
221 2053 328 2096 rerum
341 2030 436 2095 iacies
452 2032 511 2096 sub
529 2030 591 2097 hoc
606 2029 761 2096 velamine
778 2042 977 2119 contegatur,
990 2032 1031 2096 ad
1042 2031 1132 2118 liqui-

0 2169 1 2178 *
97 2143 176 2207 dum
187 2141 278 2217 scire,
292 2140 388 2228 ipsius
401 2153 479 2227 puto
494 2163 563 2204 esse
575 2140 675 2205 sancti
692 2139 827 2226 Spiritus
843 2141 896 2227 qui
913 2141 982 2206 haec
998 2140 1127 2206 inscribi

100 2250 279 2338 inspirarit3
296 2262 329 2314 et
346 2250 475 2316 Domini
491 2249 589 2317 nostri
606 2248 683 2313 lesu
700 2247 830 2322 Christi,
849 2250 903 2334 qui
915 2248 954 2311 de
966 2247 1073 2334 Moyse
1086 2247 1130 2311 di-

1 2351 2 2359 *
96 2361 212 2427 cebet:
232 2386 244 2418 a
258 2359 303 2424 De
317 2381 370 2423 me
385 2359 471 2424 enim
486 2355 538 2422 ille
554 2356 679 2444 scripsit
692 2354 723 2428 ²;
739 2384 752 2418 r
770 2367 802 2420 ct
817 2356 1042 2442 omnipotentis
1057 2355 1128 2429 Dei,

91 2471 191 2558 cujus
207 2465 373 2534 consilium
389 2466 556 2553 antiquum
573 2465 714 2532 humano
729 2464 837 2552 generi
850 2486 912 2528 non
925 2463 1060 2539 nudum,
1077 2465 1131 2528 sed

0 2601 1 2610 ¹
89 2579 234 2648 relatum
249 2577 360 2642 litteris
375 2577 544 2643 indicatur.
560 2575 741 2660 Nosautem
753 2590 879 2640 oremus
895 2596 933 2638 ex
949 2572 1045 2639 corde
1056 2571 1130 2638 Ver-

85 2696 174 2758 bum
196 2689 268 2762 Det,
297 2687 351 2774 qui
375 2697 422 2750 est
449 2685 630 2773 unigenitus
652 2684 734 2770 ejus,
752 2695 784 2747 et
803 2683 856 2768 qui
873 2680 991 2748 revelet
1007 2682 1132 2770 Patrem

0 2823 2 2828 ·
85 2800 211 2888 quibus
227 2793 306 2872 vult,
325 2807 359 2859 ut
376 2807 409 2860 et
425 2795 517 2860 nobis
532 2793 602 2860 haec
618 2792 757 2858 revelare
771 2793 939 2881 dignetur:
955 2805 1028 2857 sunt
1046 2793 1130 2857 eninr

82 2915 123 2978 in
140 2909 193 2975 bis
208 2905 490 2994 repromissionum
505 2905 668 2991 mysteria,
686 2926 756 2991 quae
769 2903 948 2990 repromisit
972 2901 1129 2991 diligenti-

1 3057 3 3066 *
80 3026 154 3090 bus
170 3042 204 3084 se
223 3043 231 3082 :
250 3043 263 3078 r
280 3017 321 3082 Ut
336 3016 471 3082 sciamus
495 3027 528 3081 et
550 3038 620 3089 nos,
637 3039 707 3102 quae
724 3038 740 3078 a
756 3015 824 3080 Deo
841 3014 954 3080 donata
977 3026 1050 3078 sunt
1078 3037 1130 3078 no·

1 3157 2 3164 ¹
81 3165 96 3198 ι
118 3133 174 3198 bis
188 3130 212 3193 ⁵.
233 3158 245 3190 ι
263 3128 327 3193 Sed
343 3138 375 3192 et
388 3150 442 3192 ros
458 3127 564 3214 juvate
579 3149 637 3191 noa
653 3127 685 3191 in
700 3125 911 3200 orationibus,
922 3137 954 3189 et
967 3123 1132 3212 diligenter

1 3265 4 3273 ’
79 3240 267 3313 intendite,
281 3260 344 3304 non
362 3249 428 3303 tam
440 3237 531 3304 nobis
543 3235 735 3310 dicentibus,
748 3257 843 3323 quarn
858 3234 995 3300 Domino
1013 3233 1131 3299 illumi-

1 3357 3 3394 ¹
81 3351 191 3418 nanti
203 3373 257 3414 eos
269 3371 347 3436 quos
364 3345 592 3412 illuminatione
605 3369 660 3412 sua
676 3346 788 3434 dignos
803 3345 967 3410 invenerit.
985 3343 1132 3421 Quorum

1 3447 2 3450 Ἴ
82 3458 377 3545 contemplatione
388 3457 484 3523 etiam
501 3456 591 3522 nobis
607 3455 683 3520 dare
699 3453 844 3541 dignetur
861 3452 991 3517 verbum
1010 3453 1040 3516 in
1057 3452 1132 3516 ada-

1 3574 3 3612 l
69 3570 276 3663 per-tionem
286 3568 350 3634 oria
365 3567 476 3632 nostri.
493 3565 557 3630 Sed
568 3587 625 3653 age
637 3565 703 3650 jam
717 3563 741 3627 si
755 3561 850 3628 corda
865 3561 1006 3626 erexistis
1018 3561 1059 3625 ad
1072 3561 1132 3624 Do-

1 3707 3 3716 *
65 3682 233 3752 minum,
250 3689 282 3742 et
298 3678 386 3742 verbi
398 3677 466 3763 ejus
483 3676 582 3741 sancti
596 3672 838 3738 illustrationem
849 3673 992 3761 petiistis,¹
1007 3671 1046 3735 nd
1059 3693 1132 3757 per-

1 3793 2 3804 ’
62 3787 305 3860 scrutandum
324 3807 452 3852 sensum
466 3807 578 3850 eorum
591 3807 661 3870 quae
673 3781 941 3855 videnturlatere‚
959 3775 1133 3846 veniamus.

108 3917 118 3950 ¹
133 3917 248 3965 Jcrem.
263 3929 318 3969 xur,
337 3929 374 3976 ¹7·
390 3941 419 3950 -
432 3911 443 3945 ²
456 3913 530 3960 duan.
545 3927 567 3971 v,
579 3913 622 3968 45.
640 3909 687 3948 ·-·⁸
704 3910 784 3958 rGur.
796 3925 823 3966 rr,
837 3923 873 3956 ta.
