2776 4616
278 268 343 346 ll⁰
720 296 860 340 ausaausa

280 402 320 467 ad
331 405 601 482 manducandum,
614 420 647 474 ot
661 401 785 498 gratum
801 409 899 476 oeulis
913 406 1156 476 adridendum?
1171 404 1301 493 quihus·

279 516 443 599 quostiam
452 514 551 582 oculis
560 519 735 606 speciosum
744 521 859 587 dicitur
867 517 1006 584 fuisaead
1014 514 1298 583 considerandum?

281 619 344 687 Sed
359 645 417 711 ego
432 623 562 690 audiens
578 648 687 692 vocem
703 627 829 694 Domini
843 627 905 693 mei
919 626 995 692 «losu
1011 623 1137 698 Christi,
1155 634 1188 687 ct
1203 621 1299 686 virtu-

281 744 345 796 tem
358 731 505 798 honitatis
520 735 589 821 ejus
604 733 847 824 intelligonsuita
862 733 990 800 adverto
1004 732 1081 798 illud
1096 731 1180 820 quod
1196 730 1295 797 dicit:

289 868 302 900 ι
317 841 353 906 ln
368 841 522 929 judicium
536 865 594 932 ogo
608 844 679 910 veni
694 849 726 910 in
742 844 827 911 hunc
841 844 1009 918 mundum,
1024 854 1058 908 ut
1073 864 1137 907 non
1155 839 1297 904 videntes

281 977 294 1008 ι
310 949 446 1026 videant,
462 965 494 1016 et
510 951 648 1018 ridentes
670 953 744 1019 caeci
760 951 855 1019 fiant*
875 974 883 1016 ε
902 981 915 1016 s
931 952 1017 1040 quod
1029 952 1061 1016 in
1076 949 1297 1038 peccatoribus

282 1083 345 1126 non
367 1061 474 1126 vident
497 1060 540 1126 illi
563 1061 647 1128 oculi
670 1064 722 1151 qui
743 1060 887 1128 meliores
909 1075 994 1137 suut,
1013 1061 1068 1126 sed
1081 1061 1103 1125 ii
1116 1060 1169 1148 qui
1185 1081 1297 1125 sensus

280 1168 382 1233 caruis
400 1167 607 1258 appellantur,
631 1171 737 1259 etqui
759 1169 888 1238 consilio
914 1170 1065 1259 serpentis
1090 1167 1188 1258 aperti
1208 1179 1293 1232 sunt.

280 1277 368 1366 Opus
389 1281 464 1368 ergo
480 1278 684 1367 magnificum
705 1279 873 1346 Salvatoris
894 1279 991 1346 nostri
1005 1277 1131 1345 Domini
1145 1287 1207 1352 est,
1224 1290 1263 1340 ut
1277 1276 1296 1340 ii

280 1390 333 1477 qui
352 1413 414 1456 uon
436 1389 543 1457 vident
557 1391 738 1456 melioribus
756 1390 854 1458 oculis
875 1415 944 1479 quae
964 1393 1047 1456 hona
1062 1400 1148 1462 sunt,
1165 1386 1223 1454 sed
1237 1384 1298 1452 illis

279 1499 332 1587 qui
344 1499 474 1566 consilio
487 1503 639 1589 serpentis
662 1501 808 1590 patefacti
830 1513 915 1577 aunt,
928 1513 960 1566 et
975 1523 1044 1589 quae
1058 1498 1139 1566 mala
1154 1512 1230 1564 sunt
1245 1499 1297 1564 in-

277 1621 420 1685 tuentur,
442 1609 516 1674 caeci
539 1608 632 1683 iiaut;
656 1622 688 1674 ot
709 1613 763 1698 qui
783 1611 857 1676 caeci
877 1609 993 1675 fuerint
1013 1608 1072 1675 illis
1093 1607 1192 1674 oculis
1214 1632 1294 1695 quos

276 1718 437 1806 persuasio
455 1719 606 1806 serpentis
620 1721 755 1808 aperuit,
770 1720 895 1786 videant
913 1723 996 1786 hona
1010 1718 1137 1785 Domini
1151 1719 1199 1784 his
1213 1741 1295 1782 ocu-

277 1827 315 1894 lis
326 1851 404 1916 quos
415 1828 506 1892 lesus
517 1827 660 1894 Salvator
671 1843 777 1895 noster
787 1832 872 1895 vonit
886 1831 1017 1918 aperire.
1033 1830 1096 1896 Nisi
1109 1830 1187 1895 onim
1198 1829 1290 1915 prius

267 1935 432 2004 ,malorum
449 1939 528 2006 visus
550 1936 727 2015 claudatur,
742 1941 899 2006 honorum
919 1964 984 2006 non
1006 1939 1128 2029 patebit
1149 1938 1291 2004 intuitus.

277 2046 331 2112 Sic
344 2070 419 2136 ergo
432 2048 528 2114 etiam
543 2047 620 2116 illud
634 2051 709 2116 honi
724 2050 781 2116 Dci
797 2050 918 2117 dictum
937 2051 1071 2139 accipio,
1086 2051 1171 2138 quod
1191 2050 1292 2115 dixit:

286 2158 389 2238 «Quis
404 2157 478 2224 facit
497 2158 668 2234 videntem,
684 2171 716 2225 et
732 2161 869 2226 caecum²
880 2159 895 2225 i
907 2161 1084 2227 »videntem
1100 2159 1229 2246 quidem
1245 2181 1290 2222 se-

276 2268 416 2336 cundum
432 2269 604 2346 Christum,
622 2293 741 2336 caecum
760 2293 834 2335 roro
848 2270 1022 2337 secundum
1040 2267 1207 2336 consilium
1227 2291 1292 2336 ser*

274 2379 386 2466 pontis.
401 2379 476 2444 llaec
488 2390 593 2446 autem
611 2379 876 2454 commonuimus,
894 2391 930 2445 ut
941 2379 1114 2446 evidentius
1128 2377 1293 2448 elucesce
1371 2411 1373 2468 ι

275 2501 324 2556 ret
346 2489 494 2579 quisunt
516 2487 598 2555 oculi
617 2489 670 2576 qui
690 2488 888 2567 claudantur,
911 2502 943 2556 et
965 2492 1110 2579 quisunt
1131 2489 1216 2556 oculi
1239 2494 1296 2580 qui

276 2578 470 2706 revelentur}
492 2596 585 2663 simul
604 2593 638 2661 u't
659 2609 691 2662 et
711 2595 790 2662 illud
809 2621 848 2664 ex
863 2598 911 2664 his
934 2598 1135 2688 intellifiatur,
1152 2601 1240 2689 quod
1263 2603 1296 2668 in

275 2706 430 2795 Propheta
446 2705 597 2794 scriptum
611 2717 678 2770 est:
691 2703 864 2772 «Videntcs
877 2707 1076 2785 videbitis,ot
1095 2733 1159 2776 non
1175 2711 1295 2778 videbi-
1372 2695 1373 2704 ἵ

275 2845 287 2878 ι
304 2815 363 2883 tis⁸
380 2841 387 2882 :
402 2829 458 2882 sut
472 2817 607 2882 adamus
618 2816 732 2904 quibus
744 2816 970 2896 oculisvident,
981 2821 1138 2908 atquibus
1149 2822 1294 2892 videntes
1368 2785 1373 2924 l

274 2951 338 2994 non
352 2928 469 2992 vident.
483 2927 622 3015 Apparet
636 2950 712 3016 ergo
726 2939 757 2993 ot
771 2927 858 2994 hunc
870 2926 1008 3008 Balaam,
1022 2954 1080 3019 pro
1091 2955 1129 2997 eo
1143 2932 1231 3019 quod
1246 2959 1293 3000 re·

275 3035 367 3104 velati
385 3036 507 3103 luerunt
524 3033 606 3101 oculi
620 3038 702 3124 ejus,
719 3036 823 3104 dicare
839 3039 877 3104 de
894 3040 1072 3130 semetipso,
1083 3067 1096 3102 a
1106 3042 1203 3108 homo
1218 3067 1293 3109 vero

274 3145 420 3219 »videns3
437 3160 491 3212 »et
506 3147 624 3221 dicere,
634 3146 731 3212 «dixit
745 3148 874 3215 audiens
886 3151 979 3217 verbo
990 3151 1016 3216 F
1018 3150 1129 3226 ortis‘;
1145 3155 1290 3220 »Eodem

274 3258 358 3323 enim
380 3255 490 3321 ordine
509 3278 570 3342 quo
587 3253 637 3321 alii
655 3253 737 3325 oculi
756 3254 958 3332 clauduntur,
975 3257 1072 3326 etalii
1089 3263 1290 3349 aperiuntur,

272 3369 366 3435 otiam
375 3389 463 3432 aures
472 3364 539 3431 alias
551 3364 744 3441 claudendae,
752 3378 785 3432 et
796 3365 862 3432 aliae
873 3369 1046 3456 aperiendas
1057 3369 1287 3460 intelliguntur.

271 3477 390 3546 Verum
412 3477 438 3542 si
459 3477 527 3566 quis
542 3476 615 3543 haec·
627 3476 722 3542 stiam
740 3479 914 3545 secundum
930 3478 1090 3546 historiam
1106 3480 1178 3548 velit
1204 3482 1290 3551 dicta

273 3589 442 3677 suscipere,
456 3596 556 3674 potest
571 3584 688 3662 dicere,
702 3587 773 3674 quia
785 3589 816 3653 iu
831 3612 869 3655 eo
881 3590 966 3676 quod
977 3591 1053 3656 vidit
1063 3589 1190 3658 Balaam
1202 3595 1289 3680 quod

271 3702 390 3766 bonum
406 3705 453 3759 est
467 3694 499 3758 in
513 3708 684 3784 conspectu
707 3697 833 3762 Domini
854 3699 1041 3766 benedicere
1056 3698 1163 3774 lsrael,
1180 3715 1288 3769 osten-

186 3813 191 3830 ‘
271 3809 389 3886 duntur
402 3800 529 3868 revelati
541 3802 622 3868 oculi
634 3804 716 3891 ejus,
730 3819 761 3870 et
776 3805 875 3872 iactus
890 3831 957 3874 csse
971 3806 1066 3875 homo
1079 3831 1150 3874 vere
1164 3811 1285 3877 ridens.

304 3929 804 3996 ¹loau.rx,.'t9.-²Enod.w,11.--⁵
821 3935 878 3986 lsai.
891 3953 924 3996 vi,
935 3955 959 4002 9.
970 3965 998 3977 -
1011 3938 1020 3970 ⁶
1033 3937 1108 3988 Num.
1122 3955 1191 3998 xxiv,
1205 3940 1244 3998 54.
