2702 4610
244 243 303 308 158
684 263 828 308 ostentus

237 407 346 450 sumus
362 381 500 448 breviter
515 379 634 457 dicere,
647 379 698 446 illa
711 381 880 471 significari
892 403 949 470 per
960 382 1030 449 haec
1047 384 1166 472 quibus
1183 407 1277 450 orne*

237 506 326 559 retur
340 491 491 559 Ecclesia.
511 491 605 556 Fides
620 493 689 579 ejus
705 515 782 556 auro
798 492 934 556 conferri
949 505 1065 580 potest,
1079 517 1185 559 sermo
1198 519 1277 582 prae-

239 601 405 669 dicationis
421 601 497 689 ejus.
510 610 660 688 argentos
680 599 836 688 lapidibus
858 601 1015 688 pretiosis,
1033 625 1075 667 aes
1091 603 1256 690 patientie
1263 627 1273 676 ;

238 711 336 800 lignis
346 707 606 798 imputribilibus,
626 708 771 782 scientia,
788 730 858 795 quae
880 731 936 796 per
958 707 1078 798 lignum
1101 712 1202 785 venit,
1222 727 1277 776 aut

238 817 434 905 incorruptio
447 815 611 888 castitatis,
624 839 694 902 quae
710 837 873 902 nunquam
885 817 1069 890 veterascit;
1089 819 1201 904 bysso,
1218 819 1278 882 vir-

237 925 366 1014 ginitas:
377 946 489 999 cocco,
503 923 709 988 consessionis
724 921 841 1011 gloria;
858 947 1020 1012 purpurae,
1037 928 1203 991 charitatis
1219 927 1278 991 lul·

236 1059 309 1124 gor3
324 1033 589 1121 hyacintho,spes
601 1034 689 1120 regni
702 1030 866 1097 coelorum.
882 1034 953 1099 lstae
965 1035 1027 1100 sint
1038 1037 1165 1101 interim
1176 1049 1276 1102 mate-

236 1145 291 1209 riae
308 1144 477 1230 exquibus
494 1165 589 1207 omne
604 1139 847 1206 tabernaculum
861 1155 1078 1220 construatur,
1096 1145 1275 1210 induantur

235 1254 429 1328 sacerdotes,
450 1265 582 1318 ornetur
602 1262 635 1316 et
656 1251 806 1338 pontifex.
824 1251 971 1330 Quorum
994 1253 1181 1321 indumenta
1202 1279 1273 1343 qun

236 1365 309 1439 sint,
325 1359 375 1428 vel
389 1359 506 1451 qualia,
524 1361 555 1424 in
572 1357 633 1425 alio
649 1359 720 1425 loco
735 1361 920 1448 pronuntiat
931 1360 1101 1450 Propheta,
1115 1373 1148 1427 et
1163 1363 1264 1430 dicit:

243 1473 461 1541 «Sacerdotes
481 1472 528 1535 tui
549 1470 723 1535 induantur
737 1469 924 1558 justitiam¹.
937 1500 950 1530 s
964 1469 1047 1536 Sunt
1067 1495 1144 1560 ergo
1164 1475 1269 1538 omnia

236 1587 294 1651 ista
310 1585 495 1650 indumenta
513 1581 649 1668 justitiae.
665 1579 706 1644 Et
721 1579 835 1645 iterum
851 1579 966 1646 Paulus
983 1581 1152 1669 Apostolus
1168 1582 1267 1649 dicit:

243 1723 256 1758 s
268 1694 393 1762 Induite
404 1715 459 1757 ros
471 1691 590 1756 viscera
602 1690 827 1756 misericordiae
837 1690 883 1755 ’.ι
898 1690 981 1756 Sunt
992 1714 1067 1779 ergo
1084 1692 1263 1758 indumenta

235 1802 470 1870 misericordiae.
485 1798 549 1865 Sed
565 1810 597 1864 et
612 1797 671 1863 alin
684 1796 889 1864 nihilominus
900 1798 1070 1888 Apostolus
1081 1801 1266 1867 indumenta

233 1912 389 1980 nobiliora
399 1910 554 1998 designat,
562 1932 637 1975 cum
646 1909 723 1976 dicit
735 1933 743 1972 :
755 1909 903 1976 «lnduite
911 1933 965 1974 vos
973 1911 1146 1976 Dominum
1156 1913 1265 1978 Jesum

233 2053 247 2086 s
263 2023 439 2097 Christum,
456 2033 488 2086 et
504 2020 606 2085 carnis
622 2043 731 2086 curum
753 2043 792 2085 ne
814 2020 951 2085 feceritis
972 2021 1013 2086 ad
1035 2023 1265 2111 concupiscen-

233 2163 246 2196 ι
262 2133 350 2200 tins⁸.
360 2160 374 2195 s
386 2134 448 2198 lsta
460 2145 534 2196 sunt
545 2154 621 2219 ergo
635 2131 821 2196 indumenta
834 2131 951 2218 quibus
964 2145 1095 2197 ornatur
1109 2132 1259 2200 Ecclesia.

276 2245 384 2310 Potest
398 2253 505 2307 eutem
520 2254 553 2306 et
569 2242 785 2330 unusquisque
807 2254 951 2336 nostrum
971 2243 1067 2306 ctiam
1092 2243 1125 2308 in
1148 2257 1266 2309 semet-

232 2356 300 2444 ipso
320 2353 515 2420 constituere
536 2349 777 2416 tabernaculum
799 2352 880 2416 Deo.
905 2349 939 2416 Si
960 2351 1113 2439 enim(ut
1136 2353 1263 2439 quidam

232 2477 306 2531 ante
321 2487 379 2529 nos
392 2485 520 2551 quoque
533 2461 699 2549 dixerunt)
716 2459 956 2526 tabernaculum
972 2460 1034 2526 hoc
1046 2461 1139 2526 totius
1148 2462 1259 2524 mundi

230 2585 318 2640 tenet
333 2571 481 2660 figuram,
498 2568 609 2633 mundi
632 2579 738 2634 autem
752 2570 849 2633 etlam
869 2568 983 2658 singuli
1007 2570 1125 2658 quique
1144 2569 1264 2635 habere

230 2680 400 2768 imaginem
416 2685 561 2764 possunt,
578 2698 636 2739 cur
651 2697 716 2740 non
729 2687 761 2740 et
780 2673 977 2742 tabernaculi
994 2677 1210 2764 unusquisque
1232 2679 1265 2743 in

230 2789 397 2874 semetipso
414 2785 548 2848 sormam
560 2784 658 2870 possit
669 2782 818 2871 explerei'
829 2785 892 2849 llas
904 2807 979 2872 ergo
991 2785 1086 2850 debet
1098 2782 1264 2850 columnas

228 2899 288 2964 sibi
305 2907 413 2984 aptare
431 2893 598 2967 virtutum,
615 2890 780 2958 columnas
800 2904 976 2980 argenteas,
1002 2894 1035 2958 id
1054 2904 1116 2968 est,
1138 2896 1265 2982 patien-

229 3011 305 3076 tiam
327 3001 557 3071 rationabilem.
583 2995 693 3068 Potes't
719 3005 805 3069 enim
825 3027 893 3069 esse
915 3005 1045 3093 quidem
1065 3006 1097 3071 iu
1119 3006 1265 3082 homine,

229 3141 299 3209 quae
315 3116 458 3182 ridentur
472 3113 634 3201 patientia,
650 3114 706 3178 sed
721 3135 791 3201 quse
806 3112 1000 3180 rationabilis
1023 3137 1087 3180 non
1107 3115 1158 3180 sit.
1183 3115 1264 3182 Nam

228 3241 261 3295 et
275 3227 329 3316 qui
344 3249 409 3291 non
424 3225 518 3289 sentit
534 3224 695 3312 injuriam,
708 3235 741 3288 et
751 3235 919 3313 propterea
932 3248 995 3290 non
1008 3225 1126 3300 reddit,
1138 3227 1266 3314 patiens

227 3338 352 3402 videtur
359 3359 370 3407 ;
389 3333 444 3398 sed
464 3355 528 3397 non
550 3344 598 3396 est
621 3331 814 3397 rationabilis
839 3333 897 3396 ists
919 3333 1081 3421 patientis.
1100 3334 1165 3399 lste
1186 3359 1265 3426 ergo

109 3493 115 3504 .
228 3449 324 3513 habet
338 3442 468 3534 quidem
483 3439 660 3518 colurnnas,
677 3443 732 3508 sed
749 3466 812 3508 non
828 3455 902 3508 sunt
917 3457 1085 3533 argenteae.
1105 3445 1171 3525 Qui
1187 3471 1266 3512 nero

227 3551 357 3646 propter
371 3554 505 3618 verbum
520 3551 577 3616 Ilei
593 3553 725 3640 patitur,
741 3565 772 3618 et
796 3554 920 3619 sortiter
934 3555 1008 3630 fert,
1026 3556 1084 3620 iste
1103 3554 1264 3622 collumnis

225 3663 381 3755 argenteis
405 3661 572 3726 decoratus
595 3675 642 3725 est
665 3675 698 3726 et
722 3663 872 3728 munitus.
897 3663 1004 3729 Potest
1027 3665 1059 3730 in
1080 3687 1114 3729 so
1129 3677 1162 3730 et
1181 3668 1262 3732 atria

167 3851 171 3858 ¹
226 3772 418 3846 distendere,
435 3781 517 3836 cuna'
533 3768 709 3835 dilataverit
725 3793 781 3836 cor
804 3795 896 3836 suum
916 3774 1093 3839 secundum
1115 3775 1262 3863 Apostoli

259 3907 268 3940 ¹
280 3903 343 3954 l’ssl.
358 3918 486 3966 crxxu‚·9.
499 3900 656 3950 -²Coloss.
669 3918 708 3960 nr,
723 3916 761 3950 aa.
772 3902 822 3938 -⁵
837 3903 911 3980 Rom:
923 3917 977 3962 xm,
998 3905 1032 3964 nl.
