2734 4594
227 219 286 280 108
664 233 804 276 onrcnrrrs

220 372 322 435 esset,
338 357 551 422 humefactus
566 355 863 431 est,etbumiliavit
878 380 910 420 se
927 379 1025 445 usque
1043 356 1082 422 ad
1098 368 1255 430 mortem,

222 463 381 532 extollitur
395 475 428 528 et
446 462 588 538 effertur,
608 473 641 527 et
662 463 702 528 ad
719 474 889 550 potestates
910 475 942 529 et
961 450 1128 551 dignitates
1152 462 1256 528 saeculi

222 572 361 663 prosilit,
379 583 411 635 et
427 581 508 635 artes
520 570 634 656 quibus
649 569 717 636 baec
729 571 851 658 assequi
867 571 990 646 nititur,
1007 570 1129 635 etiamsi
1146 581 1255 634 contra

223 681 321 746 tidem
336 691 367 743 ct
383 676 566 766 religionem
580 677 661 751 sint,
675 700 738 742 non
754 677 887 766 relegit,
904 701 963 743 nec
980 679 1157 750 horrescit,
1171 677 1257 740 dum-

223 782 508 872 modoquodcupit
518 785 658 849 obtineat
668 833 677 859 ,
688 783 843 871 faciatque
854 783 1028 872 malignum
1039 784 1072 850 in
1084 795 1257 870 conspectu

223 892 350 957 Domini
366 902 552 979 :postquam
565 891 712 980 indeptus
729 891 822 956 luerit
837 913 975 956 summas
990 889 1103 955 insulas
1119 901 1258 978 potesta-

224 1010 311 1073 tum,
323 1010 355 1062 et
368 998 407 1064 ad
419 999 485 1085 ipsa
497 999 650 1086 superbiae
662 998 782 1086 lastigie
797 1021 919 1064 summa
931 998 1176 1071 conscenderit,
1190 997 1258 1061 inde

226 1107 368 1193 dejectus
388 1104 523 1170 traditur
542 1105 619 1169 huie
638 1104 870 1179 Chusarsaton,
891 1104 945 1169 uni
967 1104 1089 1169 scilicet
1102 1127 1145 1167 ex
1163 1103 1260 1168 aereis

224 1213 439 1301 principibus,
457 1223 491 1276 ut
505 1210 650 1276 humiliet
665 1233 739 1276 eum
751 1212 805 1298 qui
817 1211 909 1276 ninris
921 1211 1024 1275 iuerat
1034 1208 1212 1284 exaltatus,
1228 1222 1260 1274 ut

226 1317 358 1404 adligat,
377 1328 411 1379 ut
427 1327 587 1390 conterat,
605 1313 707 1380 donec
719 1315 880 1402 resipiscat
891 1327 923 1379 ct
935 1327 1054 1402 quaerat
1065 1315 1259 1380 Dominum:

224 1425 297 1510 quia
314 1446 390 1489 cum
408 1433 490 1487 esset
505 1423 536 1486 in
557 1421 723 1508 superbia,
740 1433 773 1484 et
788 1419 923 1486 elatione
938 1422 1153 1496 constitutus,
1174 1421 1263 1510 igno-

224 1532 315 1597 rabat
329 1531 514 1596 Dominum.
1086 1589 1098 1617 ⁸.

269 1637 309 1701 ll.
325 1637 417 1702 Nunc
428 1657 503 1722 crgo
515 1635 535 1698 ii
548 1635 601 1721 qui
613 1635 783 1699 traduntur
790 1656 848 1722 pro
856 1646 1005 1723 peceato,
1017 1635 1048 1699 in
1057 1632 1263 1700 tribulatione

226 1744 335 1829 positi,
353 1742 513 1806 videamus
525 1741 602 1827 quid
614 1740 744 1806 iaciunt.
760 1739 843 1805 lllud
854 1740 996 1829 profecto
1009 1739 1095 1827 quod
1109 1739 1260 1828 scriptum

227 1862 274 1914 est
292 1873 299 1912 :
319 1849 383 1912 «Et
399 1845 616 1912 clamaverunt
635 1847 674 1911 ad
691 1847 863 1913 Dominum
881 1869 955 1912 cum
974 1845 1222 1923 tribularentur,
1235 1859 1263 1911 et

229 1954 290 2017 »de
312 1953 551 2018 necessitatibus
572 1976 683 2019 eorum
705 1951 849 2019 liberavit
871 1977 935 2018 eos.
959 1955 1001 2018 Et
1020 1954 1130 2018 eduxit
1151 1977 1209 2018 ecs
1227 1933 1275 2018 de'

143 2069 146 2080 '
229 2060 388 2125 »tenebris
401 2071 434 2123 et
451 2061 563 2126 umbra
581 2063 710 2136 mortis,
732 2073 764 2124 et
784 2058 909 2126 vincula
927 2083 1039 2126 eorum
1058 2060 1257 2148 disrupit¹.r

228 2167 291 2233 Sed
303 2167 516 2255 unusquisque
527 2178 670 2232 nostrum
682 2167 803 2233 etiamsi
818 2189 933 2255 parvus
949 2167 1006 2242 sit,
1023 2178 1056 2231 et
1070 2169 1201 2233 etiamsi
1211 2169 1264 2232 rni-

227 2274 350 2350 nimus,
369 2274 490 2339 etiamsi
506 2273 592 2339 nulla
603 2275 647 2339 sit
665 2297 737 2338 usus
756 2275 789 2339 in
807 2273 948 2340 Ecclesia
968 2274 1142 2363 dignitate,
1163 2287 1265 2363 potest

228 2381 383 2467 superbiae
394 2380 469 2446 vitio
480 2379 623 2446 laborare
635 2393 685 2458 :et
695 2378 772 2446 nihil
784 2380 921 2469 reperias
930 2392 993 2446 tam
1006 2382 1148 2457 loedum,
1164 2404 1266 2470 neque

228 2486 421 2564 execrabile,
438 2487 520 2552 sicut
535 2488 697 2574 S'criptura
716 2488 812 2563 dicit,
830 2512 925 2575 quam
942 2511 1142 2577 «pauperem
1155 2513 1267 2577 super·

228 2594 344 2670 »bum,
361 2606 393 2660 et
407 2594 536 2659 divitem
551 2594 768 2660 mendacem¹.
785 2622 797 2655 r
815 2595 1050 2684 Nonnunquam
1062 2609 1175 2662 autem
1188 2619 1269 2660 mor

227 2703 287 2766 bus
304 2704 362 2766 istc
377 2701 532 2789 superbiae
548 2712 692 2788 penetrat
704 2723 767 2765 non
781 2700 884 2766 solum
898 2725 1051 2791 pauperes
1068 2702 1196 2790 plebis,
1217 2727 1270 2767 ve-

229 2830 300 2872 rum
325 2808 422 2874 etiam
455 2805 682 2872 sacerdotalem
711 2820 743 2871 et
768 2809 944 2873 Leviticum
973 2809 1118 2894 ordinem
1150 2808 1268 2899 pulsat.

229 2916 371 2979 lnvenies
382 2915 541 2979 interdum
554 2913 649 2979 etiam
661 2915 693 2979 in
705 2916 797 2980 nobis
810 2913 948 3003 aliquae,
965 2918 1018 3003 qui
1032 2916 1071 2981 ad
1083 2917 1271 3005 exemplum

229 3021 412 3088 humilitatis
427 3023 518 3110 positi
536 3045 661 3097 sumus,
681 3034 714 3086 et
730 3024 762 3087 in
777 3022 882 3089 altaris
900 3023 1019 3089 circulo
1035 3023 1122 3088 velut
1138 3025 1271 3114 specula

230 3134 373 3220 quaedam
387 3121 582 3199 intuentibus
593 3131 757 3208 collocati,
773 3135 806 3198 in
823 3133 937 3220 quibus
953 3138 1139 3222 arrogantiae
1157 3140 1272 3202 vitium

230 3241 338 3316 soetet,
355 3251 388 3304 ct
405 3241 444 3305 de
461 3239 548 3306 altari
564 3241 711 3314 Domini,
732 3241 817 3327 quod
834 3240 964 3305 deberet
982 3241 1101 3306 incensi
1114 3245 1273 3309 suavitate

228 3355 384 3442 fragrare,
398 3354 477 3418 odor
493 3339 673 3418 teterrimus
687 3353 841 3440 superbire
853 3364 885 3416 et
900 3351 1041 3418 elationis
1054 3355 1196 3420 renidet.
1211 3357 1272 3421 Sed

231 3457 410 3545 abjiciatur,
431 3479 554 3543 quaeso,
579 3457 619 3520 ab
640 3457 726 3522 omni
745 3455 932 3552 hacsancta
953 3455 1113 3532 Ecclesia,
1133 3472 1172 3524 et
1193 3481 1274 3548 prae·

230 3564 323 3652 cipue
338 3563 426 3628 abiis
440 3563 492 3650 qui
507 3563 687 3628 ministrant
701 3564 733 3628 in
749 3563 882 3638 sanctis,
901 3563 979 3628 odor
990 3564 1048 3629 iste
1062 3555 1271 3631 teterrimus:

233 3682 267 3734 ut
275 3669 446 3758 possimus,
456 3667 536 3734 sicut
544 3666 658 3732 Paulus
668 3668 809 3743 dicebat,
819 3667 901 3733 effici
911 3669 1003 3733 bouus
1013 3669 1091 3734 odor
1107 3670 1233 3737 Christi
1239 3671 1271 3734 ¹:

271 3805 996 3874 ¹Pul.crrr,6‚14.-²Eccles.xxv,l.—³2Cor.rr,
1014 3807 1055 3860 15.
