2702 4610
225 132 284 200 1¹8
669 164 811 210 onrourtra

81 293 89 299 ·
221 296 322 340 »vere
341 276 372 340 in
394 275 533 356 Christo,
559 284 794 370 persecutiones
810 279 1000 371 patientur¹.
1015 307 1027 340 ι
1043 275 1108 344 set
1126 275 1191 342 Job
1206 276 1256 340 ni-

219 382 392 468 bilominus
407 389 604 476 pronuntiat,
620 383 693 478 quia
710 390 866 457 «tentatio
880 400 928 454 eat
949 387 1008 452 vita
1025 400 1139 453 nostra
1155 406 1255 471 super

221 521 235 556 ι
252 493 401 578 terrom'.
417 524 431 559 ι
445 497 516 564 Hoe
530 511 578 579 ou
590 522 667 588 ergo
681 499 803 568 venisse
815 498 858 566 ad
872 519 970 564 mure.

265 604 330 672 Sed
346 604 370 672 si
385 604 528 695 Moysen,
544 609 653 685 idest,
669 608 772 698 legem
787 609 844 674 Dei
864 627 998 694 aequem
1012 625 1085 690 agas
1099 601 1162 667 boe
1178 601 1257 676 iter,

222 711 390 803 AEgyptiua
412 728 442 782 te
467 717 596 810 quidem
618 717 818 814 persequitur
836 729 870 780 et
892 715 1080 786 insectatur,
1103 710 1159 776 aed
1182 709 1256 776 vido

224 823 300 911 quid
314 823 370 890 fiat
385 848 393 889 ι
411 852 424 886 ι
442 824 583 904 Levavit,
600 828 725 914 inquit,
743 823 883 914 Angelus
898 823 1039 898 Domini,
1055 821 1108 908 qui
1130 832 1257 888 autece-

225 963 239 998 ι
256 935 352 1014 debat
366 945 468 1002 ouatra
480 934 589 1011 lsrael,
601 948 634 1002 et
644 937 723 1003 abiit
733 948 805 1024 post
816 933 896 1000 illos.
911 931 1050 998 Elevarit
1060 942 1094 994 et
1104 928 1256 998 columna
1342 949 1343 960 ¹

226 1045 346 1110 »nubis
364 1068 382 1110 a
402 1043 671 1120 suoioeorum,et
685 1045 772 1111 stetit
786 1040 951 1131 pastillos,
970 1051 1002 1105 et
1022 1038 1151 1108 intrarit
1172 1037 1258 1102 inter

224 1161 352 1230 »quatra
368 1150 591 1242 AEgyptiorum
607 1163 640 1218 et
655 1148 900 1218 [sraelitai-um&
916 1177 929 1210 ι
947 1149 1023 1214 Haeo
1035 1145 1184 1214 columna
1199 1169 1258 1210 uu-

225 1261 274 1328 bis
289 1259 408 1349 populo
423 1261 552 1349 quidem
566 1261 625 1328 Dei
640 1260 779 1327 efficitur
792 1282 917 1334 murus,
935 1257 1089 1346 AEgyptiis
1105 1277 1182 1324 vero
1201 1261 1258 1324 ob-

228 1369 412 1451 scuritatem
435 1372 571 1460 imponit
584 1383 617 1436 et
640 1372 797 1438 tenebras.
816 1369 886 1436 Non
901 1368 987 1433 euim
1001 1368 1190 1434 transfertur
1204 1389 1256 1434 oo-

227 1476 335 1546 lumna
348 1479 428 1570 iguis
439 1481 480 1546 ad
491 1479 667 1570 AEgyptioa,
682 1490 717 1546 ut
730 1479 855 1545 videant
870 1478 991 1550 lueem;
1006 1477 1105 1542 sedin
1118 1478 1258 1543 tenebris

228 1599 427 1674 permanent,
456 1589 529 1675 quia
551 1615 564 1654 ι
583 1586 760 1658 dilexerunt
785 1588 932 1660 tenebras
957 1585 1056 1676 magis
1085 1609 1176 1674 quam
1202 1585 1259 1650 iu-

230 1723 243 1756 ι
260 1717 331 1764 eern
341 1695 363 1761 ⁴.
385 1697 453 1772 »Et
468 1709 503 1762 tu
518 1720 595 1786 ergo
610 1698 636 1763 si
651 1700 691 1765 ab
706 1695 860 1787 AEgyptiis
879 1695 1022 1772 recedas,
1037 1707 1070 1761 et
1087 1695 1124 1760 de
1146 1706 1257 1782 potes-

230 1816 296 1870 tate
311 1805 491 1874 demonum
506 1805 618 1894 fugiat,
634 1805 705 1872 vide
716 1815 833 1893 quanta
845 1793 994 1872 divinitus
1008 1805 1066 1870 tibi
1082 1825 1262 1893 praeparau-

233 1925 286 1977 tur
300 1912 427 1996 auxilia,
444 1914 515 1981 ride
528 1916 654 2004 quantis
670 1915 869 2003 adjutoribus
885 1914 994 1980 uteris.
1010 1912 1147 1980 Tantum
1161 1924 1209 1978 est
1226 1925 1261 1977 ut

231 2044 417 2110 permaneas
433 2022 521 2104 sortis
536 2024 568 2090 iu
584 2023 659 2100 tide.
681 2046 742 2090 neu
754 2035 786 2088 to
801 2021 1024 2112 AEgyptiorum
1037 2023 1208 2110 equitatus,
1229 2034 1261 2088 et

234 2130 456 2220 quadrigarum
471 2132 605 2201 formido
623 2144 811 2222 perterreat,
827 2155 888 2198 nee
910 2131 1064 2198 reclames
1084 2143 1194 2198 eontra
1218 2131 1262 2198 le-

233 2261 304 2327 gum
315 2240 374 2306 Dei
385 2253 418 2306 et
428 2240 571 2331 Moysem
582 2255 615 2308 et
626 2241 725 2317 diues,
736 2242 819 2307 sieut
830 2241 958 2330 quidam
969 2263 1008 2307 ex
1019 2239 1079 2308 illio
1090 2240 1237 2307 dixerunt
1250 2261 1259 2306 t

243 2348 431 2439 «Tanquam
446 2373 511 2416 nun
524 2363 629 2420 esseut
647 2349 812 2440 sepulchra
837 2351 869 2419 iu
891 2348 1044 2438 AEgypto,
1067 2351 1108 2413 ita
1125 2348 1260 2414 eduxisti

235 2481 321 2525 »nos
338 2470 373 2524 ut
395 2459 427 2525 iu
442 2459 568 2531 deserto
587 2460 649 2526 hoo
663 2459 846 2526 moriamur.
864 2456 977 2524 Melius
994 2457 1097 2522 fuerat
1118 2479 1173 2523 nos
1192 2481 1263 2523 ser-

235 2594 248 2628 »
265 2567 329 2648 vire
344 2566 511 2656 AEgyptiis,
528 2589 624 2655 quam
642 2567 722 2632 mori
738 2567 769 2632 in
792 2568 919 2633 deserto
938 2566 1001 2633 hoo
1013 2566 1034 2632 ⁶.
1049 2596 1063 2631 ι
1081 2567 1156 2633 Haee
1176 2567 1263 2634 sutis·

236 2674 334 2740 uentis
351 2674 384 2738 in
406 2675 580 2740 tentatione
594 2673 690 2740 animi
709 2675 805 2740 rerba
820 2685 904 2740 sunt.
923 2673 987 2742 Sed
1005 2674 1076 2764 quis
1090 2675 1132 2740 ita
1152 2677 1266 2742 beatus

236 2795 295 2858 est,
312 2782 366 2869 qui
389 2781 435 2860 aio
456 2775 671 2848 tentationum
689 2783 813 2871 pondus
830 2784 988 2872 expediat,
1006 2796 1041 2849 ut
1061 2783 1147 2850 uuila
1164 2788 1267 2852 menti

237 2893 306 2981 ejus
322 2893 470 2983 cogitatio
484 2893 697 2981 ambiguitatis
712 2893 867 2981 obrepat?
879 2893 959 2960 Vide
970 2917 1085 2984 magno
1101 2894 1144 2962 illi
1156 2896 1267 2963 Ecule-

238 3006 290 3072 siae
301 3005 519 3083 fundamento,
528 3018 560 3072 et
572 3018 668 3094 petrae
684 3005 890 3082 solidissimae,
903 3029 998 3096 super
1012 3008 1268 3096 quemchristus

238 3114 380 3194 fundavit
391 3114 596 3193 Ecclesium⁴,
609 3116 686 3204 quid
697 3116 848 3184 ditatura
860 3117 1013 3184 Domino:
1031 3117 1196 3196 «Medicas,
1210 3123 1268 3185 in-

239 3254 252 3287 »
266 3225 350 3311 quit,
365 3224 452 3301 fidei,
465 3249 562 3313 quare
573 3226 722 3293 dubitasti
734 3225 743 3258 ⁷
753 3226 767 3291 Ρ
778 3254 792 3288 ι
805 3225 1031 3298 Verumtamen
1045 3229 1116 3316 quia
1129 3228 1243 3296 dieunt
1256 3253 1266 3294 :

246 3333 502 3412 «Meliussuerat
523 3359 581 3404 noa
602 3337 718 3404 sarrire
741 3335 907 3425 AEgyptiis,
924 3359 1019 3426 quam
1041 3339 1122 3404 mori
1145 3339 1178 3405 in
1201 3364 1274 3406 ore-

240 3443 381 3522 »mo³,»
398 3446 579 3542 tentationis
590 3457 622 3512 et
634 3443 807 3534 fragilitatis
824 3445 892 3512 haeo
905 3448 999 3512 verba
1018 3458 1100 3512 sunt.
1117 3446 1273 3538 Alioquin

269 3607 380 3658 ΙιΤίιιι.
393 3629 431 3670 ιιι,
446 3627 484 3658 ιι.
501 3607 666 3670 -2Joir,vu,
679 3627 701 3673 7.
713 3637 739 3646 -
753 3608 762 3642 ⁵
775 3609 852 3657 Exod.
868 3625 919 3668 ιιι,
933 3628 971 3675 ¹9·
986 3639 1015 3647 -
1027 3610 1036 3641 ¹
1050 3611 1124 3660 Juarr.
1138 3629 1177 3672 ιιι,
1192 3629 1273 3678 ¹9·-

239 3683 331 3746 'Erod
344 3699 395 3742 ιιι,
411 3701 435 3733 ιι
451 3693 478 3746 et
490 3683 577 3732 tre-⁶
587 3683 681 3733 Matth.
694 3699 745 3744 xm,
759 3683 795 3734 18.
805 3683 847 3722 -7
861 3683 901 3734 ld.
915 3699 966 3744 atq,
977 3685 1062 3736 ἴθι-θ
1075 3685 1155 3735 Exod.
1165 3689 1221 3747 ιιι,
1234 3705 1274 3736 ra.
