2744 4600
261 221 264 228 ¹
300 231 363 297 556
623 213 628 232 ¹
729 249 873 296 onrcams

341 367 395 435 lV.
414 369 558 434 Exeundi
575 371 614 434 de
626 369 763 458 AEgypto
782 369 917 458 figuram
933 367 1056 434 duobus
1071 349 1277 454 modisaecipi,a

300 477 458 566 prioribus
474 478 636 543 nostriset
652 501 669 542 a
691 479 797 554 nobis,
813 501 894 565 saepe
910 478 975 564 jam
992 477 1171 542 dictumest.
1188 476 1278 542 Nanet

301 609 377 652 cum
393 587 461 673 quis
481 587 520 651 de
535 610 680 652 errorum
695 587 835 652 tenebris
846 585 887 650 nd
900 586 1065 674 agnitionis
1079 583 1177 648 lnmcn
1190 580 1277 646 adduci·

304 707 369 768 tur,
383 706 415 758 et
431 695 470 760 de
486 706 608 760 terrena
622 695 860 762 conversatione
873 694 912 759 ad
926 691 1094 782 spiritualia
1107 693 1226 756 instituta
1234 711 1277 753 con·

304 803 448 876 vertitur,
471 803 510 868 de
526 804 664 893 AEgypto
682 805 808 869 videtur
827 803 939 878 exisse,
955 816 987 867 et
1006 802 1123 867 venisse
1137 801 1172 866 nd
1184 797 1277 863 solitudi-

305 933 399 977 nem:
417 912 457 976 ad
477 910 565 976 illnm
581 912 726 978 videlicet
740 913 811 978 ritae
830 922 960 986 statum,
977 913 1010 976 in
1026 934 1088 998 qno
1104 932 1156 997 per
1168 906 1277 972 silentiun

304 1032 337 1084 et
353 1021 490 1106 quietem
502 1033 686 1086 exercentur
697 1021 809 1084 divinis
821 1018 957 1107 legibus,
970 1030 1002 1084 et
1013 1017 1140 1106 eloquiis
1151 1014 1277 1082 celestibus

306 1127 485 1200 imbuatur3
500 1151 557 1216 per
574 1150 643 1215 quae
660 1129 822 1192 institutus
841 1139 874 1191 et
895 1127 1047 1202 directus,
1068 1149 1139 1192 cum
1159 1124 1277 1190 Jordrneu

307 1217 475 1310 transierit,
488 1248 636 1323 properet
653 1259 750 1324 usque
767 1237 806 1301 ad
824 1248 940 1301 terram
957 1234 1204 1323 repromissionis,
1214 1231 1276 1299 idest,

306 1367 364 1432 per
378 1344 510 1432 gratiam
523 1345 683 1432 baptismi,
698 1367 796 1431 usque
813 1345 853 1408 ad
868 1342 1053 1432 Euangeliou
1069 1345 1197 1409 instituta
1209 1357 1277 1427 pern

307 1453 383 1518 niat.
399 1451 463 1517 Sed
474 1464 507 1516 et
518 1450 604 1516 illam
616 1451 750 1540 figuram
761 1475 829 1516 esse
843 1451 979 1516 diximus
990 1451 1124 1517 exeundi
1135 1452 1170 1514 de
1180 1446 1277 1534 AEgyplt

309 1582 383 1628 cum
399 1557 547 1653 relinquit
564 1560 668 1624 anima
683 1559 793 1624 mundi
805 1559 902 1648 hujus
919 1561 1079 1636 tenebras,
1090 1583 1125 1625 ac
1139 1568 1233 1624 natura
1241 1573 1278 1616 cor

307 1692 413 1758 poreae
436 1669 622 1744 eaecitatem,
638 1682 670 1733 et
687 1668 873 1734 transfertur
893 1670 934 1734 ed
954 1669 1040 1735 alind
1057 1668 1195 1734 sarculum
1210 1687 1216 1728 τ
1229 1655 1279 1747 qttl

311 1776 360 1843 vel
373 1775 458 1840 sinus
470 1773 618 1851 Abrabae,
633 1789 666 1840 ut
678 1777 710 1840 in
721 1776 854 1852 Lazaro,
867 1775 914 1841 vel
927 1778 1105 1865 paradisus,
1122 1787 1153 1840 ut
1167 1776 1195 1839 in
1205 1771 1280 1836 latrone

313 1886 367 1972 qui
383 1885 423 1948 de
439 1907 534 1950 cruce
549 1887 696 1961 eredidit,
721 1886 880 1951 indicatur
903 1909 911 1950 ε
936 1885 985 1950 vel
1007 1889 1103 1952 etiam
1124 1886 1147 1950 si
1168 1907 1215 1972 qna
1230 1871 1280 1943 noti

313 1994 398 2058 Deus
413 2015 481 2058 esse
497 1993 555 2059 alia
571 1992 654 2068 loca,
672 1991 721 2058 vel
736 1992 811 2057 alias
828 1993 1017 2069 mansiones,
1031 2017 1092 2082 per
1107 2016 1171 2082 qnae
1183 1986 1280 2053 transiens

313 2103 417 2166 aniana
439 2102 506 2166 Deo
525 2104 670 2177 credens,
690 2116 722 2167 et
745 2104 932 2190 perveniens
954 2123 1056 2190 usque
1074 2105 1114 2170 ad
1132 2086 1281 2166 ssumenlbl

314 2213 399 2300 qnod
412 2209 550 2276 laetificat
566 2211 727 2278 civitatem
742 2211 813 2287 Dei,
833 2214 913 2278 intra
931 2193 1033 2300 ipsum
1050 2225 1163 2279 sortem
1179 2203 1281 2298 prensa

313 2323 455 2409 patribus
472 2322 662 2389 baereditatis
683 2323 828 2410 accipiat.
855 2323 954 2410 lgitnr
970 2343 1044 2388 cum
1070 2319 1181 2411 duplici
1199 2320 1283 2400 (utar

310 2431 517 2520 anoravimns)
527 2432 623 2496 modo
635 2453 781 2518 egressus
794 2431 977 2518 designetur
988 2451 1026 2493 ex
1038 2429 1183 2518 AEgypto,
1194 2435 1219 2488 et
1228 2431 1281 2483 tans

308 2541 375 2606 itus
388 2541 428 2605 ad
438 2541 613 2615 desertam,
627 2552 721 2629 atque
737 2540 810 2614 inde
822 2541 978 2628 ingressas
993 2539 1033 2603 ad
1047 2538 1167 2604 Sancte
1177 2525 1284 2598 terrain

315 2647 494 2722 reditatem,
508 2648 669 2712 videamus
682 2669 768 2712 nuno
784 2647 858 2734 quid
875 2647 933 2712 sibi
950 2644 1024 2710 velit
1035 2646 1160 2720 Ruben,
1172 2635 1285 2708 otbaldi

314 2756 443 2823 dimidia
453 2757 554 2822 tribus
564 2755 715 2821 Manasse.
726 2756 898 2821 Hereditas
911 2777 981 2842 quan
992 2777 1050 2843 per
1058 2755 1181 2842 Moysen
1190 2744 1285 2814 traditan

315 2877 348 2929 et
369 2876 456 2930 extra
471 2865 644 2932 Jordanem
663 2866 857 2938 decernitur,
875 2864 1094 2952 in'daodeeim
1108 2862 1233 2928 tribubus
1245 2848 1287 2915 ilic

316 2997 388 3038 rum
398 2973 648 3051 lsrael,oecultis
659 2976 848 3062 quibusbam
861 2986 893 3039 et
905 2973 1045 3062 mysticis
1058 2958 1287 3041 rationibus,totitt

317 3082 449 3148 hnmani
465 3084 588 3172 generis
596 3083 731 3172 figuram
739 3081 974 3171 complectitur,
987 3082 1035 3148 vel
1044 3084 1181 3148 omnium
1191 3085 1254 3144 certe
1261 3067 1289 3132 br

317 3189 440 3255 minum
457 3191 510 3277 qui
527 3191 565 3256 ad
581 3191 773 3280 agnitionem
788 3190 847 3255 Dei
862 3203 1029 3256 venerunt.
1048 3191 1167 3256 Horum
1180 3205 1240 3271 ergo
1251 3189 1289 3264 pas

317 3297 421 3387 aliqua
437 3313 523 3365 extro
539 3300 712 3366 Jordanem
728 3299 945 3365 hereditatem
960 3301 1165 3387 consequitur
1179 3316 1226 3384 per
1239 3285 1290 3366 ll0l'

316 3431 385 3482 sen,
402 3431 475 3496 pars
491 3433 564 3474 vero
586 3422 671 3476 trans
686 3409 873 3485 dordnnem,
892 3423 925 3492 et
939 3409 1154 3475 haereditatem
1168 3397 1266 3485 suscipit
1275 3390 1290 3452 lt

315 3529 399 3582 terra
420 3517 669 3604 repromissionis
686 3542 742 3606 per
756 3519 879 3584 desum.
894 3521 933 3584 Et
946 3518 988 3583 illi
1001 3521 1130 3608 quidem
1138 3513 1290 3604 quitassent

317 3625 336 3687 J
340 3624 491 3689 ardanem
504 3625 668 3692 haereditas
681 3627 875 3702 decernitur,
887 3627 1035 3715 primitivi
1048 3638 1122 3692 sunt
1135 3647 1142 3688 :
1156 3622 1221 3688 licet
1231 3613 1292 3679 mina

318 3730 453 3806 nobiles,
475 3730 548 3798 lieet
564 3757 627 3800 non
647 3736 812 3825 inculpati,
834 3736 983 3825 primitivi
1004 3750 1110 3802 tamen
1130 3721 1294 3799 sanctule

316 3841 400 3906 enirn
417 3851 464 3906 est
479 3841 705 3930 primogenitus
717 3844 817 3912 Jacob
834 3869 841 3910 ε
857 3843 930 3912 licet
944 3840 1196 3912 containinarerit
1210 3835 1293 3901 thartm
