2744 4600
200 338 205 346 ”
316 331 378 407 548
757 354 897 398 natenius
938 373 939 378 κ

315 483 384 534 tum
399 493 438 534 ex
451 469 591 562 Virgine.
608 482 640 536 et
662 473 701 536 de
719 472 836 561 Spiritu
857 486 980 550 saneto,
1001 487 1032 538 et
1045 473 1166 539 Verbum
1182 495 1269 540 carnem

313 579 432 644 aarum
445 579 565 644 venisse
580 579 612 643 in
627 579 713 645 hune
727 581 893 646 mundum.
909 581 984 646 Post
999 581 1063 648 hee
1076 582 1132 669 jam
1149 581 1272 670 proficere,

314 699 346 750 et
359 685 530 752 ascendere
545 688 585 752 ad
600 685 736 776 singulos
754 711 897 776 quosque
915 688 989 754 fidei
1009 702 1040 754 et
1053 690 1184 754 virtutum
1195 687 1272 776 palus

311 796 469 862 nitamur·
483 797 607 876 Quibus
622 799 647 862 si
672 798 792 864 tamdiu
815 799 1023 863 immoremur
1038 799 1132 864 donee
1144 798 1177 862 ad
1192 795 1273 884 perlac-

314 915 382 971 tum
402 904 574 978 veniamus,
598 906 631 971 in
652 904 780 994 singulis
800 907 950 972 virtutum
972 909 1113 997 gradibus
1132 906 1277 972 mansionen
1320 894 1321 900 '

312 1013 422 1080 secisse
438 1013 593 1089 dicemur,
611 1037 773 1104 usquequo
786 1015 825 1080 ad
838 1039 997 1081 summum
1010 1014 1232 1105 pervenientibus
1240 1033 1277 1075 no
1319 1034 1323 1104 p

313 1125 362 1190 bis
379 1125 613 1192 institutionum
629 1125 893 1214 profectuumque
907 1127 1064 1216 fastigium
1081 1127 1281 1217 promissarum
1321 1113 1322 1120 ἵ

271 1273 273 1278 v
309 1223 626 1324 -pleatur'baereditae
1323 1314 1324 1324 y

307 1401 313 1415 .
359 1395 480 1415 .........
496 1375 508 1410 ι
524 1348 673 1417 Exierunt
688 1370 763 1440 ergo
777 1349 786 1382 ¹
805 1348 859 1414 lilii
875 1349 969 1416 lsrael
986 1373 1060 1417 oum
1082 1351 1190 1416 virtute
1201 1343 1276 1413 snb·

313 1459 389 1524 Erat
404 1481 477 1524 eom
495 1457 553 1524 iltis
570 1458 666 1524 virtus
679 1456 728 1524 illa
741 1481 811 1547 quae
826 1459 964 1524 dixerat:
983 1460 1127 1526 «Tecum
1141 1444 1284 1524 testantur
1321 1435 1325 1528 l

277 1657 280 1660 ῃ
314 1569 374 1634 sin
390 1567 600 1656 AEgyptum⁸3
618 1595 630 1628 ι
648 1577 681 1633 et
695 1568 768 1654 quia
785 1578 854 1632 erut
867 1590 942 1633 oum
958 1566 1018 1633 illis
1038 1571 1097 1634 iata
1114 1571 1212 1642 virtus,
1225 1584 1285 1652 prop

315 1692 399 1744 terea
415 1677 491 1742 dicit
507 1676 683 1766 Propheta:
710 1678 777 1742 «Et
791 1701 854 1742 non
870 1679 989 1743 eratin
1006 1679 1152 1744 tribubus
1165 1669 1286 1742 emunit

314 1817 326 1850 ι
343 1787 470 1851 sumans
482 1785 503 1850 ⁶.
518 1815 530 1848 s
548 1786 696 1851 Exierant
712 1799 815 1852 autem
832 1788 863 1852 in
881 1809 976 1852 manu
993 1787 1097 1876 Moysi
1113 1802 1145 1853 et
1159 1788 1247 1854 Aaron·
1258 1775 1291 1842 Al

313 1895 492 1960 exeundum
504 1894 544 1959 de
555 1893 692 1984 AEgypto
708 1919 771 1960 non
786 1894 903 1961 suffieit
919 1919 979 1960 una
996 1893 1224 1984 monusMoyti.
1235 1905 1296 1976 qb&

313 2007 432 2070 rituret
443 2027 554 2069 manus
567 2005 681 2070 Aaron.
697 2001 819 2092 Moyses
830 2004 948 2070 indicat
959 2006 1129 2071 seientiam
1139 2005 1217 2093 legis.
1225 2000 1293 2066 Aaron
1324 2029 1329 2096 χ

313 2114 510 2181 sacrificandi
525 2115 593 2179 Deo
612 2125 644 2178 et
664 2113 846 2180 immolandi
863 2116 1019 2202 peritiam.
1041 2117 1136 2206 Opus
1151 2126 1195 2180 est
1211 2133 1263 2197 erp
1274 2111 1295 2164 ¹¹¹

307 2231 462 2290 exeuntes
477 2223 516 2288 de
528 2221 665 2312 AEgypto
677 2245 740 2288 non
756 2222 857 2288 solum
870 2223 1037 2290 seientiam
1050 2226 1130 2316 legis
1141 2239 1174 2292 et
1186 2209 1297 2292 blei.⁵tl
1327 2208 1330 2300 l

303 2356 444 2422 operum
456 2332 569 2419 quibus
585 2332 652 2396 Deo
663 2330 804 2420 placetur
815 2331 934 2396 fructus
951 2333 1147 2401 babeamus.
1164 2333 1232 2400 Ideo
1249 2324 1301 2392 onia
1328 2415 1329 2421 ἵ

314 2455 345 2506 et
361 2463 472 2506 manus
487 2449 753 2506 commemorator
763 2439 860 2527 Moysi
873 2453 904 2504 et
916 2442 1039 2519 Aaron,
1055 2455 1094 2509 ut
1105 2465 1201 2534 opera
1214 2454 1299 2529 perat
1331 2470 1334 2568 y

313 2573 373 2614 nus
384 2546 546 2638 intelligas.
561 2548 686 2613 Etenim
701 2550 725 2613 si
741 2549 851 2614 exiens'
861 2550 900 2614 de
916 2548 1063 2642 AEgypto
1080 2567 1115 2620 et
1128 2539 1307 2620 convenisti

312 2661 415 2725 Deum
430 2659 576 2746 abjiciam
592 2659 785 2746 superbiam,
800 2683 856 2748 per
870 2683 983 2726 manus
1001 2666 1122 2732 Aaron
1140 2677 1258 2732 taurum
1268 2655 1312 2720 bo
1331 2645 1348 2734 ‘ss

312 2768 494 2836 sacrificavi.
511 2767 544 2834 Si
556 2767 774 2856 petulantiam,
788 2768 1009 2859 lasciviamque
1024 2797 1215 2862 peremero,
1226 2769 1311 2836 hirco

312 2881 448 2946 Domino
458 2877 615 2967 jugulasse
631 2899 681 2943 me
696 2879 801 2972 Aaron
816 2879 961 2945 manibus
972 2883 1132 2950 credam.
1149 2885 1184 2950 Si
1196 2877 1317 2948 libitina

312 2991 430 3064 vieero.
444 2988 591 3061 vitulum
609 2989 632 3053 si
646 2987 820 3064 stultitiam,
834 3011 924 3054 ovem
937 2989 1136 3059 immolasse
1150 2977 1313 3058 videborllt
1334 3017 1337 3062 t

313 3122 388 3188 ergo
399 3120 473 3165 cum
488 3098 599 3164 animae
615 3098 687 3162 vitia
702 3110 887 3186 purgantur,
901 3121 1015 3165 manus
1031 3105 1155 3170 Aaron
1170 3088 1323 3192 operatua

314 3206 405 3271 nobis
417 3229 425 3269 ε
439 3217 470 3270 et
485 3227 596 3272 manus
611 3203 710 3292 Moysi
725 3204 891 3271 nobiseum
906 3217 966 3281 est,
978 3229 1066 3274 oum
1086 3211 1135 3276 ad
1150 3209 1224 3276 haeo
1235 3194 1320 3294 tpsait

314 3310 478 3401 telligenda
492 3311 707 3380 illuminamur
721 3337 762 3378 ea
774 3313 852 3402 lege.
867 3317 906 3380 Et
923 3316 995 3381 ideo
1013 3331 1174 3409 utraque
1191 3325 1323 3384 maritatt

313 3423 443 3489 cessaria
460 3435 507 3489 est
521 3423 561 3488 de
577 3422 712 3512 AEgypto
727 3425 925 3500 exeuntibus,
940 3437 973 3490 ut
985 3424 1327 3498 inveniaturine'utA

312 3531 413 3598 solum
428 3533 500 3598 fidei
516 3544 548 3598 et
568 3532 718 3608 seientia,
734 3533 790 3598 sed
804 3544 836 3596 et
852 3545 980 3600 actuum
996 3558 1228 3628 operumque
1249 3525 1329 3622 perit*

312 3644 355 3708 tio
373 3668 380 3707 a
401 3657 432 3708 et
450 3656 554 3708 tamen
570 3654 710 3730 utrasque
726 3641 774 3708 hae
790 3665 854 3708 non
870 3656 943 3708 sunt
961 3644 1043 3712 duae
1064 3673 1214 3726 manus,
1231 3643 1340 3714 soloe

310 3757 347 3821 ln
363 3778 459 3822 manu
473 3756 558 3820 enim
572 3754 670 3841 Moysi
686 3766 717 3820 et
733 3754 837 3820 Aaron
852 3754 960 3820 eduxit
974 3777 1038 3822 eos
1059 3759 1254 3832 Dominus,
1266 3757 1348 3818 emb

342 3915 351 3946 ¹
366 3912 395 3961 N.
409 3913 476 3962 6-13.
491 3931 516 3978 p.
532 3913 643 3979 377384.

343 3984 961 4051 ²ttum.xum‚1.-⁸Gen.rav·‚t.-⁴1²sat.
981 4007 1030 4052 ev,
1047 3995 1101 4059 37.
