2744 4624
396 305 428 354 lii
453 307 588 352 GENER!
610 306 738 350 numus
763 306 837 350 xvtr.
1091 311 1130 375 77

98 435 251 502 cumbens
268 429 425 496 dormisse
440 439 477 492 ut
489 425 553 500 leo,
570 437 603 491 et
618 437 654 490 ut
668 423 791 492 ostulus
806 422 919 498 leonis,
937 424 980 490 itu
997 433 1031 488 ut
1046 447 1133 512 quu-

98 557 184 610 retur
199 544 361 632 quiscum
376 537 530 604 suscitet?
546 537 612 604 Nisi
625 536 707 601 forte
722 533 833 623 aliquis
848 535 912 601 vim
928 534 1045 602 inciens
1060 535 1135 601 velit

99 655 141 720 ite
157 673 400 726 asseverarem
415 649 559 738 germine
573 648 762 736 processisse
772 646 902 722 Judem,
916 646 1022 722 idest,
1036 658 1072 711 ut
1084 670 1134 712 su·

103 765 209 854 perius
224 763 368 836 diximus,
384 758 435 824 vel
450 781 491 823 ex
504 755 652 846 virgulto,
665 755 714 821 vel
730 779 769 822 ex
785 777 894 821 remo:
910 755 995 843 quod
1007 755 1047 820 de
1065 756 1133 843 ipsu

106 871 205 938 Petris
215 869 396 936 fortitudine
408 879 442 933 et
454 868 570 932 virtute
586 865 754 955 signilicet,
765 867 819 955 qui
836 867 958 932 virtutis
972 866 1133 934 conliden-

110 983 149 1048 tie
170 983 315 1055 recubet,
332 991 365 1044 et
384 978 565 1064 requiescet
580 988 615 1039 nt
628 973 693 1050 leo,
709 989 742 1040 et
759 987 794 1040 ut
807 975 932 1042 catulus
948 975 1059 1051 leonis,
1074 998 1135 1041 nec

107 1112 176 1156 eum
198 1110 292 1154 susus
311 1086 424 1174 uliquis
443 1084 485 1150 sit
506 1085 671 1159 suscitare,
688 1084 765 1150 dum
780 1107 838 1172 pro
857 1085 1073 1175 magnitudine
1088 1088 1136 1153 vi-

103 1201 184 1265 riurn
205 1211 239 1264 et
262 1197 403 1286 potentis
425 1192 617 1260 bellstorum
639 1192 791 1258 suscitare
813 1216 887 1258 eum
902 1192 1006 1259 nullus
1022 1195 1137 1260 undeet

103 1311 142 1376 sd
153 1308 275 1398 praelie.
290 1307 354 1372 Sed
365 1304 466 1370 multo
478 1303 706 1370 convenientus
719 1303 879 1391 aptabitur
890 1303 966 1369 huic
976 1302 1047 1370 loco
1055 1325 1138 1392 mys-

105 1421 170 1485 tice
192 1416 363 1505 expositio,
378 1416 411 1480 in
432 1437 489 1501 qus
512 1411 637 1479 catulus
659 1410 759 1478 leonis
779 1412 926 1478 ‘Christus
948 1435 1012 1478 non
1036 1413 1140 1479 solum

112 1527 252 1615 tropice,
265 1547 373 1590 verum
387 1524 476 1588 etiem
486 1523 618 1613 physice
630 1522 832 1611 designeturt
848 1545 924 1587 nem
937 1521 1139 1612 physiologus

117 1634 156 1701 de
173 1633 280 1701 catulo
295 1631 389 1698 leonis
407 1631 475 1698 lraec
488 1632 611 1707 scribit,
630 1631 807 1718 quodcum
823 1631 918 1696 luerit
932 1643 1024 1698 natus
1040 1632 1140 1697 tribus

109 1745 224 1810 diebus
235 1755 268 1807 et
280 1743 377 1808 tribus
388 1741 534 1806 noctibus
544 1741 691 1813 dormiet,
702 1753 771 1806 tum
781 1739 894 1806 deinde
904 1741 1001 1828 putris
1012 1741 1141 1807 fremitu

108 1851 155 1918 vel
176 1852 283 1941 rugitu
303 1829 453 1936 tenquim
470 1848 673 1916 tremefactus
688 1848 802 1916 cubilis
822 1848 924 1926 locus,
942 1851 1073 1916 suscitet
1086 1873 1142 1916 ce-

108 1962 212 2030 tulum
229 1961 452 2027 dormientem.
469 1960 531 2025 lste
546 1958 671 2026 catulus
684 1981 761 2049 ergo
774 1959 916 2026 escendit
926 1983 965 2025 ex
975 1961 1138 2050 germine:

106 2099 144 2140 ex
160 2074 284 2163 virgine
300 2071 387 2137 enim
406 2081 499 2136 nutus
517 2081 575 2136 est.
592 2071 662 2137 Non
677 2093 715 2135 ex
731 2071 865 2146 semine,
884 2071 941 2137 sed
955 2095 995 2136 ex
1010 2072 1141 2160 virgine,

109 2185 229 2270 ubsque
248 2179 413 2247 concubiti
429 2179 486 2244 viri
504 2191 536 2243 et
557 2179 677 2266 absque
696 2179 814 2244 semine
834 2177 983 2260 naturali,
1005 2183 1145 2247 nescitur

117 2291 270 2364 Christus,
281 2287 368 2355 velut
379 2286 551 2377 virgultum
564 2287 628 2352 sive
640 2309 756 2352 remus.
769 2287 805 2354 ln
818 2311 882 2376 quo
893 2289 1145 2356 manifestissimo

114 2411 148 2466 et
165 2401 276 2467 veritas
290 2399 392 2466 cernis
408 2409 576 2485 assumpte
595 2419 635 2462 ex
656 2395 774 2486 virgine
795 2396 974 2464 declaretur
990 2399 1022 2464 in
1037 2421 1146 2465 suero·v

110 2519 225 2573 sancto
243 2508 398 2595 germine,
419 2516 452 2570 et
472 2527 489 2570 e
512 2505 658 2593 contagio
674 2506 805 2570 humani
821 2519 853 2569 et
868 2505 1002 2571 curnslis
1020 2510 1147 2572 seminis

109 2632 292 2684 excusetur.
307 2617 532 2682 ‹Recumbens
549 2615 692 2680 dormisti
706 2617 788 2680 sicut
803 2615 867 2690 leo,
879 2628 912 2680 et
926 2616 1009 2682 siout
1023 2617 1147 2682 catulus
1221 2615 1228 2628 ‘

109 2758 121 2791 ι
134 2728 272 2794 leonis.»
287 2723 537 2791 blanilestissime
554 2725 736 2791 recubuisse
750 2739 783 2792 et
798 2726 952 2791 dormisse
969 2725 1090 2793 dictum
1107 2728 1148 2794 de

108 2839 258 2928 passione
276 2837 387 2903 mortis
407 2833 595 2901 ostenditur.
611 2835 675 2900 Sed
689 2835 852 2901 videsmus
867 2857 966 2924 quare
983 2849 1017 2902 ut
1035 2836 1098 2914 leo,
1116 2851 1149 2903 et

108 2962 144 3013 ut
161 2947 290 3015 catulus
305 2946 404 3010 leonis
419 2945 547 3010 dormit.
562 2945 608 3010 De
624 2945 720 3010 cutuli
737 2945 865 3033 quidem
881 2967 993 3012 somno
1012 2949 1076 3037 jum
1099 2973 1150 3013 su-

109 3060 220 3148 perius
236 3057 361 3122 dictum
376 3055 521 3143 estquod
536 3052 625 3119 valde
641 3056 867 3122 convenienter
879 3067 1005 3143 aptetur
1016 3059 1048 3124 in
1062 3057 1150 3124 Chri·

110 3181 173 3242 sto,
192 3168 249 3254 qui
268 3165 370 3230 tribus
384 3164 495 3228 diebus
509 3171 542 3226 et
558 3162 658 3227 tribus
675 3163 822 3229 noctibus
834 3165 866 3228 in
882 3164 979 3229 corde
995 3177 1086 3230 terrm
1100 3187 1152 3231 se*

111 3277 221 3364 pultus
242 3296 391 3340 somnum
408 3273 518 3338 mortis
538 3271 690 3360 implevit.
712 3273 752 3337 Ut
772 3272 822 3338 leo
842 3287 949 3339 sutem
971 3274 1033 3341 boc
1055 3277 1152 3356 modo

117 3387 233 3452 debere
252 3382 387 3471 intelligi
404 3382 550 3448 arbitror.
571 3381 655 3446 Mors
676 3382 793 3447 Christi
815 3385 975 3473 oppressio
993 3396 1026 3448 et
1044 3387 1153 3450 trium*

123 3495 201 3580 pbos
214 3496 398 3562 daemonum
420 3491 488 3557 suit.
509 3491 647 3556 Omnem
668 3513 805 3579 nemque
826 3494 963 3581 praednm
986 3517 1079 3581 quum
1102 3494 1153 3560 leo

122 3601 174 3670 ille
191 3600 372 3670 contrarius
394 3602 549 3666 invaserat
571 3610 727 3688 prostrato
748 3600 876 3666 homine
891 3614 923 3664 et
943 3602 1080 3690 dejecto,
1101 3603 1154 3667 bic

114 3711 165 3777 leo
189 3713 386 3800 interripuit.
402 3710 546 3796 Denique
566 3709 690 3773 rediens
711 3712 751 3774 ub
772 3710 891 3786 inseris,
912 3723 945 3776 et
960 3713 1156 3777 «ascendens

112 3854 125 3885 ι
143 3823 174 3890 iu
191 3823 307 3898 altum,
321 3821 479 3912 captivum
495 3820 584 3886 duxit
601 3820 815 3906 captivitatem
826 3821 872 3885 ’.ι
890 3823 957 3889 lloc
970 3846 1045 3910 crgo
1060 3823 1157 3888 modo

150 3953 261 4015 ¹liphes.
274 3969 308 4010 rr,
323 3951 347 3997 ll.
