2744 4624
435 289 468 334 ut
493 288 625 335 onunsm
648 288 777 335 ιιοιιιιιι
802 293 831 332 ιι.
1103 263 1139 326 5ι

108 423 271 492 nunquam
283 403 449 470 desistitur
457 407 497 472 ub
508 407 606 493 aquis.
619 405 764 471 Rebecca
776 401 984 470 invonitnrnd
996 411 1138 488 puteum.

106 512 246 580 Rursum
261 513 410 581 Rebecca
426 515 468 581 nd
485 527 618 603 puteum
631 515 751 580 invenit
762 514 859 580 lsncc.
876 509 923 578 lbi
939 510 1058 599 primos
1073 509 1142 596 ejus

110 621 346 710 contemplatur
366 635 528 712 aspectus,
547 624 592 692 ibi
615 621 719 688 desilit
735 623 774 688 dc
794 621 934 696 comelis,
952 621 995 686 ibi
1011 641 1144 707 spuero

114 732 176 798 sibi
192 732 441 800 demonstratum
457 735 536 799 vidit
558 735 656 800 Isaac.
677 734 752 799 llaec
773 746 865 822 putas
890 729 955 796 sola
977 729 1085 795 rolerri
1105 729 1146 793 dc

117 839 245 926 puteis?
258 842 297 905 Et
307 841 410 908 Jncob
421 842 463 907 od
478 855 611 929 putenm
623 839 721 917 vonit,
734 854 767 906 et
781 842 825 907 ibi
841 840 960 906 invenit
970 836 1100 912 Rachel,
1114 848 1147 902 et

119 946 162 1010 ibi
173 945 339 1014 innotescit
349 950 378 1014 ei
390 948 511 1016 Rachel
522 953 605 1015 hone
618 948 718 1014 oculis
736 961 769 1014 ct
787 950 900 1016 decore
913 947 1070 1036 espectu¹.
1083 945 1147 1011 Sed

117 1065 149 1118 et
159 1052 283 1143 llloyecs
294 1055 336 1122 od
347 1069 480 1146 puteum
491 1058 610 1124 invenit
622 1057 777 1124 Scll‘ornm
790 1056 885 1123 liliam
897 1053 1048 1144 Ruguel².
1064 1055 1149 1122 Nou·

116 1165 195 1230 dum
210 1166 361 1242 moveris,
379 1178 415 1231 ut
429 1167 499 1234 lraec
513 1164 668 1255 intelligas
688 1164 891 1255 spiritualiter
904 1165 991 1231 dicii
1008 1165 1071 1231 tut
1087 1187 1147 1252 pu·

115 1283 164 1334 tes
186 1295 314 1360 semper
332 1297 408 1340 casu
434 1276 619 1364 contingere
642 1287 678 1339 nt
692 1273 880 1340 Potrinrchae
902 1273 942 1338 ud
967 1285 1079 1360 puteos
1098 1293 1148 1336 vo-

118 1381 226 1455 nisnt,
241 1395 276 1445 et
289 1382 331 1446 nd
345 1405 438 1468 equus
453 1385 603 1474 conjugis
620 1383 811 1449 sortiantur?
827 1383 889 1462 Qui
903 1381 973 1447 haec
987 1381 1030 1446 its
1046 1392 1149 1468 putot,

125 1485 297 1552 «animalis
307 1487 401 1554 ltomo
410 1507 464 1565 cst,
474 1509 502 1557 ct
513 1515 578 1558 non
591 1491 726 1580 percipit
736 1515 806 1578 quae
820 1491 882 1555 sint
894 1489 1020 1575 spiritus
1031 1488 1118 1554 neit
1131 1517 1143 1547 ι

129 1593 195 1659 Sed
207 1595 262 1682 qui
277 1593 342 1660 vult
355 1610 474 1662 mancat
491 1599 523 1665 in
538 1600 601 1673 his,
619 1609 745 1664 manent
760 1596 902 1664 animalis
918 1618 926 1661 τ
946 1620 1004 1686 ego
1019 1594 1152 1661 Pnulum
1235 1673 1239 1681 ,

124 1701 315 1789 Apostolum
327 1727 470 1791 sequens,
484 1706 556 1772 dico
569 1707 637 1773 haec
652 1729 720 1774 csse
732 1704 912 1794 allegorico,
925 1717 957 1768 et
970 1716 1154 1770 sanctorum

122 1811 251 1898 nuptias
273 1812 532 1899 conjunctionem
556 1814 628 1879 dico
647 1835 715 1879 csse
730 1813 843 1878 snimae
866 1834 940 1878 cum
956 1809 1061 1877 Verbo
1083 1811 1151 1877 Dei.

129 1947 143 1978 ι
159 1919 225 1998 Qui
243 1921 336 1985 onim
356 1923 460 2013 jungit
482 1948 515 1988 se
529 1925 678 2000 Domino,
696 1946 777 1988 unus
794 1905 920 2010 spiritus
937 1918 1013 1986 cst¹.
1034 1948 1046 1983 ι
1065 1917 1156 1986 llnnc

122 2041 233 2096 nutem
248 2031 509 2118 conjunctionem
530 2034 642 2100 animm
661 2056 735 2101 cum
751 2031 871 2106 Verbo,
886 2043 1010 2096 certum
1029 2041 1156 2094 estnon

124 2136 219 2203 nliter
233 2137 302 2204 lieri
317 2164 422 2228 posse,
439 2143 498 2208 nisi
520 2165 578 2232 por
592 2142 835 2208 instructionem
857 2138 1035 2205 divinorum
1057 2137 1159 2222 liltro=

130 2269 219 2321 rum,
234 2249 289 2334 qui
301 2247 476 2338 ligursliter
489 2253 576 2339 putei
591 2249 798 2343 appellantur.
818 2248 867 2315 Ad
882 2270 961 2335 quos
977 2246 1002 2311 si
1017 2247 1087 2334 quis
1104 2269 1158 2312 vc·

135 2351 216 2427 nint,
232 2365 265 2416 ct
278 2353 397 2423 hauriat
411 2381 452 2422 cx
466 2357 515 2422 his
529 2381 637 2445 nquns,
653 2358 687 2423 id
705 2369 753 2424 ost
767 2355 950 2422 meditando
965 2355 998 2420 in
1013 2355 1074 2430 his,
1090 2353 1159 2420 sed·

130 2473 249 2526 sumet
263 2463 457 2532 intellectum
470 2467 624 2555 percipiet
634 2466 791 2542 altiorem,
809 2465 947 2532 inveniet
958 2463 1082 2551 nuptias
1093 2462 1160 2527 Deo

130 2569 255 2658 dignus.
281 2571 494 2663 conjungitur
515 2575 601 2642 enim
628 2575 732 2640 enimn
759 2575 828 2661 ejus
850 2595 925 2640 cum
948 2573 1027 2638 Deo.
1052 2568 1163 2635 Desilit

126 2679 227 2743 ctiam
245 2679 288 2744 de
301 2681 445 2756 camelis,
460 2682 567 2758 idest,
585 2682 720 2748 discedit
735 2707 751 2748 u
767 2681 861 2756 vitiis,
877 2680 985 2767 abjicit
998 2678 1164 2746 irrationa-

126 2785 208 2852 biles
224 2808 351 2862 scnsus,
367 2802 400 2854 et
415 2791 617 2880 conjungitur
632 2791 729 2856 lsnnc.
749 2792 888 2878 Dignum
903 2811 1039 2876 nomque
1061 2799 1108 2854 cst
1128 2797 1163 2852 ut

125 2895 216 2960 Isaac
232 2907 374 2966 trnnscot
388 2901 429 2965 de
443 2901 558 2966 virtute
570 2903 611 2976 sd
626 2902 785 2969 virtutem.
803 2900 866 2979 Qui
883 2899 1005 2965 virtutis
1015 2897 1098 2965 lilius
1113 2909 1162 2962 ost

128 3005 230 3082 Snrae,
242 3029 333 3072 nunc
350 3009 554 3096 conjungitur
564 3020 597 3074 ct
611 3010 751 3076 sociatur
766 3008 936 3098 potientis),
949 3030 1018 3094 quae
1036 3019 1084 3072 ost
1099 3006 1164 3072 Re·

129 3115 240 3180 bcccs.
256 3117 298 3180 Et
308 3115 372 3182 hoc
389 3130 437 3183 cst
448 3118 581 3185 transire
593 3118 633 3184 de
646 3121 761 3186 virtuto
773 3118 813 3184 ad
826 3118 985 3192 virtutem,
1000 3128 1033 3181 ot
1047 3139 1086 3180 ex
1101 3115 1165 3180 lide

131 3222 171 3287 nd
181 3221 293 3288 fidem.
302 3223 370 3290 Sed
381 3237 413 3290 ot
425 3227 465 3292 nd
476 3227 644 3317 Evangelia
654 3228 827 3293 veniamus.
845 3227 912 3314 lpse
924 3225 1077 3290 Dominus
1090 3248 1165 3290 cum

136 3353 173 3395 ex
185 3331 299 3398 itinero
322 3333 470 3424 fatigatus
493 3338 614 3414 luisset,
631 3338 792 3404 videamus
809 3327 867 3401 ubi
883 3335 1026 3423 rcqniom
1041 3335 1162 3420 quaerit.

143 3435 243 3514 Venit,
261 3443 369 3530 inquit
381 3443 405 3520 ⁵,
426 3447 465 3511 nd
487 3459 632 3534 puteum,
655 3459 686 3512 et
708 3446 838 3511 sedebat
857 3466 952 3532 super
968 3467 1053 3509 oum.
1072 3443 1167 3511 Vides

146 3545 254 3634 ultique
264 3553 326 3618 sibi
339 3555 536 3620 concordare
549 3555 711 3644 mysteria,
724 3553 809 3620 vides
822 3553 895 3619 novi
906 3564 939 3616 et
952 3553 1064 3618 veteris
1077 3565 1171 3617 testo·

140 3659 233 3722 mcnti
248 3681 409 3726 consonas
426 3661 552 3727 formes.
568 3662 615 3728 lbi
635 3661 674 3726 nd
690 3672 802 3749 puteos
817 3673 851 3725 ct
865 3660 906 3724 nd
922 3683 1017 3748 equos
1032 3661 1170 3734 venitur,

139 3773 172 3826 ut
185 3763 391 3833 inveniuntur
402 3791 524 3856 sponsor
535 3792 544 3842 ;
557 3778 589 3833 ct
600 3765 739 3834 Ecclesia
753 3769 879 3834 Christo
895 3768 927 3833 in
940 3766 1065 3835 lavucro
1080 3791 1170 3856 cquae

170 3895 252 3945 tuen.
266 3915 335 3947 ιιιι.
346 3897 485 3948 -²F.xod.
498 3917 524 3947 ιι.
534 3897 600 3948 -ῑι
611 3899 669 3948 Gor.
681 3916 709 3958 ιι,
723 3896 860 3956 rt.-⁴ld.
871 3913 905 3958 rr,
917 3897 1136 3962 17.-⁵Jonn.1v‚
1146 3898 1171 3947 6.

1011 3985 1042 4060 4.
