2744 4624
227 299 266 342 10
667 302 811 346 catenato
844 312 846 323 ¹

119 502 121 513 Α
224 443 238 478 ι
251 417 310 482 Dei
324 417 348 493 ¹,
362 419 456 505 »quia
469 431 502 483 et
515 420 580 507 ipse
593 421 632 485 da
645 421 766 488 sedicit
779 447 786 486 ι
800 423 889 512 «Ego
902 426 933 490 in
951 424 1056 499 Patre,
1067 435 1099 488 et
1114 425 1206 492 Pater
1219 425 1253 490 in

224 555 237 588 a
252 549 304 592 ma
318 551 326 591 :
340 540 372 593 et
383 529 437 614 qui
449 551 501 593 me
513 529 598 595 videt
612 531 697 596 videt
708 531 862 596 Patrem².
876 560 888 593 ι
903 533 1089 600 sicutenim
1105 534 1159 621 qui
1170 532 1252 598 vide·

224 636 444 724 rit‘imaginem
458 636 697 726 alicujus,videt
709 661 784 706 oum
793 643 887 728 cujus
899 642 1003 731 inrogo
1014 653 1062 708 eat
1076 667 1084 706 z
1099 643 1141 707 ita
1154 653 1187 707 et
1197 663 1253 730 per

210 741 365 809 *Verbum
384 745 455 820 Dei,
472 769 542 832 quae
559 759 606 812 ost
621 748 725 837 imago
740 748 812 824 Dei,
836 749 937 815 Deum
955 752 1024 839 quis
1039 751 1134 816 videt.
1154 751 1195 814 Et
1210 751 1252 816 ita

223 875 333 917 verum
346 855 406 918 erit
418 857 502 942 quod
518 856 615 920 dixit:
633 858 702 938 Qui
716 881 768 922 mc
782 859 884 934 videt,
900 861 990 924 uidet
1000 878 1030 925 ct
1043 861 1252 930 ratramno

221 962 316 1050 hujus
331 986 407 1052 orgo
424 965 566 1054 imaginis
581 965 820 1032 similitudinem
832 969 929 1035 homo
941 970 1043 1035 factus
1057 980 1117 1045 est,
1134 982 1167 1034 et
1177 991 1253 1059 pro·

218 1085 326 1160 pterea
339 1073 482 1140 Salvator
494 1087 613 1152 noster,
627 1078 680 1164 qui
692 1090 739 1142 est
751 1079 854 1169 imago
870 1080 941 1155 Dei,
959 1080 1174 1147 misericordia
1188 1103 1253 1146 mo·

222 1192 273 1246 tus
295 1205 353 1269 pro
367 1182 509 1260 homine,
526 1185 580 1271 qui
603 1185 644 1250 ad
668 1187 736 1272 ejus
758 1187 996 1256 similitudinem
1020 1190 1121 1255 factus
1136 1189 1251 1267 suerat,

144 1313 149 1323 ’
223 1289 331 1356 videos
347 1315 434 1366 eum,
449 1294 590 1382 deposita
602 1318 657 1359 suo
670 1295 818 1384 imagine,
831 1297 958 1387 Maligni
974 1300 1144 1388 imaginem
1158 1300 1253 1366 indu-

220 1401 314 1476 xisse,
332 1401 397 1490 ipse
412 1416 518 1470 motus
533 1403 762 1499 misericordia,
780 1407 916 1495 imagine
931 1408 1068 1474 hominis
1080 1421 1251 1498 assumpta,

221 1511 306 1574 venit
317 1511 357 1575 ad
368 1534 444 1576 eum
452 1537 461 1583 ;
477 1513 560 1576 sicut
571 1513 741 1600 Apostolus
753 1527 951 1583 contestatur
962 1518 1070 1586 dicens
1084 1544 1092 1584 ι
1106 1520 1209 1585 «Cum
1221 1521 1252 1584 in

222 1645 235 1683 ι
248 1618 347 1686 forma
363 1620 421 1686 Dei
432 1635 528 1698 esset,
544 1646 609 1688 non
625 1625 768 1712 rapinam
780 1615 951 1693 arbitratus
962 1642 1010 1693 est
1025 1650 1091 1693 asse
1106 1649 1139 1692 so
1150 1649 1253 1712 aequa·

221 1727 310 1795 »lem
327 1730 408 1805 Deo,
426 1731 482 1796 sed
503 1733 707 1821 semetipsum
729 1735 903 1801 exinanivit
917 1737 1050 1804 formam
1069 1734 1149 1798 servi
1164 1733 1250 1800 acci-

221 1869 234 1901 ι
247 1841 337 1928 piens
352 1841 385 1906 in
400 1840 640 1907 similitudinem
655 1843 821 1910 hominum
837 1845 957 1917 facturr
972 1855 1004 1908 et
1019 1842 1129 1907 habitu
1145 1842 1252 1907 inven-

221 1979 233 2012 ι
249 1960 299 2014 tus
312 1963 346 2014 ut
356 1952 466 2025 homo,
476 1951 653 2017 humiliavit
665 1955 870 2041 semetipsum
885 1951 1035 2040 usquead
1051 1949 1216 2016 mortem³.
1231 1978 1244 2011 ι

222 2060 424 2149 Quicumque
444 2085 520 2151 ergo
534 2063 664 2128 veniunt
679 2065 721 2128 ad
742 2087 829 2138 eum,
845 2075 878 2128 et
894 2059 1088 2126 rationabilis
1109 2059 1253 2148 imaginis

220 2170 388 2258 participes
399 2169 482 2236 effici
498 2171 640 2246 student,
653 2194 710 2259 per
723 2171 902 2259 profectum
914 2193 1007 2236 suum
1018 2169 1195 2235 secundum
1207 2168 1255 2234 in·-

219 2278 368 2343 teriorem
385 2279 548 2346 hominem
566 2291 759 2345 renovantur
781 2280 922 2366 quotidie
942 2280 983 2344 ad
1002 2279 1172 2366 imaginem
1183 2280 1254 2367 ejus

219 2389 272 2475 qni
281 2388 355 2454 fecit
366 2411 420 2454 eos
435 2412 442 2453 ι
456 2389 498 2454 ita
513 2401 546 2453 ut
557 2389 678 2477 possint
689 2389 870 2456 conformes
882 2389 1007 2476 corpori
1021 2387 1171 2453 claritatis
1183 2389 1254 2475 ejus

218 2497 314 2573 effici,
329 2500 386 2564 sad
403 2500 617 2588 unusquisque
632 2524 690 2588 pro
703 2500 821 2564 viribus
833 2500 907 2562 suis.
924 2495 1065 2585 Apostoli
1082 2521 1115 2562 se
1127 2498 1168 2563 ad
1183 2497 1254 2586 ejus

218 2607 456 2675 similitudinem
467 2609 678 2674 reformarunt
690 2609 722 2671 in
738 2619 862 2672 tantum
877 2618 911 2671 ut
921 2608 988 2692 ipse
1000 2605 1040 2670 de
1051 2605 1096 2670 eis
1112 2607 1252 2672 diceret:

227 2717 346 2783 «Vado
361 2719 409 2804 ad
430 2717 556 2783 Patrem
579 2738 687 2782 meum
709 2726 742 2779 et
764 2714 891 2780 Patrem
912 2728 1065 2790 vestrum,
1087 2716 1129 2781 ad
1150 2715 1253 2782 Deum

220 2855 232 2888 ι
245 2837 396 2892 meamet
411 2825 452 2890 ad
466 2827 568 2890 Deum
582 2823 753 2890 vestrum¹.
769 2823 862 2911 »lpse
874 2846 948 2888 varo
964 2824 1029 2912 jam
1044 2825 1178 2911 petierat
1193 2825 1255 2889 Pa-

219 2950 300 3002 trem
316 2937 374 3024 pr'o
390 2934 551 3024 discipulis
567 2937 645 3010 suis,
662 2947 697 2998 ut
710 2934 756 2998 eis
770 2932 944 2998 similitudo
960 2933 1089 3022 pristina
1104 2934 1254 3000 reddere·

219 3058 284 3120 tur,
295 3069 369 3111 cum
382 3044 458 3109 dixit
473 3069 480 3107 ι
495 3045 623 3117 «Pater,
637 3043 675 3107 da
691 3055 739 3118 ut,
752 3043 834 3109 sicut
844 3065 903 3130 ego
916 3054 949 3106 et
965 3053 997 3105 tu
1013 3065 1113 3106 unum
1130 3065 1252 3120 sumus,

220 3187 232 3218 a
248 3158 291 3221 ita
307 3169 340 3220 et
354 3155 404 3220 isti
420 3155 451 3220 in
467 3155 559 3219 bonis
576 3176 676 3218 unum
692 3153 783 3218 sint⁵.
799 3182 811 3213 ι
830 3152 963 3240 Semper
980 3175 1056 3240 argo
1073 3151 1254 3220 intueamur

219 3267 311 3331 istam
326 3264 495 3353 imaginem
510 3263 581 3338 Dei,
597 3275 630 3327 ut
641 3262 796 3351 possimus
807 3261 851 3326 ad·
862 3264 932 3350 ejus
945 3261 1184 3330 similitudinem
1200 3288 1254 3329 re-

220 3375 359 3441 formari.
380 3375 412 3438 Si
424 3374 510 3438 enim
521 3373 561 3438 ad
577 3373 746 3461 imaginem
761 3372 819 3438 Dei
830 3372 933 3437 iactus
944 3371 1056 3448 homo,
1074 3385 1184 3442 contra
1200 3395 1256 3439 na·

218 3499 322 3550 turam
338 3486 464 3550 intuens
479 3482 649 3571 imaginem
664 3480 794 3555 diaboli,
806 3501 864 3569 per
877 3494 1047 3569 peccatum
1063 3481 1171 3547 similis
1183 3484 1254 3570 ejus

218 3594 350 3660 effectus
364 3606 412 3658 est
429 3617 436 3657 ι
455 3591 556 3658 multo
574 3592 672 3679 magis
687 3592 812 3656 intuens
826 3591 996 3680 imaginem
1013 3591 1083 3666 Dei,
1104 3591 1145 3654 ad
1160 3592 1254 3679 cujus

221 3689 457 3768 similitudmem
469 3700 570 3766 iactus
578 3711 626 3764 ost
636 3724 653 3765 a
665 3699 745 3773 Deo,
759 3722 819 3786 por
827 3699 968 3766 Verbum
981 3711 1012 3764 et
1023 3699 1172 3762 virtutem
1182 3700 1255 3786 ejus

254 3863 342 3913 ¹llolr.
353 3883 370 3919 ι,
384 3863 407 3910 3.
421 3890 450 3900 ·—
462 3859 472 3894 ²
484 3863 556 3910 loon.
574 3879 625 3922 xiv,
639 3881 663 3925 ς),
681 3880 717 3911 ro.
733 3860 782 3898 -5
797 3859 859 3910 l¹lril.
874 3878 901 3918 ιι,
914 3861 937 3919 6,
950 3876 962 3922 7
977 3865 1003 3906 ot
1015 3858 1038 3906 8.
1049 3885 1077 3894 ·-
1095 3857 1187 3906 ldoan.
1202 3875 1254 3918 xx,

223 3956 299 4006 17.—
311 3937 415 4002 ⁵1duru,
429 3953 490 3996 xvir,
504 3954 541 3986 aa.
