2660 4610
320 291 353 334 ru
378 290 538 335 ciurrcun
562 291 762 335 caurrcoauu
785 293 948 336 ruotoous.
1085 275 1144 338 581

112 417 167 480 »iu
184 416 286 481 forma
304 415 363 480 Dei
383 427 482 490 esset,
502 415 704 504 semetipsum
719 417 889 485 exinanivit
910 419 1047 486 sormam
1068 423 1148 498 servi

113 523 313 614 »occipiens¹
326 517 365 599 ,'»
380 537 416 589 ut
431 537 637 613 congregaret
662 525 860 604 Ecclesiam,
885 553 903 594 a
925 533 1146 619 congregando

114 634 202 699 enim
221 632 391 699 Ecclesiam
403 631 605 700 Ecclesiastes
623 633 807 722 appellatur.
823 635 904 702 Tum
926 659 1000 702 vero
1019 639 1145 726 quisita

116 741 289 817 Salomon,
308 741 341 806 id
361 753 432 816 est,
455 740 625 829 pacificus,
648 741 730 808 siout
752 743 1032 811 Dominusnoster
1053 747 1146 812 Jesut

117 847 260 912 Christus
270 896 278 920 ,
288 873 301 908 ι
313 847 367 934 qui
381 846 482 913 sactus
491 858 545 912 *est
559 846 650 912 uobis
659 847 810 934 sapientia
824 873 841 914 a
858 848 925 914 Deo
937 861 970 914 et
982 851 1100 938 justitia
1112 865 1146 917 et

114 953 257 1042 »parr'ir
272 954 372 1043 igitur
385 955 418 1020 in
439 954 542 1042 primo
556 954 798 1020 proverbiorum
815 955 897 1022 libro
911 980 985 1024 cum
1004 982 1061 1024 nos
1076 983 1143 1026 mo-

108 1063 227 1128 ralibus
244 1064 379 1130 instituit
394 1063 582 1152 disciplinis,
602 1087 659 1130 rex
672 1087 740 1130 esse
755 1065 872 1132 dicitur
883 1067 916 1132 iu
934 1067 1046 1144 lsrael,
1063 1092 1140 1135 uec·

107 1171 184 1236 dum
194 1172 228 1236 in
241 1171 436 1238 Hierusalem
449 1173 540 1260 :quia
551 1173 608 1238 etsi
623 1169 719 1238 lsrael
731 1172 874 1240 dicamur
885 1187 1013 1263 propter
1024 1175 1139 1254 iidem,

107 1291 294 1344 nontamen
315 1280 349 1344 in
363 1279 425 1344 boc
441 1291 627 1367 perventum
642 1291 690 1344 est
710 1291 745 1344 ut
761 1280 799 1344 ad
813 1281 1007 1350 Hierusalem
1029 1283 1142 1350 cotes-

111 1399 174 1451 tem
183 1387 362 1476 pervenisse
373 1387 547 1454 videamur.
567 1387 627 1453 Ubi
644 1410 718 1452 vero
732 1389 977 1476 profecerimus,
994 1402 1027 1454 et
1038 1392 1142 1460 inboc

2 1515 3 1544 ³
110 1507 237 1562 rentum
252 1495 365 1571 fuerit,
382 1508 418 1561 ut
436 1495 584 1562 Ecclesiae
598 1496 826 1584 primitivorum
840 1521 910 1585 quae
926 1499 958 1564 in
972 1498 1059 1564 coelis
1073 1513 1138 1576 est,

111 1607 276 1680 sociemur,
296 1615 390 1691 atque
405 1602 599 1669 Hierusalem
620 1602 782 1670 colestem
801 1605 947 1682 discussis
960 1605 1138 1694 diligentius

113 1714 221 1802 priscis
237 1725 266 1778 et
280 1710 476 1778 naturalibus
491 1712 593 1776 causis
608 1722 742 1777 matrem
758 1726 900 1779 nostram
919 1737 986 1779 esse
1003 1737 1139 1804 cognos-

111 1843 218 1886 camus
235 1819 419 1886 coelestem:
439 1831 516 1886 tuno
536 1819 601 1906 jam
619 1819 711 1884 nobis
724 1820 819 1886 etiam
834 1820 902 1909 ipse
918 1821 1062 1888 Christus
1076 1825 1140 1890 Ec·

106 1928 264 1995 clesiastes
278 1929 427 2002 efficitur,
443 1939 474 1993 et
490 1951 554 1992 non
569 1925 671 1992 solum
688 1927 721 1992 in
735 1926 848 2004 lsrael,
865 1929 920 1995 sed
931 1942 964 1993 et
980 1930 1013 1996 in
1028 1932 1139 2011 Hieru-

105 2035 203 2103 salem
220 2059 351 2125 regnare
364 2036 489 2102 dicitur.
509 2037 591 2102 Cum
606 2058 681 2100 vero
698 2036 739 2100 ad
753 2037 980 2123 perlectionem
994 2040 1137 2114 omnium

107 2157 236 2210 rentum
253 2145 368 2221 fuerit,
384 2156 417 2210 et
432 2166 543 2232 sponsa
560 2143 588 2206 ei
604 2142 742 2230 perlecta
757 2145 859 2209 omnis
875 2146 1026 2214 duntaxat
1041 2150 1137 2214 ratio·

1 2287 4 2306 ν
108 2252 187 2318 nelis
207 2265 352 2319 creatura
380 2252 541 2338 jungetur,
571 2250 644 2336 quia
668 2249 844 2337 pacificavit
869 2274 926 2339 per
955 2255 1138 2341 sanguinem

2 2425 3 2430 ,
113 2385 201 2426 suum
218 2385 284 2427 non
304 2359 407 2427 solum
420 2383 489 2447 qum
500 2359 533 2424 iu
545 2358 635 2424 terris
651 2370 742 2432 suut,
758 2359 858 2424 sedet
872 2381 942 2446 quae
956 2360 989 2424 in
1003 2360 1109 2428 coelis²
1129 2385 1136 2430 ε

2 2503 4 2540 f
110 2480 185 2532 tunc
203 2466 351 2533 Salomon
371 2463 591 2531 tantummodo
612 2463 748 2538 dicetur,
765 2490 777 2523 r
794 2486 868 2529 cum
886 2464 1051 2531 tradiderit
1066 2490 1138 2554 reg-

104 2599 208 2640 »num
222 2576 290 2640 Deo
307 2586 339 2639 et
357 2573 455 2662 patri,
471 2595 546 2638 cum
560 2570 757 2637 evacuaverit
774 2593 902 2636 omnem
924 2573 1136 2662 principatum

104 2696 161 2750 ret
183 2694 381 2771 potestatem.
405 2681 539 2770 Oportet
558 2680 644 2746 enim
665 2701 739 2744 eum
763 2702 894 2766 regnare
917 2680 1017 2746 donec
1040 2693 1138 2771 ponat

7 2833 12 2872 2
106 2793 276 2858 »inimicos
298 2791 447 2858 suossub
466 2789 599 2878 pedibus
626 2787 712 2860 suis,
733 2798 765 2850 et
784 2787 969 2870 novissimus
995 2790 1138 2856 inimicus

2 2923 3 2926 ¹
107 2901 313 2966 »destruatur
336 2921 421 2964 mors
435 2897 456 2962 ⁸.
478 2898 546 2962 »Et
567 2895 608 2960 ita
629 2893 801 2982 pacificatis
820 2895 967 2960 omnibus
994 2899 1140 2986 Patrique

109 3009 280 3096 subjectis,
296 3029 369 3074 cum
385 3006 444 3072 crit
459 3005 523 3092 jam
541 3004 624 3068 Deus
640 3002 745 3066 omnia
761 3001 793 3066 in
808 3002 973 3080 omnibus,
990 3004 1140 3072 Salomon

9 3185 15 3194 ,
108 3115 352 3191 tantummodo,
365 3116 473 3187 idest,
491 3110 575 3177 solus
591 3109 743 3199 pacificus
760 3111 982 3176 nominabitur.
1003 3113 1140 3202 Compe-

1 3265 18 3312 :³
110 3238 216 3291 tenter
230 3247 305 3313 ergo
317 3224 348 3288 in
360 3222 422 3288 boo
433 3218 539 3287 libello
553 3219 606 3306 qui
618 3218 658 3283 de
670 3241 778 3284 amore
787 3241 908 3305 sponsae
919 3231 951 3284 et
962 3223 1067 3310 sponsi
1075 3234 1143 3288 erat

12 3392 17 3411 .
116 3333 317 3408 scribendus,
333 3331 427 3396 etiam
441 3352 499 3416 pro
513 3327 578 3401 hoc¹
592 3349 695 3412 neque
709 3324 792 3390 lilius
813 3327 932 3402 David,
948 3351 1051 3416 neque
1071 3353 1140 3404 ror,

2 3483 19 3524 ,ζ
116 3461 217 3525 neque
227 3436 312 3503 aliud
327 3435 441 3510 horum
456 3433 542 3520 quod
557 3431 597 3498 ad
611 3452 799 3517 corporeum
815 3431 973 3518 pertinere
987 3433 1084 3520 possit
1097 3436 1141 3498 in·

11 3599 18 3623 .
113 3544 294 3619 tellectum,
317 3542 477 3614 scribitur,
496 3551 529 3604 ut
544 3538 657 3604 merito
672 3537 713 3601 de
725 3559 764 3602 eo
782 3538 921 3625 perlecta
940 3538 1004 3626 jam
1027 3561 1138 3627 sponsa

110 3655 213 3729 dicat,
230 3653 331 3741 quia«
345 3663 378 3716 et
398 3650 423 3714 si
443 3644 612 3734 aliquando
627 3645 832 3734 cognorimus
851 3645 1010 3712 Christum
1027 3667 1141 3712 seouu-
1258 3675 1264 3690 ·

141 3803 808 3878 ’Phi1.u‚6,7.-²1eor.1‚30.-³c0too.1,
828 3804 1144 3868 ao.—¹1Cor.xv,24‚

105 3902 216 3965 abab.
