2744 4600
394 289 427 334 ua
452 289 591 336 unsaros
617 289 746 334 rourum
769 289 858 336 xxru.
1078 268 1136 332 sor

1 467 8 502 p,
111 405 264 472 »flemme
282 426 379 493 quam
393 406 613 473 accendistis¹.
629 437 641 470 a
658 406 695 473 In
708 409 840 474 sabbato
858 408 1072 497 unusquisque
1088 429 1139 471 se-

109 514 162 579 det
173 512 245 580 loeo
256 535 330 589 suo,
344 523 377 578 et
389 536 453 579 non
464 515 609 602 procedit
621 537 660 580 ex
672 538 720 580 eo.
734 515 815 594 Quis
826 537 902 604 ergo
914 526 961 580 est
973 513 1063 580 loeus
1073 513 1139 602 spi*

109 621 229 687 ritualis
241 621 380 687 animet
391 620 517 687 Justitia
530 635 578 687 est
589 621 678 690 loeus
689 625 759 712 ejus
767 647 776 698 ς
792 635 824 690 et
835 625 959 696 veritas,
972 623 1135 711 sapientia,

7 714 9 723 ⁴
108 731 326 808 sanctificatio,
345 743 379 795 et
400 732 505 796 omnia
524 755 594 819 quae
607 733 752 798 Christus
767 745 828 809 est,
844 731 934 800 locus
949 734 1063 799 anime
1076 745 1133 798 est.

95 841 157 928 ,Ex
171 864 233 928 quo
248 839 317 906 loeo
330 863 401 905 eam
416 864 480 906 non
497 854 623 930 oportet
634 844 732 918 exire,
751 855 784 907 ut
798 866 871 908 vera
890 845 1020 909 sabbata
1032 853 1137 908 custo-

108 949 185 1024 diat,
202 959 234 1013 et
245 947 328 1012 diem
340 946 457 1012 festum
474 943 682 1013 in'saorifieiis
696 948 800 1036 exigat
811 949 1036 1014 sabbatorum:
1055 949 1138 1015 sicut

0 1045 1 1048 Ἴ
108 1070 139 1122 et
153 1056 307 1123 Dominus
324 1055 472 1123 dicebat:
496 1082 508 1115 ι
525 1055 589 1136 Qui
602 1057 634 1122 in
647 1079 698 1123 me
713 1069 840 1132 manet,
857 1069 889 1121 et
899 1081 957 1145 ego
972 1058 1004 1122 in
1019 1056 1128 1122 ittet»

107 1165 202 1245 Quod
215 1177 322 1230 autem
335 1163 471 1229 diximus
480 1186 554 1229 vera
564 1165 708 1240 sabbata,
725 1165 750 1230 si
770 1163 861 1230 altius
876 1178 1054 1256 repetamus
1066 1189 1136 1254 quae

104 1273 166 1338 sint
182 1295 254 1338 reru
267 1273 415 1347 sabbata,
428 1270 510 1335 ultra
526 1270 613 1336 buno
629 1273 787 1338 mundum
803 1284 850 1339 est
866 1275 929 1339 veri
947 1275 1068 1341 sabbati
1081 1276 1138 1340 ob-

104 1382 248 1447 servatio.
262 1378 456 1459 Quodenim
468 1380 680 1467 scriptumest
697 1381 729 1447 in
742 1381 871 1460 Genesi,
889 1385 960 1470 quia
981 1410 994 1443 ι
1009 1384 1130 1472 requie-

103 1517 117 1552 ι
134 1490 183 1554 rit¹
193 1491 276 1555 Dens
291 1489 325 1553 in
340 1488 391 1553 die
406 1489 529 1554 sabbati
547 1490 587 1554 ab
602 1491 750 1579 operibus
765 1492 889 1569 suis⁸‚»
908 1517 972 1558 non
992 1494 1150 1559 videmus¹
1174 1489 1176 1494 ’
1279 1559 1284 1570 ,

79 1649 88 1657 .
105 1597 155 1664 vei
172 1611 249 1664 tunc
263 1597 382 1663 sactum
396 1621 465 1662 esse
481 1598 512 1663 in
530 1599 580 1664 die
595 1600 742 1689 septima,
768 1600 816 1667 vel
835 1604 930 1668 etiam
947 1627 1034 1669 nuno
1050 1603 1130 1669 fieri.

15 1743 26 1754 ·
103 1707 239 1796 Semper
252 1707 338 1772 enim
350 1706 496 1772 videmus
511 1706 614 1772 Deum
630 1709 769 1796 operari,
781 1721 813 1774 et
828 1709 951 1776 nullum
966 1714 1134 1778 sabbatum

101 1829 149 1883 est
160 1819 193 1882 in
209 1841 272 1905 quo
287 1819 372 1883 Deus
389 1840 453 1882 non
468 1827 631 1906 operetur,
648 1818 680 1882 in
698 1842 763 1906 quo
778 1841 843 1883 non
862 1819 1019 1909 producat
1034 1820 1133 1887 solem

1 1929 2 1948 i
103 1950 200 1992 suum
216 1951 313 2017 super
324 1929 426 1992 bonos
436 1939 469 1991 et
485 1924 598 2001 malos,
610 1937 642 1990 et
658 1924 746 2013 pluat
759 1951 855 2016 super
868 1929 969 2017 justos
984 1941 1016 1993 et
1031 1931 1134 2018 injus-

1 2023 3 2056 ᾗ
98 2048 161 2114 tos,
178 2038 212 2102 in
230 2059 295 2126 quo
312 2059 376 2101 non
394 2035 550 2122 producat
571 2032 604 2099 in
622 2035 785 2100 montibus
804 2034 924 2102 soenum
941 2049 973 2102 et
997 2037 1129 2103 herbam

98 2146 244 2212 servituti
259 2146 438 2219 bominum,
454 2145 487 2209 in
503 2167 568 2231 quo
580 2168 644 2210 non
657 2145 814 2233 percutiat
829 2157 861 2210 et
875 2157 978 2222 sanet,
993 2148 1131 2214 deducat

1 2273 2 2278 ’
103 2257 138 2319 in
154 2254 312 2336 infernum
327 2267 357 2320 et
369 2253 515 2329 redueat,
527 2253 561 2319 in
573 2277 636 2342 quo
649 2276 711 2320 non
725 2253 850 2320 occidat
860 2264 893 2318 et
907 2254 1010 2321 vivere
1024 2255 1129 2321 saciat.

102 2360 197 2429 Unde
212 2375 244 2429 et
257 2363 408 2429 Dominus
429 2363 462 2429 in
481 2361 658 2452 Evangeliis
679 2383 753 2428 eum
771 2361 873 2428 Judaei
891 2363 1133 2450 praescriberent

96 2472 160 2538 sibi
173 2471 213 2536 de
225 2472 406 2561 operatione
418 2482 450 2536 et
466 2471 631 2538 curatione
646 2471 783 2547 sabbati,
795 2469 957 2559 respondit
969 2472 1013 2536 eis
1026 2494 1034 2535 a
1052 2472 1137 2538 apa«

98 2609 115 2644 ι
126 2593 178 2647 ter
193 2604 282 2646 meus
297 2580 507 2668 usquemodo
522 2592 687 2670 operatur,
703 2592 736 2646 et
749 2604 808 2669 ego
824 2578 959 2669 operor‘
976 2602 985 2644 a
1000 2608 1012 2643 r
1028 2592 1132 2647 osten-

94 2690 177 2756 dens
192 2712 250 2778 per
272 2689 341 2754 baec
364 2689 397 2753 in
421 2686 509 2752 nullo
531 2687 639 2754 saeeuli
660 2689 756 2776 hujus
778 2689 910 2754 sabbato
932 2689 1130 2776 requiescere

92 2799 229 2864 Deuma
247 2795 534 2884 dispensationibus
546 2795 671 2871 mundi,
684 2808 716 2860 et
732 2818 749 2861 a
762 2795 991 2883 provisionibus
1007 2798 1129 2886 generis
1155 2875 1157 2878 ¹

93 2907 240 2974 humani.
255 2907 336 2974 Nam
349 2918 529 2972 ereaturam
540 2905 670 2992 quidem
686 2905 761 2971 fecit
773 2930 811 2972 ex
825 2907 927 2984 initio,
941 2919 973 2973 et
988 2910 1131 2975 substan-

91 3019 155 3083 tias
167 3013 312 3104 protulit,
325 3027 458 3103 quantas
471 3015 591 3081 sciebat
604 3026 714 3103 utpote
728 3037 836 3081 rerum
851 3016 999 3083 eonditor
1009 3018 1050 3083 ad
1060 3041 1134 3107 per-.

88 3125 267 3193 sectionem
282 3125 394 3191 mundi
410 3126 502 3214 posse
517 3124 676 3202 sufficere,
693 3126 748 3190 sed
762 3149 860 3215 usque
875 3127 915 3192 acl
930 3150 1133 3196 consumma«

87 3239 214 3304 tionem
233 3233 340 3302 ementi
365 3235 405 3300 ab
426 3257 537 3300 earum
559 3235 740 3324 provisione
760 3248 792 3302 et
811 3235 1042 3324 dispensatione
1064 3261 1131 3304 non

88 3356 211 3411 cessat.
224 3344 292 3408 Erit
302 3365 378 3432 ergo
398 3365 510 3408 rerum
527 3345 708 3422 sabbatum,
727 3345 759 3410 in
775 3367 839 3431 quo
854 3346 1029 3433 requieseat
1044 3349 1132 3415 Deus

86 3455 136 3519 ub
148 3452 294 3517 omatibus
309 3451 458 3539 operibus
472 3452 550 3529 suis,
564 3450 715 3517 saeculum
730 3452 884 3530 futurum,
900 3468 977 3522 tune
988 3479 1062 3522 cum
1074 3483 1128 3522 au-

83 3561 194 3651 fugiet
205 3559 307 3639 doior,
322 3575 355 3627 et
369 3560 510 3639 tristitie,
522 3574 554 3628 et
569 3562 719 3652 gemitus,
731 3575 764 3628 et
779 3563 839 3629 erit
854 3566 959 3630 omnia
971 3578 1004 3631 et
1016 3567 1047 3632 in
1058 3591 1126 3633 om-

80 3673 185 3740 nibus
194 3670 289 3736 Deus.
300 3669 337 3736 ln
350 3693 414 3758 quo
426 3671 559 3736 sabbato
572 3672 726 3737 concedat
737 3672 832 3738 etiam
842 3659 932 3739 nobis
943 3676 1028 3742 Deus
1040 3677 1128 3743 diem

77 3784 203 3850 festum
218 3802 313 3870 agere
328 3801 451 3854 seeum
468 3790 501 3845 et
516 3803 590 3848 eum
607 3781 724 3846 sanetis
744 3779 872 3869 Angelis
890 3783 959 3848 suis
976 3783 1054 3850 festa
1069 3805 1123 3873 ee-

117 3913 205 3962 ¹1aai.
217 3928 241 3972 n,
257 3927 299 3976 ιι.1
311 3907 447 3958 —2Joan.
462 3924 504 3969 av,
515 3911 540 3959 5.
555 3909 605 3948 -⁸
619 3908 687 3960 Gen.
701 3929 730 3970 n,
745 3927 765 3958 a.
778 3936 809 3947 -
821 3910 830 3944 ⁴
842 3912 957 3972 turma,
969 3929 1008 3979 17„
