2632 4600
220 311 282 377 256
660 323 803 366 muronurs

140 498 149 516 .
213 455 364 544 dommus,
374 441 544 516 or'enostro
556 443 741 534 sapientiam
754 443 963 519 meditemur,
979 455 1011 509 et
1021 441 1130 534 iingua
1140 457 1246 513 nostra

214 562 386 650 loquemur
408 555 585 644 judicium,
607 565 639 618 et
658 549 711 615 lex
731 549 790 615 Dei
815 547 855 614 sit
878 550 910 615 in
936 549 1087 616 cordibus
1114 553 1247 627 nostris,

217 667 428 757 adipiscemur
439 661 517 728 iilud
532 659 616 747 quod
628 658 788 746 sequitur:
808 657 872 722 «m
884 679 948 722 non
962 657 1249 747 supplantabuntur

213 795 360 865 agressus
376 767 502 858 ejus¹.»
531 767 614 832 Puto
628 788 695 829 non
711 763 891 828 meminisse
906 785 1018 830 eorum
1042 787 1113 853 quae
1128 763 1248 832 dudum

217 883 256 949 do
279 878 435 971 gressibus
457 869 704 964 disputavimus,
726 880 759 936 et
774 891 853 958 opus
868 883 916 936 est
937 893 996 937 nos
1012 873 1049 937 in
1063 875 1251 940 memoriam

216 1009 364 1058 revocure
377 1009 449 1074 quae
464 983 548 1047 dicta
564 992 655 1055 sunt,
672 991 707 1043 ut
719 979 880 1044 videamus
896 979 1058 1066 quomodo
1068 981 1250 1069 ingredien-

215 1112 262 1164 tes
288 1094 417 1184 quidam
439 1088 683 1179 supplantantur
702 1097 736 1151 et
755 1083 967 1152 effunduntur
980 1111 1104 1176 gressus
1129 1111 1248 1156 eorum.

215 1201 352 1291 Quodsi
370 1199 499 1267 servetis
513 1195 547 1261 in
564 1195 716 1260 memoria
740 1203 772 1258 et
787 1193 969 1282 diligentius
988 1195 1150 1273 retinetis,
1174 1198 1249 1264 scire

212 1309 352 1385 debetis,
368 1304 480 1398 quiesi
496 1303 680 1392 sapientiam
702 1301 763 1367 Dei
784 1301 981 1367 meditemini
999 1302 1037 1367 in
1052 1325 1109 1367 ore
1125 1317 1247 1380 restro,

211 1433 243 1485 et
254 1417 360 1506 lingua
376 1424 479 1480 vestra
495 1411 645 1499 loquatur
659 1408 831 1497 pudicium,
845 1419 877 1474 et
890 1411 958 1475 ¹Leu
972 1410 1029 1475 ltet
1045 1411 1084 1474 sit
1100 1409 1135 1476 in
1151 1413 1251 1478 cordi-

213 1527 273 1592 bus
284 1524 413 1598 vestris,
429 1539 593 1607 nunquam
604 1514 898 1606 'supplantabuntur
908 1539 1031 1606 gressus
1043 1519 1154 1585 vestri.

255 1631 307 1698 IV.
316 1631 392 1698 Post
403 1629 472 1695 haec
481 1627 524 1693 ait
535 1650 543 1691 ι
555 1652 567 1685 ι
577 1624 781 1699 considerat,
791 1622 1241 1713 iuquit,peocetorjuatum².»

213 1739 404 1806 Considerat
416 1747 448 1801 et
463 1735 605 1800 intuetur
620 1743 774 1820 peccator
787 1729 926 1818 justum,
942 1742 975 1796 et
986 1733 1087 1820 gravis
1102 1747 1153 1799 est
1166 1737 1198 1800 ei
1210 1737 1245 1801 sd

209 1845 382 1913 videndum
394 1894 403 1920 ,
415 1855 447 1908 et
462 1841 534 1906 ideo
556 1839 734 1904 consideret
749 1849 787 1902 ut
805 1839 904 1902 morti
920 1859 995 1904 eum
1011 1840 1117 1905 tradet
1136 1865 1145 1904 :
1165 1843 1245 1930 quod

209 1953 354 2020 iecerunt
366 1951 432 2016 sine
449 1947 547 2014 dubio
562 1945 710 2011 adversus
727 1943 927 2012 'salvatorem
941 1943 987 2010 iiii
1002 1947 1057 2033 qui
1075 1947 1243 2036 Prophetas

209 2061 395 2128 occiderunt
406 2108 414 2134 ,
427 2055 579 2146 etsslieum
595 2052 840 2130 crucifixerunt,
861 2060 893 2118 et
905 2075 966 2118 nos
988 2058 1149 2142 persecuti
1167 2069 1239 2120 sunt

206 2169 302 2232 etiam
317 2187 421 2240 nune,
438 2176 471 2228 et
481 2158 635 2251 populum
648 2159 708 2225 Dei
722 2161 777 2246 qui
792 2173 840 2224 est
856 2159 991 2237 Christi,
1011 2162 1045 2226 id
1061 2175 1127 2240 est,
1147 2163 1239 2251 jusd-

206 2272 258 2336 tiae
282 2266 468 2358 discipulos,
495 2267 697 2332 considerent
712 2277 752 2328 *et
774 2265 1015 2334 morti’trodete
1030 2267 1194 2356 eupiunt,
1211 2283 1245 2334 et

205 2388 351 2466 quaerutrt
365 2373 558 2442 mortificare
574 2395 638 2439 eos.
657 2373 728 2470 sed*
738 2369 816 2458 quid
826 2371 905 2437 dicit
916 2373 1055 2461 populus
1065 2377 1126 2441 Dei
1143 2378 1246 2464 justus

204 2502 237 2554 et
252 2487 379 2577 justitiae
397 2482 592 2572 discipulus?
607 2479 778 2547 lllentitur
799 2483 896 2547 verbo
919 2485 1080 2571 magistri,
1100 2497 1135 2550 et
1152 2487 1245 2553 diet:

211 2595 305 2662 «Non
317 2595 452 2660 haberes
464 2593 496 2656 in
508 2614 560 2656 me
575 2599 782 2678 potestatem,
795 2587 854 2653 uisi
877 2589 934 2654 tibi
954 2589 1026 2656 data
1047 2605 1138 2658 esset
1152 2593 1251 2660 desu-

203 2703 314 2795 aper·⁸.
330 2731 343 2763 ι
362 2701 469 2768 Potest
482 2699 545 2764 hoc
561 2699 640 2762 etin
657 2710 800 2786 tempore
818 2699 1048 2786 persecutionis
1064 2699 1249 2770 Gentilium

200 2817 239 2880 de
256 2810 372 2878 sanctis
387 2807 578 2896 martyribus
593 2812 625 2870 et
644 2805 877 2872 consessoribus
893 2808 1004 2894 aptari.
1025 2807 1254 2877 considerant

199 2921 284 2988 euim
300 2917 389 3008 impii
404 2925 621 3006 persecutores
635 2932 894 3001 unumquemque
908 2913 1089 3002 justorum,
1108 2930 1144 2983 et
1161 2945 1253 3008 qure-

199 3037 274 3094 runt
290 3023 482 3091 mortificare
498 3043 584 3086 erum.
605 3019 669 3085 sed
683 3042 724 3083 ne
744 3041 890 3084 securum
911 3021 1024 3086 reddat
1047 3027 1142 3111 percis
1168 3040 1257 3094 tem-

197 3155 275 3224 pore
289 3131 349 3198 ista
364 3129 433 3197 talis
452 3126 622 3217 expositio,
639 3137 801 3191 memento
818 3127 891 3212 quia
903 3128 1133 3216 quotidianum
1152 3133 1258 3201 habet

197 3246 298 3332 justus
325 3247 562 3329 persecutorem
586 3231 765 3308 diabolum,
791 3241 823 3297 et
838 3231 890 3298 itte
910 3247 959 3300 est
979 3237 1035 3326 qui
1055 3243 1261 3310 considerat

197 3352 327 3438 justum.
350 3344 520 3411 insidietur
541 3339 627 3406 enim
643 3360 787 3428 semper,
804 3347 836 3404 et
856 3340 938 3406 sicut
960 3341 1010 3408 leo
1028 3345 1177 3434 rugiens
1195 3353 1264 3418 eir-

197 3458 262 3522 cuit
288 3475 430 3542 quaerena
450 3471 546 3538 quem
566 3457 754 3512 transvoret.
782 3446 846 3512 Sed
868 3447 893 3512 si
916 3447 980 3514 fide
994 3448 1115 3538 plenus
1142 3479 1208 3534 es,
1230 3471 1264 3523 et

199 3560 331 3629 confidis
350 3559 383 3624 in
397 3555 554 3632 Domino,
575 3555 647 3620 vido
669 3553 745 3642 quid
771 3555 1029 3642 repromittatur:
1052 3559 1268 3633 «Dominus

205 3683 327 3736 tautem
338 3689 403 3731 non
417 3661 613 3752 derelinquet
627 3684 701 3726 eum
716 3661 748 3726 in
764 3661 910 3728 munibus
925 3665 1013 3751 ejus*
1025 3693 1056 3741 ,n
1080 3687 1269 3755 pacato.

205 3780 276 3846 toris
292 3772 430 3849 scilicet,
453 3793 537 3837 «nec
552 3768 715 3874 damnabit
734 3791 807 3834 eum
828 3791 903 3838 cum
923 3770 1133 3859 judicabitur
1162 3781 1261 3849 illi„

231 3943 339 3992 'isaim
354 3953 439 3990 xxm
451 3974 459 4002 ,
472 3934 541 3987 3r.-
554 3931 640 3984 ²1bid.
651 3929 894 3997 32.-¹soau.1rx,
909 3935 1072 3990 11.-⁴Psal.
1082 3958 1192 3998 xxm
1203 3989 1214 4016 n
1224 3947 1270 4004 33„
