2604 4614
284 301 316 343 ιιι
342 301 502 344 cisarcen
527 299 729 346 cartrtcoaun
753 301 825 342 ιιιιιι.
854 304 873 342 ι.
1036 279 1100 343 555

69 425 210 514 petebat,
228 419 308 488 illius
328 421 361 486 in
376 418 554 488 melumen
567 421 676 509 excepi
695 445 703 486 :
724 447 736 482 ι
751 419 875 490 Delicto
890 444 1005 490 uorum
1018 419 1102 488 sulus

69 530 211 621 gentihus
240 528 324 594 facta
344 527 432 602 est¹3
457 541 489 594 et
511 551 656 607 rursum,
683 529 942 616 «incredulitate
962 529 1104 618 gentium

72 634 220 701 »seientia
236 631 344 699 lsrael.
367 634 501 700 ‚Habes
518 645 688 722 utrumque
704 633 789 724 apud
805 633 1002 722 Apostolum.

113 741 182 808 Vll.
204 740 302 806 «Filii
325 743 433 807 matris
457 765 536 808 meae
556 754 777 831 pugnaverunt
796 741 962 809 adversum
981 741 1097 808 me².»

72 847 342 916 Considerandum
357 849 520 938 quomodo
536 871 649 939 sponsa
665 849 769 924 dicat,
786 877 798 908 ι
813 847 884 914 Filii
900 853 1011 916 matris
1027 871 1107 915 meaa

71 985 84 1038 ι
89 969 308 1048 pugnaverunt
324 956 492 1024 adversum
506 981 558 1024 me
574 969 649 1024 :ret
660 957 788 1046 quando
799 957 948 1036 advorsus
961 979 1032 1022 eam
1046 957 1108 1023 fra-

68 1078 153 1132 trum
166 1087 272 1153 pugna
289 1066 434 1130 surrexit.
446 1065 527 1132 Vide
543 1063 677 1132 Paulum
688 1062 837 1132 Ecclesise
850 1077 1106 1153 persecutorem,

66 1185 100 1242 ct
121 1169 277 1261 intelliges
296 1172 457 1259 quomodo
475 1171 559 1240 iilius
579 1173 688 1241 matris
707 1173 776 1261 ejus
791 1174 976 1261 pugnaverit
995 1173 1110 1240 adrer-

68 1305 141 1348 sum
156 1304 240 1346 cam.
260 1282 481 1348 Persecutores
498 1280 646 1348 Ecclesiae
666 1293 800 1370 egerunt
818 1281 1055 1370 poenitentiam,
1077 1293 1109 1348 et

72 1389 239 1456 adversarii
255 1389 325 1477 ejus
337 1411 463 1454 rursum
479 1389 519 1456 ad
530 1389 646 1456 sororis
662 1389 749 1478 signa
763 1389 907 1456 conversi
920 1390 1111 1477 praedicevo-

74 1511 148 1588 rapt
164 1497 260 1564 iidem
275 1520 372 1585 quam
386 1509 460 1564 ante
476 1495 692 1564 destruebant.
709 1497 778 1564 lloo
792 1497 981 1588 prophetico
998 1498 1110 1587 spiritu

75 1629 185 1697 sponsa
205 1628 293 1672 nunc
313 1617 462 1682 centana,
481 1606 525 1672 sit
543 1628 551 1669 ε
569 1634 582 1668 ι
602 1606 840 1672 Dimioaverunt
856 1607 888 1670 in
904 1627 977 1681 me.
994 1628 1113 1695 posue-

76 1726 168 1780 »runt
191 1737 244 1780 me
268 1712 433 1780 custodem
451 1713 483 1779 in
504 1714 610 1780 vineis.
634 1711 766 1780 Vineam
789 1733 893 1778 meam
917 1737 983 1778 aon
1005 1725 1114 1780 custo-

74 1822 221 1890 ndivi⁵.s
241 1824 308 1912 Ego
323 1820 481 1899 Ecclesia,
493 1845 552 1910 ego
563 1843 768 1912 sponsc‚ego
779 1821 845 1886 sine
857 1819 999 1897 macule,
1019 1819 1114 1910 pluri-

68 1955 199 2000 marum
213 1943 320 1996 custos
337 1954 407 1996 sum
420 1930 521 2019 posita
534 1930 698 1996 vinearum
716 1954 733 1994 a
745 1927 816 1994 filiis
828 1930 938 1994 matris
949 1951 1028 1994 meat
1039 1978 1047 2005 ,
1060 1929 1113 2016 qui

69 2053 253 2108 contremo
275 2039 442 2128 aliquando
458 2049 684 2128 pugnaverant.
704 2039 775 2119 Qua
793 2036 1004 2105 sollicitudine
1025 2060 1116 2114 cure-

74 2173 138 2238 que
147 2148 303 2224 districta,
311 2148 388 2213 dum
397 2146 502 2236 plures
512 2147 657 2212 custodio
667 2147 772 2214 vineas
782 2195 792 2222 ,
802 2147 925 2212 vincam
937 2171 1042 2212 meam
1052 2171 1116 2214 non

78 2257 206 2324 serrari.
226 2253 369 2343 intellige
382 2253 444 2322 boc
460 2255 499 2321 de
515 2252 631 2330 Paulo,
647 2266 680 2320 ct
695 2253 757 2320 clio
772 2239 976 2342 quocumque
991 2267 1116 2321 sancto

81 2384 168 2436 rum,
184 2361 238 2448 qui
254 2383 312 2450 pru
327 2359 470 2424 omnium
486 2359 526 2424 sit
540 2357 640 2424 salute
655 2357 809 2424 sollicitus
828 2381 835 2424 a
854 2371 887 2423 et
902 2359 1023 2425 videbis
1039 2383 1118 2447 quo-

77 2469 173 2536 modo
192 2469 313 2534 tineam
332 2490 423 2533 suam
441 2490 505 2532 non
522 2466 723 2542 custodiens,
740 2465 875 2532 aliorum
891 2467 994 2532 vineta
1015 2479 1119 2533 custo

75 2580 164 2646 diat:
180 2577 341 2666 quomodo
352 2577 448 2642 etiam
463 2587 496 2640 ut
508 2574 584 2641 alios
598 2575 792 2651 lucrifaciat,
805 2575 872 2664 ipse
883 2574 917 2641 in
928 2575 1118 2663 quibusdam

73 2687 195 2752 damna
212 2686 384 2752 sustinuatt
401 2685 521 2750 etenim
537 2707 613 2750 cum
628 2683 723 2748 fuerit
737 2681 818 2749 liber
832 2707 872 2746 ex
887 2684 1055 2761 omnibus,
1073 2707 1121 2750 se·

75 2796 187 2884 ipsum
203 2817 328 2860 servum
344 2793 435 2868 lecit,
454 2805 489 2857 ut
503 2815 613 2858 omnes
628 2789 828 2860 lucrifaceret
846 2815 853 2855 :
872 2791 1010 2858 «Factus
1030 2815 1119 2868 sum,

77 2901 223 2990 sicquid,
237 2901 380 2968 infirmus
394 2900 528 2967 infirmis
539 2951 549 2977 ,
561 2899 581 2966 J
585 2899 680 2965 udaais
692 2897 712 2964 J
715 2899 839 2974 udaaus,
852 2898 900 2966 his
912 2898 967 2987 qui
979 2901 1038 2964 sub
1053 2897 1121 2989 lege

77 3025 216 3089 nerant,
232 3013 319 3099 quasi
335 3012 393 3078 sub
411 3009 519 3099 lege⁴‚
537 3022 595 3076 »et
610 3021 722 3076 oaetern
742 3032 749 3073 :
768 3008 917 3095 dicatque
936 3031 944 3072 a
961 3037 974 3068 ι
989 3008 1120 3076 Vineam

75 3144 190 3190 meam
205 3144 268 3186 non
279 3119 447 3186 custodivi.
460 3147 472 3179 ι
491 3118 613 3184 Deinde
626 3117 780 3206 conspicit
795 3135 968 3206 sponsum,
984 3116 1037 3204 qui
1050 3139 1124 3182 con-

76 3242 214 3322 spectus
229 3228 380 3296 abscedit.
398 3227 438 3292 Et
451 3227 632 3315 frequenter
650 3226 712 3292 hoc
728 3227 760 3290 in
779 3236 848 3289 toto
863 3225 1005 3291 carmine
1022 3225 1096 3291 facit
1115 3250 1122 3289 :

82 3338 248 3428 quodnisi
269 3337 339 3426 quis
354 3337 424 3426 ipse·
434 3336 590 3424 patiatur,
607 3357 670 3400 non
688 3345 792 3422 potest
809 3331 995 3422 intelligere.
1015 3333 1124 3422 Saepe,

81 3450 171 3517 Deus
190 3447 279 3514 testis
297 3456 362 3522 est,
379 3467 530 3534 sponsum
546 3443 624 3510 mibi
642 3443 811 3510 adventare
828 3442 995 3531 conspexi,
1010 3455 1042 3508 et
1061 3463 1127 3508 me·

77 3579 246 3624 comesse
262 3579 357 3644 quam
372 3552 546 3643 plurimum
562 3577 570 3617 :
584 3576 647 3641 quo
660 3552 765 3618 subito
779 3550 968 3626 recedente,
986 3550 1126 3618 inveniro¹

75 3689 150 3733 non
167 3664 257 3754 potui
272 3663 358 3752 quod
373 3663 564 3752 quaerebam.
580 3662 699 3728 Rursus
715 3660 810 3748 igitur
828 3659 972 3736 desidero
988 3659 1056 3744 ejus
1075 3658 1129 3723 asl-

74 3787 237 3849 ventum‚
250 3783 282 3838 et
296 3793 525 3858 nonnunquam
537 3770 653 3835 iterum
671 3767 752 3834 teuit
767 3791 774 3832 ι
790 3779 822 3832 et
838 3790 912 3832 cum
926 3767 1126 3854 apparuerit,

121 3913 1081 3976 ¹ltom.xr‚11.—²Cnnt.r‚6.-¹lbid.-⁴1Cor.rx‚au‚at,2a.
