2604 4614
248 329 280 372 uo
306 327 468 372 clumcou
494 325 699 372 coumconou
721 328 793 372 uon.
821 330 842 370 1.
1003 306 1067 370 525

49 477 110 522 nam
121 463 266 542 ,muctam
287 452 471 519 haercditoto
482 452 660 541 possideas,
677 465 710 517 et
725 454 791 543 apis
805 453 863 520 tibi
878 455 1068 543 prophetet,

49 572 79 624 cl
93 557 149 646 apis
168 568 200 622 tc
221 556 363 645 judicet,
383 557 532 622 Debbora
552 557 668 647 quippe
685 559 750 647 apis
772 558 1017 647 intorpretatur,
1035 571 1072 624 ut

51 667 140 756 possis
153 678 182 731 ot
194 662 273 730 illud
290 687 439 741 carmen,
455 665 543 754 quod
557 664 589 730 in
609 663 691 731 libro
708 665 860 732 «Indicum
876 665 1070 744 continetur,

51 773 193 842 odicoro¹.
206 773 254 840 lld
262 796 434 863 regnorum
441 772 745 864 doincopsvolumcn
760 774 932 842 ascondons
948 775 1019 842 voni
1032 775 1073 842 ad

52 884 197 951 conlisum
209 882 337 970 quando
350 881 453 948 David
467 881 546 971 sugit
559 877 599 947 dc
614 883 761 949 munibus
778 883 922 950 omnium
932 883 1076 950 inimico-

52 1013 117 1056 rum
133 1009 258 1054 suorum
273 1000 306 1053 ot
327 989 367 1054 dc
380 1011 478 1054 mauu
497 986 590 1064 saul,
607 1000 639 1053 ct
654 988 775 1054 dixitzs
792 989 946 1056 Dominus
965 988 1075 1055 lisma-

50 1110 206 1164 »mcntum
217 1113 344 1172 mcum,
357 1108 389 1161 ot
400 1095 553 1162 fortitudo
565 1117 635 1164 mon
648 1108 681 1162 ct
695 1095 852 1187 refugium
866 1121 975 1164 mcum
989 1111 1022 1164 ot
1037 1095 1079 1164 li·

52 1207 194 1272 sborotor
203 1222 295 1270 mous
304 1203 330 1270 ².
345 1203 617 1270 »perveniendum
626 1204 683 1269 tihi
695 1217 744 1270 cst
754 1205 794 1270 ad
802 1206 945 1283 Esaiam,
961 1218 1080 1274 uocum

56 1313 105 1380 illo
119 1313 202 1380 dicas
223 1337 232 1377 ε
252 1305 424 1378 «Contaho
444 1312 606 1378 canticum
625 1310 741 1378 dilecto
762 1313 861 1379 vincae
887 1314 998 1380 mosol.
1013 1341 1026 1376 s
1041 1317 1082 1382 Et

57 1445 126 1490 oum
145 1422 289 1489 univorsa
308 1421 487 1497 transieris,-
504 1421 545 1486 nd
568 1419 678 1488 altiora
697 1423 903 1499 conscendo,
925 1430 960 1488 ut
984 1421 1084 1513 possis

61 1532 156 1598 anima
170 1529 285 1596 decora
302 1552 377 1596 cum
393 1541 528 1618 sponso,
544 1541 577 1594 ct
591 1527 655 1595 hoc
668 1551 784 1596 cancro
803 1529 964 1597 canticum
983 1531 1086 1598 canti-

58 1661 168 1706 oorum·
187 1637 253 1705 Sod
265 1649 344 1726 quot
360 1656 399 1702 ox
413 1637 556 1726 personis
571 1643 712 1713 constet,
728 1638 868 1712 incertus
881 1656 961 1704 sum.
981 1637 1086 1707 oran-

57 1748 131 1814 tibus
149 1758 256 1812 autom
274 1745 383 1823 vobis,
399 1756 432 1809 ot
446 1741 605 1810 revolante
624 1743 781 1822 Domino,
801 1753 937 1834 quatuor
956 1745 1035 1814 mihi
1053 1747 1087 1814 in

50 1855 94 1922 his
115 1856 226 1921 videor
252 1853 407 1919 invenisse
430 1873 606 1943 personas,
628 1854 733 1920 virum
757 1863 790 1919 ct
812 1873 984 1944 sponsam,
1011 1877 1087 1925 cum

47 1985 160 2056 sponsa
175 1961 449 2038 adolescentulas,
472 1983 547 2029 cum
563 1981 678 2050 sponso
699 1961 854 2030 sodalium
876 1983 995 2054 greges.
1019 1963 1088 2034 Alia

49 2074 199 2141 dicuntur
222 2094 388 2161 aspousa,
411 2069 470 2136 alia
487 2095 505 2136 a
527 2092 662 2159 sponso,
687 2070 839 2138 nonnulla
859 2073 1089 2161 ajuvouculis,

51 2181 194 2272 quodam
215 2203 233 2246 n
259 2179 421 2247 sodalibus
443 2177 560 2267 spousi.
588 2177 774 2266 Congouum
795 2180 915 2270 quippo
936 2194 985 2247 ost
1004 2191 1038 2247 ut
1056 2184 1089 2249 in

51 2290 170 2378 nuptiis
194 2285 504 2354 adolescentularum
524 2283 563 2351 sit
588 2284 763 2352 multitudo
786 2305 861 2353 cum
883 2307 1015 2376 sponsa,
1039 2289 1089 2379 ju·

54 2416 167 2460 vonum
181 2393 277 2458 turba
295 2415 370 2458 cum
387 2414 513 2481 sponso.
539 2391 615 2456 llaec
630 2391 737 2456 omnia
757 2389 823 2457 noli
839 2391 913 2460 loris
930 2413 1090 2483 quaercro,

46 2501 114 2570 noli
126 2514 282 2568 extrusos
294 2499 585 2590 quipraedicntionc
596 2497 873 2588 Evangeliisalvnti
886 2510 970 2567 sunt.
987 2503 1093 2571 Chiis—

44 2625 117 2679 tum
132 2633 287 2699 sponsum
303 2605 461 2697 intelligo,
478 2605 655 2673 Ecclesiam
668 2629 817 2696 sponsam
835 2608 903 2674 sinc
917 2610 1043 2678 maculo
1058 2627 1092 2680 ct
1111 2663 1112 2666 η

41 2745 143 2811 ruga,
166 2719 206 2784 dc
222 2740 284 2806 qun
299 2717 455 2805 scriptum
471 2725 519 2779 cst
536 2736 544 2779 ε
562 2741 575 2775 a
590 2713 632 2780 Ut
649 2714 812 2781 exhiberet
837 2714 897 2783 sibi
920 2717 1090 2808 gloriosum

39 2827 225 2897 Ecclesiam
236 2844 302 2891 uon
317 2824 489 2891 habentem
505 2820 683 2898 maculam,
701 2845 804 2910 nequo
816 2841 944 2914 rugam,
962 2839 1016 2893 aut
1031 2828 1090 2896 ali.
1106 2888 1108 2895 ,

38 2939 122 3030 qnid
140 2957 278 3012 corum,
303 2934 358 3000 sod
374 2945 410 2999 ul
426 2934 467 2998 sit
482 2941 640 3002 sanctuni
659 2931 893 3000 immaculatos‘.
910 2937 998 3002 »Eos
1016 2935 1090 3005 voro

35 3049 97 3137 qui
123 3068 204 3112 cum
228 3042 291 3108 sint
311 3039 444 3116 lidclcs,
465 3057 532 3106 non
555 3051 629 3105 sunt
650 3049 757 3106 tomen
782 3035 959 3111 istiusmodi
981 3043 1090 3134 quoles

34 3177 154 3224 sermo
170 3151 317 3241 praelatus
327 3161 395 3225 cst,
412 3147 468 3214 scd
482 3147 572 3235 juxta
586 3147 719 3212 modum
731 3149 902 3235 quomdam
919 3151 1024 3242 adepti
1041 3155 1089 3220 vi-

34 3265 168 3332 dentur
183 3257 337 3334 sulutem,
351 3254 566 3322 animadverto
578 3255 778 3321 credentium
790 3257 910 3324 animas
924 3272 956 3325 ot
972 3260 1091 3328 adoles-

34 3370 194 3444 scutulas
203 3388 272 3437 osso
287 3387 362 3435 cum
373 3381 498 3457 sponsa.
518 3363 655 3454 Angelos
664 3387 740 3431 voro
750 3414 759 3443 ,
771 3379 803 3432 ct
813 3389 867 3433 cos
879 3371 932 3456 qui
941 3394 1091 3459 pervene-

28 3493 124 3550 runt
143 3479 299 3546 invirum
316 3475 511 3566 perlectum,
531 3471 670 3562 intelligo
689 3472 771 3540 viros
786 3491 854 3540 csso
873 3499 947 3546 cum
962 3504 1088 3570 sponso.

25 3592 126 3661 lndc
144 3588 244 3678 igitur
255 3585 334 3652 mihi
351 3585 497 3651 videntur
512 3594 649 3671 quatuor
659 3583 785 3650 ordines
795 3634 805 3661 ,
817 3606 917 3652 unum
931 3600 964 3654 ct
978 3612 1093 3668 uuam,

26 3703 131 3769 duos
145 3697 267 3764 choros
281 3695 364 3761 inter
379 3717 413 3759 sc
428 3693 650 3770 concinentes,
667 3715 815 3782 sponsam
829 3718 944 3762 cancre
955 3721 1030 3766 oum
1041 3701 1096 3788 ju⁴

21 3803 220 3881 vcnculis,
236 3805 387 3894 sponsum
396 3821 510 3869 canoro
526 3823 600 3868 oum
612 3801 714 3868 sociis.
730 3803 771 3870 Et
782 3823 856 3870 oum
863 3803 926 3872 hoc
937 3803 1096 3878 intellexe-

66 3955 80 3991 ι
95 3949 320 4009 Juffi0‚v.-²2
336 3955 397 4019 neg.
408 3943 650 4016 nu,2.-⁸1ui.
669 3947 989 4026 v,1.-⁴Ephss.v,27.
