2660 4610
206 318 271 403 *⁷²9⁰
635 331 776 378 erramus

177 505 180 513 -
204 471 237 526 et
251 457 357 524 adhue
372 457 514 544 loquenti
529 455 589 522 sibi
605 456 782 545 prestitum
802 454 890 542 quod
904 455 1033 531 mahat,
1048 477 1087 521 ae
1099 455 1174 520 data
1189 455 1248 519 sill

205 567 244 636 alt
264 564 463 654 ipsooscule
485 587 554 651 quae
569 574 777 652 poposcerat,
798 561 870 628 laeta
889 581 949 651 pro
970 562 1036 629 hoo
1058 561 1203 635 reddita,
1218 573 1249 626 et

204 675 320 740 decoro
336 673 491 747 uberum,
509 695 547 737 ac
567 669 746 760 fragrantiae
763 671 860 759 ipsius
874 671 974 736 odoro
988 681 1158 758 permota,
1174 690 1250 756 pro-

203 782 312 870 positae
326 779 476 845 orationis
491 800 672 846 sermonem
692 778 853 849 convertit
864 777 906 844 ad
918 778 1125 866 presentiam
1143 776 1249 864 sponsi

203 889 258 976 qui
269 888 378 954 aderat
391 909 399 950 ε
414 897 447 950 et
457 871 677 952 cum'dixisset
690 908 699 950 ε
726 913 739 947 r
752 883 925 952 Osculetur
937 909 991 952 me
1003 885 1044 950 sb
1059 883 1177 950 osculo
1192 884 1249 948 oris

203 995 316 1070 »suia
337 994 500 1084 subjungit
512 1004 585 1081 post
599 991 670 1058 hoec
685 992 726 1058 ad
745 1003 933 1082 presentem
948 995 1015 1081 jem
1031 1015 1193 1080 sponsum
1205 991 1248 1056 di-

204 1125 300 1172 cens=
319 1102 430 1166 rBons
446 1101 711 1188 uberatuasuper
725 1101 854 1176 vinum,
867 1112 900 1165 et
915 1100 995 1166 odor
1007 1111 1248 1188 unguentorum
1322 1105 1324 1110 ’

208 1221 362 1274 »tuorum
384 1207 798 1296 supereminemus·
824 1208 901 1274 llaec
919 1208 1051 1273 interim
1073 1206 1246 1272 seeundum

204 1315 388 1384 historicam
404 1313 645 1403 intelligentiam
661 1363 669 1389 ‚
685 1337 782 1401 quam
802 1314 952 1380 dramatis
967 1315 1001 1378 in
1016 1314 1161 1380 modum
1175 1334 1246 1401 pre·

205 1423 341 1490 diximus
349 1432 479 1492 tertam.
488 1423 580 1494 Nune
587 1443 662 1488 vero
672 1421 751 1508 quid
765 1420 944 1488 intellectus
957 1422 1096 1486 interior
1115 1421 1243 1495 habeut,

204 1531 413 1617 requiramus.
431 1529 568 1596 Diversis
580 1527 742 1598 vocabulis
749 1527 924 1619 principale
936 1529 1044 1595 cordis
1058 1527 1243 1618 appellarim

204 1633 378 1723 Scripturis
393 1633 507 1700 divinis
523 1633 723 1709 invenimus,
740 1657 811 1722 quae
830 1631 983 1700 vocabula
998 1656 1062 1722 pro
1075 1635 1195 1710 causis,
1209 1655 1240 1698 sc

205 1739 300 1808 rebus
317 1738 357 1804 de
371 1738 486 1825 quibus
500 1738 604 1826 agitur
616 1737 716 1827 aptari
728 1737 841 1804 solent.
857 1738 1025 1804 lntcrdum
1039 1737 1238 1804 enimcordi

207 1847 368 1921 citur,ut:
385 1845 493 1912 «Beati
508 1844 629 1910 mundo
638 1844 768 1921 corde¹‚
779 1858 828 1912 et:
843 1845 1230 1932 Cordecredituradjusti-

209 1949 364 2020 »tiam².»
381 1950 415 2016 Si
431 1972 505 2016 vero
520 1949 655 2016 convivii
671 1960 797 2040 tempus
809 1951 866 2025 sit,
881 1973 941 2040 pro
956 1951 1118 2039 specie.et
1129 1949 1224 2014 ordine

209 2057 502 2132 discumbentium,
525 2055 575 2123 vel
599 2058 707 2134 sinus,
733 2056 782 2122 vel
804 2069 916 2147 pectus
939 2057 1138 2148 appellatur:
1158 2058 1224 2122 sicut

208 2166 346 2232 Joonnos
375 2165 407 2230 in
430 2164 600 2253 Evangelio
626 2166 724 2232 refert
747 2167 787 2233 de
810 2167 948 2254 quodem
972 2165 1132 2255 discipulo
1151 2187 1229 2253 quern

210 2275 336 2342 amabat
350 2273 444 2338 lesus
455 2322 463 2349 ,
476 2274 563 2360 quod
577 2274 611 2339 in
630 2273 700 2338 sinu
717 2275 788 2361 ejus
809 2272 857 2340 vel
875 2289 971 2362 'supra
991 2287 1108 2362 pectus
1121 2275 1233 2361 ejusve·

209 2383 396 2449 cumberet:
413 2379 466 2450 ille
481 2381 624 2470 prolecto
640 2383 691 2447 oui
700 2382 835 2450 innuens
847 2383 958 2450 Simon
972 2383 1092 2452 Petrus
1105 2381 1240 2448 diceba:

217 2490 402 2578 «Interroga
417 2489 488 2577 quis
501 2488 556 2555 hic
570 2489 610 2553 de
625 2512 688 2576 quo
704 2489 838 2555 dicit⁸.s
859 2489 934 2588 Post
948 2489 1018 2555 haeo
1034 2511 1116 2556 vero
1133 2511 1244 2556 recum

211 2599 290 2664 heus
301 2619 397 2684 super
410 2603 522 2684 pectus
532 2596 628 2672 lesu,
643 2597 720 2668 dicit
735 2597 784 2664 ei:
806 2598 983 2673 «Dourine,
1000 2598 1075 2685 quis
1085 2598 1156 2663 ost*
1167 2598 1202 2662 l»
1215 2597 1247 2662 ln

210 2705 258 2777 his
273 2707 359 2772 enim
372 2717 497 2770 eertum
511 2703 656 2793 estquod
670 2705 811 2771 loannes
825 2705 857 2771 in
873 2703 1040 2793 principali
1053 2706 1166 2772 cordis
1179 2704 1250 2772 teu

210 2825 306 2902 atque
318 2813 351 2878 in
367 2812 497 2880 internis
511 2813 663 2878 doctrinae
674 2813 744 2899 ejus
756 2812 899 2886 sensibus
910 2813 1104 2900 requievisse
1114 2813 1250 2886 dicatur,

212 2921 255 2986 ibi
268 2920 430 3007 requirens
444 2930 477 2984 et
490 2931 694 3007 perscrutans
710 2918 875 2986 thesauros
886 2921 1048 3009 sapientias
1065 2933 1100 2986 et
1117 2921 1253 2990 scientie

212 3028 267 3115 qul
283 3027 438 3094 reconditi
454 3037 544 3092 erant
556 3027 589 3092 in
606 3026 735 3093 Christo
750 3027 839 3094 lesu.
858 3028 922 3094 sed
937 3028 1024 3114 quod
1040 3027 1252 3096 sinusChriui

213 3136 247 3202 in
269 3134 341 3200 loco
362 3133 545 3221 dogmatum
575 3145 757 3200 sanctorum
783 3134 977 3222 sucipiaurr,
1002 3147 1083 3222 puto
1105 3136 1256 3202 indecem

214 3263 279 3308 non
306 3241 417 3306 videri.
441 3242 578 3312 Diversls
597 3265 673 3332 ergo
695 3241 824 3316 modis,
849 3252 883 3306 ut
903 3242 1010 3308 dicere
1033 3263 1254 3331 caperemus,

214 3346 387 3437 principale
403 3349 507 3414 cordis
524 3349 557 3414 in
578 3348 748 3436 Scripturis
764 3349 883 3414 sanctis
900 3349 1107 3437 designatur,
1128 3352 1213 3416 sicut
1227 3361 1256 3414 et

214 3458 247 3524 in
270 3456 410 3522 Levitico
434 3455 678 3532 nihilominus‘‚
698 3457 754 3522 ubi
777 3456 816 3521 de
842 3455 1005 3524 sacrificiis
1032 3456 1256 3546 pectusculum

216 3564 421 3653 separationis
432 3613 440 3640 ‚
453 3575 486 3628 et
496 3563 664 3630 brachium
681 3565 900 3630 sacerdotibus
919 3576 1159 3651 sequestratur:
1177 3577 1209 3630 et
1226 3564 1255 3628 in

149 3698 165 3706 ·’
216 3672 279 3741 ltoc
292 3682 524 3759 sequestratum
539 3694 578 3737 ac
592 3683 770 3760 separatum
788 3669 1007 3761 poctnmulum
1018 3685 1052 3738 et
1065 3673 1255 3744 brachium.

253 3839 360 3889 1Μειιὶι.
381 3856 412 3898 v,
431 3838 456 3889 8.
466 3865 496 3873 --
507 3841 519 3875 ²
529 3841 601 3890 llorn.
621 3856 651 3902 x,
677 3857 714 3888 ro.
727 3866 757 3874 —
769 3835 778 3868 ⁸
788 3841 862 3891 Joau.
882 3855 947 3898 1111,
968 3843 1009 3904 24.
1020 3865 1050 3874 —
1063 3836 1149 3889 'lbid.
1172 3839 1213 3891 25.
1224 3863 1253 3874 ·-

218 3929 315 3977 lteris.
327 3946 371 3976 vn.
