2660 4610
285 295 317 337 ur
341 291 504 337 canrrcou
527 292 731 336 corrrconou
754 295 814 336 un.
843 296 875 337 u.
1039 276 1103 353 455

70 439 218 506 sponsam
229 439 298 502 quse
309 437 384 481 cum
394 438 433 480 eo
448 425 577 502 regnet,
591 414 766 480 seeundum
776 417 861 503 quod
870 418 1022 506 seriptum
1035 433 1102 486 est:

80 526 210 592 adstitit
220 525 350 610 reginae
362 521 477 587 dextris
489 521 550 584 tuis
563 522 595 586 in
612 523 723 587 vestitu
741 523 892 588 deaurato
906 522 927 588 ¹.
941 551 954 584 r
975 527 1049 591 llaec
1061 528 1069 590 i
1075 551 1107 591 n-

74 633 167 698 terim
182 631 321 698 continet
337 629 486 694 dramatis
498 628 594 716 ipsius
607 629 661 716 qui
673 641 719 694 est
730 631 819 715 quasi
831 629 999 698 historicus
1014 636 1102 700 ordo.

123 740 214 806 Nune
240 749 345 804 autem
370 736 566 822 requiramus
586 735 824 824 intelligentiam
851 739 1048 826 mysticam:
1076 755 1109 806 et

76 847 102 912 si
130 857 253 934 oportet
278 845 451 933 praevenire
479 841 645 932 paululum
667 867 703 908 ea
731 867 800 931 quae
823 846 855 910 in
883 851 1108 933 posterioribus

75 953 239 1018 reserenda
258 964 351 1026 sunt,
374 974 438 1039 quo
455 951 525 1037 quis
546 949 679 1018 allectus
696 951 735 1016 sit
752 951 867 1017 horum
883 953 1037 1022 sodalium
1052 981 1110 1046 po·
1176 1005 1178 1010 -

74 1071 161 1134 teat,
188 1081 404 1126 memoremus
427 1056 507 1124 illud
530 1058 616 1145 quod
635 1059 878 1146 scriptumest:
902 1063 976 1149 quia
995 1065 1111 1152 reginas
1178 1120 1179 1123 ,

73 1179 147 1233 sunt
162 1167 338 1255 sexaginta,
355 1167 411 1232 sed
422 1189 461 1232 ex
474 1166 523 1263 bis
536 1165 683 1232 omuibus
696 1189 758 1232 una
771 1166 810 1231 sit
823 1166 990 1247 columba,
1003 1185 1035 1236 et
1047 1197 1108 1240 uua

74 1276 234 1367 perlecta,
258 1297 296 1341 ec
314 1274 471 1363 particeps
488 1273 576 1361 regni
597 1296 604 1338 :
628 1284 749 1338 caeterae
766 1298 841 1338 vero
861 1276 926 1362 jam
948 1275 1111 1345 inferiores

76 1398 149 1449 sunt
163 1405 233 1470 quaa
247 1383 407 1471 octoginta
423 1379 620 1468 appellantur
638 1382 825 1448 concubinae
845 1407 852 1447 :
871 1384 1112 1454 adolescentula.

76 1515 151 1558 vero
169 1514 306 1579 quarum
325 1513 477 1586 uumerus
494 1488 600 1554 nullus
617 1503 680 1566 est,
700 1503 771 1579 post
791 1491 934 1557 ordinem
958 1496 1112 1561 concubi-

79 1623 192 1664 narum
201 1611 372 1687 ponuntur.
383 1597 454 1663 lstae
466 1608 572 1663 autem
584 1619 694 1664 omues
707 1598 891 1664 differentiae
898 1623 1009 1667 eorum
1021 1615 1110 1679 sunt,

82 1707 139 1794 qui
157 1707 189 1770 in
208 1706 332 1772 Cbristo
347 1705 530 1780 credentes,
554 1705 683 1772 diversis
701 1706 734 1770 ei'
745 1706 912 1772 affectibus
926 1711 1130 1777 sociantura.

37 1867 40 1880 .
81 1825 118 1878 ut
130 1814 213 1878 verbi
225 1815 322 1901 gratia
332 1813 491 1888 dicamus,
505 1835 633 1877 omnem
642 1812 809 1879 ecelesiam
820 1839 877 1903 per
888 1815 1023 1905 aliquam
1036 1819 1114 1908 ligu-

75 1943 147 1986 ram
164 1943 278 2009 corpus
292 1943 360 1986 esse
378 1919 512 1994 Christi,
531 1917 699 2007 Apostolus
717 1921 795 1986 dicit
818 1945 826 1986 ε
847 1923 880 1986 in
897 1947 962 2012 quo
979 1949 1113 2014 corpore

73 2029 200 2094 diversa
216 2051 284 2096 esse
300 2029 444 2092 membra
461 2027 670 2114 pronunciat,
693 2040 726 2092 et
746 2026 823 2093 alios
840 2052 909 2094 esse
931 2031 1059 2110 oculos,
1081 2047 1114 2099 et

73 2135 156 2202 alios
177 2159 308 2211 manus,
332 2134 408 2202 alios
428 2135 523 2200 etium
541 2134 656 2221 pedes,
677 2146 710 2198 et
729 2134 867 2223 singulos
882 2161 940 2225 pro
960 2163 1111 2226 operum,

72 2245 319 2330 studiorumque
341 2265 471 2307 suorum
493 2241 612 2304 meritis
634 2241 667 2303 in
689 2243 830 2305 membra
854 2246 994 2330 corporis
1018 2248 1113 2334 hujus

73 2351 189 2440 aptari.
209 2349 393 2416 Secundum
411 2349 494 2412 hanc
513 2369 588 2436 ergo
611 2347 748 2434 speciem
769 2360 801 2412 et
821 2347 889 2413 baec
910 2351 1113 2441 intelligendu

71 2471 153 2524 suut
167 2482 175 2523 :
189 2469 222 2523 et
236 2456 311 2524 alias
323 2455 452 2544 quidem
464 2454 583 2520 animas
598 2455 776 2541 putandum
790 2467 837 2518 est
852 2455 884 2520 iu
900 2457 962 2522 hoc
977 2460 1113 2547 sponsali

67 2569 222 2634 dramate
244 2587 314 2650 quae
334 2559 604 2650 magnificentiora
628 2561 743 2625 ellectu
766 2583 881 2649 sponso
907 2576 1001 2652 atque
1025 2565 1107 2631 illus-

67 2672 177 2736 triore
199 2668 371 2742 sociantur,
393 2665 475 2753 apud
489 2686 563 2728 eum
580 2664 760 2751 reginarum
779 2664 851 2731 loeo
870 2679 902 2730 et
922 2669 1037 2733 affectu
1056 2673 1115 2737 ha—

62 2780 144 2845 beri
167 2775 271 2842 :alias
295 2796 428 2862 quarum
451 2771 580 2838 inferior
601 2772 667 2836 siue
690 2772 788 2837 dubio
811 2775 843 2838 in
866 2775 1060 2862 profectibus
1082 2792 1115 2844 et

63 2885 250 2952 virtutibus
272 2881 376 2947 honor
396 2891 462 2954 est,
487 2878 739 2944 concubinarum
759 2878 831 2944 loco
853 2881 926 2945 duci
953 2895 1017 2950 :et
1040 2884 1115 2950 alias

61 2987 467 3075 adolescentularumquae
479 2985 624 3050 videntur
635 2998 722 3050 extra
735 2984 837 3050 aulam
850 2987 978 3073 quidem
991 2994 1112 3077 posite,

57 3125 141 3169 non
167 3111 273 3163 tamen
291 3106 380 3160 extra
396 3095 508 3158 urbem
529 3093 673 3178 regiam:
692 3093 880 3179 posteriores
899 3117 973 3159 vero
992 3111 1115 3187 etpost

57 3227 273 3292 omnesquae
289 3227 382 3292 supra
398 3211 579 3266 memoratae
591 3211 680 3274 sunt,
696 3223 763 3264 esse
779 3223 831 3264 eas
843 3224 913 3288 quae
926 3225 998 3267 oves
1011 3208 1115 3295 appel-

54 3315 199 3380 lantur.
211 3312 242 3376 Si
252 3333 327 3376 vero
339 3307 563 3397 perspiciamus
577 3306 741 3382 attentius,
756 3307 861 3372 adhuc
870 3308 1007 3375 fortassis
1020 3315 1115 3380 etiam

55 3424 199 3490 harum
218 3417 359 3482 omnium
374 3413 550 3478 invenimus
565 3412 727 3477 inferiores
744 3411 836 3488 alias,
857 3426 889 3479 et
904 3414 1029 3484 ultimas
1049 3444 1116 3486 oru-

51 3531 171 3596 nium
192 3524 286 3597 :illas
303 3522 423 3588 scilieet
441 3543 511 3607 quse
525 3520 558 3583 in
575 3513 731 3583 sodalium
748 3521 816 3606 ejus
835 3523 981 3610 gregibus
1001 3549 1114 3592 nume-

48 3648 204 3704 rantur.
227 3633 267 3698 Et
284 3631 342 3720 ipsi
361 3629 446 3694 euim
464 3628 581 3692 babere
601 3649 709 3716 greges
730 3627 884 3714 quosdam
905 3630 1066 3708 dicuutur,
1085 3636 1116 3700 in

46 3767 160 3836 quos
185 3763 251 3804 nou
272 3737 339 3804 vult
359 3759 471 3824 sponsa
493 3735 676 3838 incurrere,
694 3747 725 3799 et
742 3738 785 3800 ob
798 3735 861 3800 hoc
876 3739 954 3824 petit
972 3762 986 3802 a
1003 3762 1118 3827 sponso

95 3881 108 3915 ¹
123 3880 229 3932 Psalm.
242 3894 300 3937 xcv,
310 3894 334 3941 9.
346 3871 394 3912 -2
411 3891 418 3922 r
435 3873 492 3932 Cor.
502 3891 547 3920 ιιι.
