2744 4600
254 265 317 328 558
696 283 841 328 osrasnrs

295 403 332 468 v.
349 406 495 492 lucrcpat
512 416 617 468 temen
634 403 771 491 Moyses,
784 415 816 468 et
830 405 906 468 dicit
917 404 957 467 ad
970 401 1052 468 lilios
1062 402 1190 478 Ruben,
1204 417 1237 466 ct
1248 404 1289 468 ad

252 511 333 578 lilios
353 513 444 578 Gadt
459 514 610 578 «Fratres
627 516 720 578 vestri
737 526 869 603 pergent
884 513 925 578 ad
940 513 1099 601 praelium,
1118 525 1150 578 ct
1168 537 1224 577 vos
1239 537 1290 578 se—

253 621 393 688 rdebitis
413 622 489 687 bie?
509 623 549 686 Et
570 645 668 709 quare
689 624 867 710 pervertitis
889 623 985 688 corda
1011 620 1150 687 liliorum
1178 622 1288 697 lsrael,

252 760 265 792 a
282 743 317 794 ut
333 754 398 796 non
419 743 579 796 transeant
595 733 626 796 in
645 744 761 798 terram
775 757 870 821 quam
883 733 1038 797 Dominus
1050 733 1103 798 dat
1117 733 1181 796 eis¹
1194 733 1234 796 Ρ»
1252 735 1289 797 Et

251 862 324 904 oum
340 841 547 928 increpuisset
569 865 624 906 eos
646 841 831 929 hujusmodi
849 844 963 917 verbis,
975 868 988 902 ι
1000 855 1220 918 accesserunt,
1236 846 1289 907 in-

250 950 362 1033 spuit,
382 949 422 1014 ad
437 971 512 1015 eum
526 949 571 1014 lili
585 950 712 1026 Ruben‚
729 963 762 1017 et
778 950 834 1016 filii
850 950 933 1026 Gad,
946 962 977 1016 ct
994 951 1167 1016 dicebaut:
1187 951 1290 1016 Ovilia

251 1059 388 1124 »ovibus
405 1059 630 1125 fabricabimus
644 1060 711 1135 hic,
727 1074 759 1126 et
773 1062 956 1149 pecoribus,
973 1073 1005 1124 et
1021 1061 1167 1124 civitates
1185 1062 1289 1148 impe-

249 1167 424 1233 adimentis
444 1169 572 1242 nostris,
590 1180 623 1232 et
638 1191 695 1233 uos
714 1170 827 1236 armati
850 1170 951 1256 prima
972 1179 1075 1232 turma
1096 1169 1287 1232 incedemus

249 1305 261 1338 ι
277 1287 350 1342 ante
365 1277 447 1343 filios
462 1275 572 1351 lsrael,
591 1299 756 1365 usquequo
772 1279 984 1366 perducamus
999 1276 1101 1349 eosin
1122 1300 1219 1356 suum
1242 1277 1290 1341 lo·

249 1408 349 1451 scum
360 1386 381 1450 ².
397 1387 460 1451 »Et
481 1384 550 1451 base
570 1386 805 1473 promittentes,
828 1386 1052 1474 mitigaverunt
1072 1371 1220 1473 Moysen,
1250 1387 1291 1451 its

248 1508 284 1562 ut
296 1498 361 1586 ipse
372 1521 426 1563 eos
442 1496 683 1563 commendaret
698 1497 774 1562 lesu
790 1508 823 1561 et
840 1495 1000 1562 Eleazaro.
1024 1496 1070 1560 lta
1086 1496 1173 1560 euim
1191 1497 1293 1584 scrip-

247 1618 316 1674 tum
327 1617 375 1671 est
392 1607 478 1670 :rEt
492 1604 637 1669 adhibuit
655 1603 724 1670 illos
737 1603 864 1691 Moyses
880 1603 920 1668 ad
935 1603 1123 1668 Eleazarum
1141 1605 1293 1668 sacerdo

248 1726 355 1790 rtem,
369 1725 403 1777 et
417 1713 529 1780 «lesum
543 1712 644 1777 lilium
667 1713 764 1788 Nave,
782 1726 815 1778 et
837 1713 997 1802 principes
1018 1710 1212 1776 familiarum
1241 1715 1295 1777 tri-

248 1850 261 1883 »
276 1824 378 1887 buum
390 1820 497 1888 lsrael.
510 1823 549 1886 Et
558 1821 710 1888 situdeos
718 1822 842 1910 Moyses
853 1846 861 1886 ι
871 1822 904 1888 Si
915 1823 1097 1888 transierint
1105 1817 1291 1886 liliiRubeu

249 1959 263 1994 ι
274 1943 307 1994 et
318 1929 375 1995 filii
387 1929 456 1995 Gad
469 1932 633 1998 vobiscum
645 1931 930 1998 Jorduuemomnis
943 1929 1292 2019 armatusadpraelium

192 2099 195 2106 ,
250 2067 263 2101 ι
278 2061 386 2104 coram
398 2039 547 2115 Domino,
557 2052 589 2106 et
601 2041 800 2106 obtinueritis
811 2054 927 2106 terram
936 2041 968 2104 in
977 2052 1155 2128 conspectu
1168 2054 1291 2114 vestro,

250 2146 390 2213 »dabitis
409 2148 454 2212 eis
474 2160 592 2213 terram
608 2146 729 2214 Galaad
746 2149 778 2213 iu
801 2149 1030 2238 possessiouem
1041 2148 1064 2212 ⁸.
1079 2177 1092 2210 a
1108 2149 1221 2215 Terrae
1237 2171 1291 2215 uo·

249 2279 323 2322 meu
339 2257 371 2320 iu
388 2255 563 2344 scripturis
575 2256 686 2322 divinis
701 2257 840 2345 positum
856 2257 986 2322 (liversis
1001 2257 1295 2346 significationibus

251 2365 427 2430 invenimus
444 2386 452 2428 z
468 2378 501 2428 et
515 2365 619 2452 primo
636 2366 765 2451 quidem
781 2381 863 2431 terra
878 2365 948 2431 baee
963 2367 994 2431 iu
1012 2389 1073 2453 qus
1089 2366 1294 2444 habitamus,

250 2497 316 2540 uon
329 2497 369 2558 ex
383 2474 473 2538 initio
487 2485 572 2538 terra
588 2475 721 2540 vocitata
735 2488 795 2550 est,
808 2476 864 2540 sed
877 2476 983 2549 arida;
999 2487 1031 2540 et
1046 2487 1117 2564 post
1132 2477 1206 2542 haec
1224 2500 1296 2566 quas

247 2583 335 2672 prius
350 2583 431 2649 dicta
448 2583 550 2648 luerat
564 2584 664 2659 arida,
681 2596 763 2649 terra
780 2607 897 2649 nomeu
914 2587 1058 2673 aceepit:
1075 2587 1159 2652 sicut
1175 2601 1214 2652 et
1233 2611 1297 2654 coe—

247 2691 315 2758 lum
327 2692 412 2757 istud
425 2689 557 2766 visibile,
571 2715 634 2757 non
647 2693 686 2773 ab
699 2691 788 2758 initio
802 2691 918 2758 coelum
931 2694 1053 2758 dictum
1062 2705 1123 2769 est,
1133 2695 1194 2760 sed
1204 2699 1299 2784 prius

248 2801 496 2876 firmamentum,
515 2812 586 2889 post
601 2802 696 2866 etiam
712 2801 784 2867 eoeli
805 2801 960 2868 vocabulo
981 2814 1209 2892 nuncupatum
1233 2821 1299 2872 est.

249 2913 286 2976 lu
303 2910 458 2998 principio
474 2925 580 2976 tamen
597 2923 751 2976 creature
767 2910 883 2978 eoelum
898 2923 931 2976 et
944 2924 1064 2978 terram
1079 2913 1196 2980 secisse
1218 2917 1301 2982 dici·

249 3035 301 3085 tur
322 3020 420 3097 Deus,
444 3034 476 3086 et
500 3033 608 3110 postea
629 3021 763 3097 aridam,
781 3033 812 3087 et
827 3035 935 3110 postea
962 3022 1221 3092 firmamentum.
1242 3028 1305 3093 Vis

250 3140 357 3193 autem
373 3131 453 3195 scire
467 3131 539 3217 quia
557 3129 641 3194 aliud
658 3131 697 3196 sit
716 3132 748 3201 iu
766 3131 938 3220 scripturis
958 3134 1059 3209 arida,
1076 3133 1164 3198 aliud
1185 3140 1306 3202 terra?

251 3237 334 3302 Audi
353 3239 504 3326 Aggaeum
526 3239 715 3327 prophetam
742 3241 901 3306 dicentem
923 3266 930 3306 :
953 3241 1097 3308 «Adhuc
1118 3245 1241 3322 semel,
1269 3261 1307 3311 et

251 3375 263 3408 ι
277 3371 336 3436 ego
352 3349 487 3413 movebo
503 3348 621 3415 ooelum
632 3362 663 3414 et
676 3363 793 3415 terrum
806 3363 838 3415 et
852 3375 939 3418 mare
955 3365 987 3417 et
1000 3352 1120 3418 aridam
1132 3353 1154 3418 ⁴.
1173 3357 1310 3424 »Vides

251 3458 412 3546 quomodo
425 3456 582 3545 Propheta
595 3459 680 3526 uliud
691 3462 780 3548 punit
795 3474 912 3528 terram
928 3475 961 3528 ct
976 3462 1062 3528 alind
1073 3465 1216 3532 aridam.
1235 3469 1311 3534 sed

251 3581 284 3632 et
299 3568 331 3632 iu
347 3565 455 3631 multis
471 3566 641 3655 Scripturas
662 3569 739 3635 locis
760 3572 936 3637 invenimus
957 3583 1074 3637 terram
1097 3573 1313 3644 laudabile-m

254 3675 407 3742 nominari
421 3697 429 3737 t
444 3677 564 3741 aridam
582 3701 655 3742 vero
668 3702 732 3743 non
745 3678 835 3745 facile
848 3679 980 3769 legimus
990 3680 1190 3748 laudabilem
1204 3691 1311 3774 poni.

254 3785 330 3852 Nam
345 3795 377 3847 et
393 3784 495 3849 Adam
511 3785 542 3848 in
558 3785 644 3853 bunc
660 3787 768 3854 locum
784 3791 870 3877 quasi
892 3788 1058 3878 culpabilis
1082 3805 1154 3878 post
1175 3818 1319 3882 peeca-

283 3916 290 3948 ¹
305 3915 381 3965 Nalm.
395 3930 473 3971 xxxvi,
485 3913 509 3969 li,
522 3929 545 3975 7.
560 3941 589 3950 -
601 3913 611 3946 ²
625 3914 689 3964 lbid.
710 3919 746 3974 vll,
762 3935 796 3981 ¹7·
817 3943 843 3956 ι-
858 3917 867 3952 ⁵
882 3918 952 3966 lbid.
967 3918 1006 3974 28,
1020 3936 1057 3982 ²9·
1070 3949 1098 3956 —-
1113 3921 1122 3953 l
1139 3925 1204 3987 ign
1224 3943 1263 3982 ιι,
1285 3945 1313 3992 7.
