2744 4600
245 237 308 314 544
448 227 453 235 ’
689 253 831 298 enisurus

243 397 307 441 non
328 372 480 440 continuo
504 384 559 438 aut
587 369 745 458 culpando
769 386 824 438 out
843 370 1009 436 refutando
1028 383 1076 436 est
1097 371 1272 460 Scriptura,

243 507 313 572 quae
332 481 489 546 diffieilior
504 491 558 546 out
573 481 740 546 obscurior
755 482 794 547 ad
816 479 1058 570 intelligendum
1073 480 1213 559 ridetur,
1227 481 1274 547 rel

242 616 278 658 eu
295 593 458 658 continere
472 591 587 678 quibus
609 591 673 656 sive
692 592 846 678 incipiens
866 604 899 656 et
918 591 1081 679 parvulus,
1099 591 1166 656 sire
1186 591 1275 656 inlir·

242 701 325 766 mior
335 711 367 764 et
380 700 483 764 minus
495 699 536 763 od
547 697 750 787 intelligendu
765 700 871 764 omnia
882 698 1004 764 validus
1021 701 1065 764 uti
1081 723 1146 764 non
1160 712 1274 788 potest,

243 831 305 874 nec
318 806 455 872 conferri
470 807 529 872 sibi
545 830 583 871 err
599 808 635 871 iis
652 805 794 872 utilitatis
810 806 929 895 aliquid
949 809 1107 874 existimat
1121 822 1179 872 sut
1195 808 1278 874 sulu‘
1339 791 1345 802 ’

242 918 282 982 tis
295 939 303 980 ι
317 916 374 982 sed
392 916 593 982 considerare
614 917 723 991 debes,
747 917 820 1002 quia
842 897 925 983 sieut
945 941 1074 1006 serpens
1092 931 1125 982 et
1151 919 1232 992 oris.
1246 931 1277 984 et

226 1023 302 1090 'bos
313 1036 345 1089 et
356 1024 466 1099 homo,
478 1046 516 1089 oo
529 1023 663 1098 frenum,
677 1025 735 1091 Dei
751 1037 895 1091 crenturo
911 1039 985 1092 sunt
999 1029 1118 1103 omnio,
1129 1041 1164 1093 et
1180 1029 1278 1093 direr-

243 1134 317 1199 sitas
329 1134 386 1200 ista
398 1133 438 1198 od
450 1132 576 1199 laudem
588 1147 709 1223 spectat
721 1147 753 1200 et
765 1135 898 1224 gloriam
912 1137 1083 1214 Creatoris,
1092 1139 1182 1226 quod
1195 1162 1276 1204 com·

242 1253 402 1331 potentem
413 1254 445 1306 ot
457 1242 489 1307 in
503 1255 645 1330 tempore
659 1245 830 1330 unicuique
842 1267 955 1311 eorum
971 1271 1029 1336 pro
1044 1247 1162 1334 quibus
1173 1259 1272 1314 creata

242 1365 329 1427 sunt,
351 1350 398 1418 rol
419 1351 592 1438 proebeant,
610 1349 658 1416 vel
674 1353 799 1439 cupiant
816 1355 944 1428 cibum;
966 1356 1008 1420 itu
1027 1367 1060 1421 ot
1078 1355 1149 1420 lraeo
1171 1356 1276 1422 omnia

241 1485 311 1549 quae
328 1461 421 1528 verbs
436 1461 493 1525 Dei
512 1472 598 1534 sunt,
614 1473 646 1524 et
668 1461 701 1527 in
723 1463 838 1550 quibus
855 1463 996 1530 diversus
1010 1488 1072 1554 pro
1086 1477 1185 1553 coptu
1210 1467 1277 1530 eni·

242 1594 366 1638 morum
387 1571 476 1635 cibus
492 1583 553 1644 est,
574 1571 787 1658 unusquisque
803 1585 898 1659 prout
913 1595 1024 1638 sonum
1040 1596 1073 1638 se
1088 1584 1121 1638 et
1138 1571 1279 1638 validum

242 1681 337 1746 sentit
348 1691 496 1744 assumat.
513 1681 664 1758 Quamvis
679 1693 711 1744 et
726 1682 751 1746 si
768 1681 946 1770 diligentius
963 1683 1176 1770 requiramus,
1190 1685 1275 1750 verli

243 1812 350 1863 conso,
364 1789 395 1852 in
406 1787 565 1877 Evangelii
577 1785 727 1867 lectione,
739 1789 787 1855 vel
799 1791 979 1878 Apostolics
991 1792 1152 1870 doctrino,
1166 1792 1198 1858 in
1209 1793 1274 1878 qui-

165 1986 168 1994 ·
243 1901 302 1964 bus
325 1896 474 1963 delectari
496 1899 622 1975 videris,
636 1913 667 1964 et
683 1900 716 1965 in
731 1901 847 1988 quibus
865 1901 920 1966 tili
937 1902 1136 1990 aptissimum
1151 1914 1184 1966 et
1202 1925 1273 1967 sue·

242 2011 404 2077 vissimum
430 2011 560 2100 deputes
584 2012 705 2087 cibum.
722 2025 846 2100 quanta
869 2025 943 2078 sunt
964 2037 1034 2102 quae
1057 2027 1088 2078 te
1110 2013 1229 2090 latent,
1250 2016 1275 2078 si

245 2122 395 2188 discutias
408 2134 440 2186 et
456 2123 662 2210 perscruteris
676 2124 822 2188 mandata
836 2123 987 2189 Domini?
1004 2124 1099 2202 Quod
1114 2124 1142 2187 si
1158 2146 1199 2188 en
1211 2145 1273 2210 quae

243 2230 376 2296 obscuro
398 2230 545 2295 ridentur
566 2241 599 2294 ct
620 2229 773 2305 difficilia,
791 2231 975 2319 refugienda
991 2243 1065 2296 sunt
1082 2233 1234 2320 protinus
1248 2243 1280 2296 et

243 2337 381 2411 vitando,
403 2337 541 2401 invenies
564 2338 660 2402 etium
681 2339 713 2402 in
736 2336 795 2403 illis
818 2339 850 2404 in
876 2341 991 2425 quibus
1013 2338 1102 2404 valde
1127 2341 1279 2415 confidis.

243 2459 308 2512 tom
328 2443 427 2510 multo
446 2447 581 2520 obscure
602 2457 634 2510 et
653 2445 803 2522 difficilis,
822 2460 856 2510 ut
870 2449 895 2512 si
911 2449 995 2514 hanc
1014 2450 1212 2514 sententium
1234 2465 1279 2516 tc-

242 2577 329 2628 neus,
346 2545 385 2618 sit
402 2553 457 2617 tibi
473 2553 567 2618 etiem
584 2552 657 2617 inde
674 2554 898 2620 recedendum.
920 2555 1005 2620 Sunt
1016 2569 1124 2622 tomen
1140 2557 1280 2646 plurima

243 2661 275 2728 in
287 2660 359 2738 illis,
372 2685 443 2749 quse
454 2661 593 2748 apertius
604 2672 637 2725 ct
647 2660 820 2748 simplicius
832 2663 916 2730 dicto
928 2673 1013 2740 sunt,
1025 2687 1121 2751 quam
1139 2679 1176 2730 ut
1193 2667 1282 2756 porri

242 2769 519 2836 sensusaedisrcent
536 2771 724 2835 auditorem.
742 2771 815 2836 llaec
831 2782 936 2835 outoni
953 2770 984 2836 in
999 2773 1189 2866 praelotione
1205 2799 1285 2863 prae·

207 2939 216 2950 ,
243 2881 397 2955 misimus,
419 2892 453 2951 ut
474 2879 661 2944 suscitemus
677 2880 799 2944 animos
823 2892 955 2956 vostros,
972 2882 1122 2969 quoniam
1146 2886 1284 2970 quidem

242 2988 424 3076 hujusmodi
441 2987 536 3054 lectio
551 2988 687 3053 liabetur
702 2988 734 3052 in
758 2989 917 3064 menibus,
935 3014 1003 3077 quae
1019 2989 1154 3056 dillicilis
1172 2994 1215 3058 ad
1233 2995 1286 3060 in·

243 3094 460 3183 tolligendum,
477 3108 509 3159 ct
529 3095 686 3184 superfluo
711 3097 911 3164 videaturad
933 3096 1111 3186 legendum.
1132 3099 1203 3168 Sed
1218 3127 1286 3169 non

242 3226 408 3293 possumus
429 3204 491 3270 hoc
513 3205 619 3271 dicere
635 3205 675 3272 do
691 3206 791 3271 sancti
816 3206 950 3295 Spiritus
972 3205 1096 3284 litteris,
1114 3211 1209 3297 quod
1229 3211 1285 3275 ali·

243 3312 319 3401 quid
334 3312 367 3377 in
387 3313 430 3378 eis
450 3315 586 3377 otiosum
610 3314 649 3378 sit
672 3326 725 3378 aut
745 3314 959 3402 superfluum,
978 3317 1101 3381 etiamsi
1117 3316 1286 3406 aliquibus

242 3421 389 3487 videntur
404 3423 548 3488 obscuro.
568 3421 632 3488 Sed
647 3424 709 3489 hoc
724 3424 829 3512 potius
844 3424 949 3490 lucere
964 3425 1131 3501 debemus,
1146 3441 1185 3492 ut
1200 3452 1288 3494 oeu-

242 3528 289 3596 los
300 3531 414 3596 mentis
429 3542 544 3595 nostrae
559 3544 780 3598 convertemus
797 3532 838 3596 ad
851 3554 927 3597 eum
943 3533 997 3620 qui
1013 3532 1082 3598 liaec
1100 3536 1202 3600 scribi
1217 3538 1290 3624 jus·

242 3642 294 3716 sit.
313 3654 344 3705 et
367 3642 405 3705 ob
429 3640 497 3726 ipso
518 3639 633 3704 horum
656 3638 895 3728 intelligentiam
919 3639 1136 3729 postulemus:
1156 3655 1194 3708 ut
1215 3646 1289 3710 sive

241 3751 406 3818 infirmitas
420 3761 468 3814 est
481 3749 513 3813 in
529 3749 632 3816 animo
649 3762 770 3825 nostru,
788 3763 877 3816 sonet
893 3773 950 3816 nos
963 3749 1016 3816 ille
1033 3752 1087 3838 qui
1104 3765 1198 3818 sinat
1213 3777 1290 3820 om-

241 3885 296 3928 nes
318 3859 483 3946 languores
502 3858 589 3945 ejus3
612 3859 675 3923 sivo
695 3861 782 3947 porri
807 3883 915 3926 sensus
935 3883 1057 3936 sumus,
1076 3861 1158 3928 adsit
1187 3864 1291 3928 nobis
