2682 4594
555 230 604 290 'ut
630 244 782 292 manuos·
1125 232 1185 320 189

143 365 249 428 modis*
262 345 428 437 omnibus,
451 373 543 453 atqup
561 363 717 429 illecebris
730 364 921 444 demulsisti,
935 380 968 430 et
979 360 1094 433 od'boc
1111 369 1183 455 qui-

144 474 275 537 busdam
312 471 482 536 divinitatis
510 473 780 561 progressionibus
810 474 975 539 adduxisti.
1006 477 1053 541 'lu
1083 476 1179 564 igitur

141 580 229 644 testis
243 579 321 645 mibi
337 578 422 667 apud
433 579 536 644 Deum
550 583 629 656 oris,
642 594 711 645 tum
728 601 800 646 curn
813 582 853 646 dc
869 583 932 646 rita
945 603 1015 647 mea
1029 605 1067 650 oo
1086 583 1183 674 scrip·

145 689 182 752 tis
201 688 355 782 inquiret,
383 687 534 773 quoniam
562 689 658 753 animi
679 687 810 756 consilio
833 690 872 752 sit
890 688 976 754 istud
999 713 1016 754 a
1036 711 1089 754 me
1110 715 1180 758 sus-

145 807 280 883 ceptum.
307 795 353 860 Ac
376 810 604 882 nonnunquam
626 796 754 881 quidem
775 796 942 861 veritatem
962 798 1178 884 assequimurr

143 924 367 989 nonnunquam
386 915 440 966 aut
460 899 624 967 violentius
648 904 900 990 perrumpimus,
920 916 976 969 aut
995 894 1101 970 dicere
1122 905 1181 972 ali-

141 1009 215 1095 quid
231 1009 385 1074 videmur.
405 1011 504 1075 Porro
518 1011 605 1098 quod
621 1011 776 1098 scriptum
793 1022 842 1074 est
860 1013 1095 1100 vestigavimua,
1114 1036 1178 1079 non

141 1118 181 1182 ita
196 1130 229 1180 ut
239 1117 387 1205 praeclare
400 1116 478 1182 illud
490 1118 612 1182 dictum
624 1130 920 1186 contemneremus:
938 1145 951 1179 ι
965 1120 1047 1185 Cum
1060 1120 1099 1185 de
1113 1121 1181 1186 Deo

143 1225 261 1299 adicis,
279 1250 296 1290 a
311 1225 378 1289 Deo
393 1224 560 1312 judicarim
581 1254 594 1285 r
616 1225 690 1288 item
709 1224 806 1290 illud:
825 1226 892 1291 «De
908 1225 1092 1302 Deo'etiam
1107 1250 1181 1294 vera

144 1329 289 1403 adicere,
308 1352 372 1393 non
392 1329 553 1393 mediocre
568 1327 748 1416 periculum
764 1341 847 1401 esta
868 1331 1085 1409 Quamobrem
1104 1355 1180 1398 cum

143 1435 221 1499 nihil
230 1436 366 1500 sinelJeo
377 1457 442 1500 esse
451 1435 718 1523 possitegregium
728 1484 736 1510 ,
746 1437 984 1523 praesertimque
998 1437 1176 1505 divinarum

144 1542 316 1608 litterarum
335 1541 558 1630 intelligentia,
572 1542 627 1607 abs
643 1555 675 1607 te
690 1543 786 1608 etiam
798 1554 895 1632 ¹atque
911 1544 1006 1609 etiam
1020 1545 1177 1632 petimus,

144 1663 177 1714 ut
192 1663 352 1739 parentem
372 1651 515 1715 omnium
533 1650 655 1723 Deum,
679 1672 737 1737 per
758 1648 954 1715 Salvatorem
977 1663 1180 1717 nostrumne

139 1757 323 1824 Pontificem
340 1757 483 1845 genitum
495 1759 596 1822 Deum
610 1757 777 1821 obsecrem
789 1755 885 1832 velis,
904 1757 998 1843 idque
1013 1759 1052 1822 ab
1064 1782 1103 1823 eo
1119 1782 1175 1822 no-

137 1867 185 1929 bis
201 1866 392 1954 impetrare,
411 1877 444 1927 ut
459 1864 614 1952 imprimis
630 1877 718 1928 recte
733 1887 875 1951 quaerere
893 1865 1059 1952 possimus.
1080 1867 1179 1946 Quae-
1276 1875 1278 1880 ’
1320 1929 1328 1944 ,

136 1975 280 2038 rentibus
293 1975 379 2038 enim
395 1974 554 2060 proposita
574 1985 620 2036 est
637 1972 822 2058 assequendi
841 1973 1018 2059 promissio.
1035 1972 1083 2038 bc
1101 1997 1174 2038 nos-

134 2081 186 2144 cio
203 2103 241 2144 an
260 2079 314 2166 qui
331 2079 370 2142 nd
382 2077 458 2142 illud
473 2079 520 2142 via
533 2101 570 2144 ac
585 2079 707 2143 ratione
717 2076 849 2140 minime
861 2078 1060 2143 contendunt
1072 2126 1081 2152 ,
1093 2078 1175 2144 inter

136 2210 192 2250 eos
208 2187 260 2274 qui
275 2199 439 2273 quiverunt,
460 2185 544 2274 apud
558 2187 662 2251 Deum
678 2205 743 2248 non
758 2182 949 2248 habeantur.

391 2540 610 2625 (tununnensis
629 2561 753 2604 roanos
778 2545 928 2626 aaaron.)

178 2735 1165 2825 Psalmoruminterpretationeminchoaturi‚praeelarissimuru

132 2847 360 2910 documentum
380 2847 471 2910 nobis
494 2847 532 2910 ab
555 2845 689 2908 Hebraeo
712 2843 751 2908 de
773 2845 860 2908 omni
884 2845 988 2931 divina
1007 2842 1170 2933 Scriptura

133 2953 284 3018 traditum
296 2975 508 3042 proponemus
528 2975 535 3015 :
551 2950 676 3016 dicebat
691 2951 778 3015 enim
795 2949 848 3014 ille
864 2950 999 3015 similem
1015 2975 1082 3016 esse
1101 2955 1173 3017 uni-

38 3144 42 3150 .
130 3084 253 3125 versam
269 3061 464 3149 Scripturam
480 3057 628 3123 divinitus
644 3059 782 3122 alllatam
794 3069 926 3144 propter
941 3059 1169 3126 obscuritatem

127 3193 202 3258 quae
228 3169 259 3234 in
282 3193 318 3234 oa
340 3181 406 3244 est,
428 3165 535 3231 multis
559 3164 726 3231 domiciliis
748 3187 812 3229 uno
836 3165 970 3230 aedificio
992 3166 1166 3238 conclusis:

129 3276 300 3363 unicuique
316 3273 476 3338 domicilio
492 3272 666 3360 appositam
692 3267 806 3334 clavim
826 3293 890 3335 non
905 3271 962 3357 ipsi
980 3274 1168 3336 convenien-

128 3396 215 3455 tem,
231 3383 338 3469 sicque
354 3365 518 3467 dissipatas
544 3401 612 3444 esse
631 3377 732 3442 claves
753 3399 810 3464 per
829 3376 1007 3453 domicilia3
1027 3401 1089 3443 non
1107 3403 1169 3444 res·
1203 3453 1204 3456 Ἴ

124 3489 304 3578 pendentes
316 3485 451 3576 singulas
463 3488 498 3551 iis
512 3484 678 3551 domiciliis
690 3483 805 3571 quibus
817 3485 967 3571 appositae
979 3497 1052 3549 sunt
1065 3512 1072 3548 2
1088 3509 1171 3572 opus

124 3620 203 3662 vero
226 3595 319 3684 louge
336 3593 559 3660 difficillimum
575 3615 643 3656 csse
669 3590 809 3655 invenire
833 3590 936 3656 claves
960 3604 991 3657 et
1013 3615 1065 3657 eas
1082 3591 1172 3657 cellis

121 3717 253 3793 aptare,
267 3727 344 3791 quas
362 3703 484 3790 aperire
502 3711 657 3789 possunt:
676 3699 782 3786 itaque
797 3699 892 3765 etiam
917 3699 1095 3786 Scripturas
1115 3703 1171 3766 ab·

119 3827 242 3878 sti-usas
263 3813 391 3900 quidem
418 3809 485 3876 illas
508 3807 659 3896 intelligi,
682 3832 746 3874 non
770 3808 894 3874 aliunde
913 3809 1046 3895 sumptis
1068 3831 1168 3896 quam
