2744 4624
210 251 251 314 58
655 270 798 315 oniensis

211 389 278 456 Deo
293 388 379 454 enim
392 386 450 454 toli
465 387 627 475 cognitum
641 399 689 452 est
700 387 896 474 propositum
910 386 1023 452 mentis
1037 408 1045 448 ε
1061 385 1086 450 si
1104 407 1177 450 vero
1190 409 1244 450 ac-

212 519 337 564 cessero
348 496 389 566 nd
403 517 532 585 agones,
548 495 711 584 protulero
726 498 844 562 bonam
859 494 1103 569 confessionem,
1116 516 1186 580 qum
1197 495 1246 558 in·

212 605 359 672 seruntur
378 616 561 671 constanter
580 619 696 670 cuncta
720 627 902 692 suscepero,
924 617 1001 669 tnnc
1017 615 1120 692 potest
1138 602 1246 666 dicero

214 712 365 802 Angelus.
379 712 465 780 velut
480 713 672 782 confirmans
684 737 736 782 me
746 726 779 780 et
789 713 1022 780 corroborans:
1041 739 1053 772 a
1071 712 1163 778 Nunc
1174 733 1248 798 eog-

215 823 315 892 »novi
337 822 424 911 quod
446 833 480 888 tu
502 824 594 889 tllnes
615 821 729 890 Deum.
749 820 898 888 »Verum
919 820 1091 886 hecdicus
1112 831 1186 890 sunt
1207 820 1250 884 od

215 930 390 1007 Abraham,
408 941 444 994 ut
461 928 684 1017 pronuntiatus
704 930 744 994 sit
768 929 879 996 timore
895 930 1008 996 Deum.
1027 927 1159 1007 Quare?
1174 928 1249 1012 quia

215 1062 281 1107 uon
297 1039 439 1127 pepercit
451 1036 516 1105 lilio
531 1058 600 1104 suo.
616 1036 679 1104 Nos
695 1060 770 1102 vero
786 1037 986 1104 consonamus
998 1037 1066 1102 baee
1078 1059 1152 1102 erim
1165 1041 1250 1128 Apo·

221 1146 292 1217 stoli
311 1147 414 1222 dictis,
433 1147 488 1216 ubi
502 1146 579 1212 dicit
594 1147 634 1210 de
652 1146 720 1211 Deo
737 1167 744 1210 :
767 1172 779 1206 ι
795 1146 857 1224 Qui
875 1146 1002 1233 proprio
1017 1145 1097 1209 Filio
1113 1170 1250 1214 sunnon

218 1255 399 1342 rpepereit‚
417 1253 473 1320 sed
495 1275 552 1341 pro
575 1254 667 1324 nohis
686 1255 833 1325 omnibus
849 1254 978 1322 tradidit
999 1252 1121 1320 illum¹.
1137 1283 1151 1316 ι
1168 1255 1251 1322 Vide

218 1363 321 1434 Deum
349 1361 517 1451 magnifica
544 1385 618 1430 cum
641 1362 823 1430 hominibus
848 1361 1035 1432 liberalitate
1059 1375 1247 1432 certantem.

219 1472 381 1549 Abraham
394 1469 573 1538 mortalem
596 1471 698 1540 lilium
719 1494 784 1538 non
806 1472 996 1538 moriturum
1025 1470 1141 1538 obtulit
1168 1473 1249 1550 Deo,

220 1579 306 1648 Deus
318 1579 530 1650 immortalem
541 1579 658 1646 Filium
671 1603 729 1666 pro
745 1581 893 1648 omnibus
906 1581 1033 1646 tradidit
1043 1582 1148 1646 morti.
1164 1581 1250 1660 Quid

221 1709 278 1758 uos
292 1687 334 1753 ad
348 1687 417 1754 baec
432 1686 598 1758 dicemus?
610 1687 687 1774 quid
702 1687 912 1755 retribuemus
924 1687 1060 1754 Domino
1075 1711 1131 1776 pro
1148 1689 1248 1753 omni·
1304 1755 1309 1763 ,

222 1800 282 1872 hut
299 1820 369 1884 qum
385 1796 532 1868 retribuit
547 1794 682 1864 nobis²t
701 1796 786 1862 Deus
800 1795 894 1865 Pater
909 1808 1039 1884 propter
1051 1821 1108 1863 nos
1123 1799 1249 1886 proprio

222 1905 302 1975 Filio
318 1929 381 1974 non
396 1904 568 1993 pepercit⁸.
587 1905 667 1986 Quis
682 1916 834 1980 vestrum.
848 1916 952 1992 putas,
966 1907 1073 1972 audiet
1084 1906 1253 1994 aliquando

222 2037 334 2084 rocem
346 2013 456 2102 Angeli
473 2013 606 2080 dicentis
621 2037 629 2080 :
644 2013 736 2080 Nunc
752 2016 885 2103 cognovi
898 2015 971 2102 quia
983 2017 1074 2084 times
1090 2029 1123 2081 tu
1135 2017 1255 2092 Deum

224 2125 374 2212 quianon
387 2122 554 2211 pepercisti
566 2121 632 2190 filio
645 2136 699 2192 tuo
711 2123 760 2192 vel
772 2121 843 2194 liliae
855 2138 929 2201 tue,
942 2124 991 2192 vel
1006 2128 1109 2199 uxori:
1124 2139 1256 2194 autnon

225 2235 393 2322 pepercisti
410 2232 568 2322 pecuniae,
582 2232 631 2306 rel
649 2233 825 2303 honoribus
842 2234 962 2311 saeculi,
982 2247 1015 2302 el
1032 2238 1258 2303 ambitionibus

226 2341 337 2412 mundi
355 2362 363 2406 t
382 2341 437 2408 sed
453 2342 559 2410 omnia
574 2342 789 2430 contempsisti
812 2355 844 2410 et
866 2345 970 2410 omnia
994 2345 1109 2410 duxisti
1127 2357 1161 2410 ut
1176 2357 1259 2410 ster-

226 2474 314 2528 cora,
330 2463 366 2518 nt
382 2451 544 2519 Christum
558 2450 775 2526 lucrifacerent
794 2451 960 2520 vendidisti
976 2454 1081 2516 omnia
1095 2465 1130 2516 et
1145 2455 1260 2520 dedisti

225 2560 430 2647 pauperibus,
445 2569 476 2628 et
492 2569 621 2627 secutus
632 2581 665 2628 es
678 2557 820 2627 Verbum
833 2557 912 2626 neit
929 2558 1007 2636 Quis
1026 2573 1179 2637 restrum,
1198 2586 1262 2652 pu-

227 2680 287 2744 tas.
304 2668 411 2738 audiet
433 2668 472 2732 ab
489 2663 617 2752 Angelis
635 2665 858 2751 hujuscemodi
874 2668 1008 2735 vocem?
1024 2670 1143 2735 lterum
1159 2673 1259 2738 Abre-

227 2777 305 2858 hum
327 2776 417 2846 audit
438 2775 523 2848 hunc
545 2797 669 2854 vocem,
692 2788 724 2846 et
749 2776 867 2862 dicitur
884 2780 925 2846 ad
943 2805 1016 2846 eum
1035 2803 1044 2844 r
1066 2781 1171 2858 «Quia
1191 2801 1257 2844 non

230 2883 426 2974 »pepercisti
442 2882 507 2950 lilio
522 2893 578 2952 tuo
593 2882 709 2953 dilecto
724 2898 855 2974 propter
867 2887 948 2956 mel.
964 2917 976 2952 ι

271 2993 330 3069 ΙΧ.
345 3019 358 3056 a
377 2994 416 3065 Et
428 2990 612 3080 respicient,
624 2993 748 3078 ioquin
764 2995 924 3064 Abraham
937 2994 1036 3060 oeulis
1047 2995 1110 3064 suis
1124 2993 1213 3070 vidit,
1225 3010 1260 3062 et

228 3133 241 3169 ι
255 3125 332 3178 ecce
343 3101 424 3170 aries
439 3102 607 3174 tenebatur
622 3102 771 3176 cornibus
784 3101 818 3172 in
830 3100 964 3191 virgulto
976 3101 1101 3169 Sabnch
1110 3102 1132 3170 ⁶.
1146 3129 1162 3166 s
1175 3105 1262 3170 Dixi-

228 3235 312 3292 mus,
335 3220 426 3299 puto,
454 3210 487 3278 iu
517 3210 732 3297 superioribus
753 3209 840 3297 quod
866 3211 954 3276 lanne
979 3210 1114 3276 sormam
1136 3227 1262 3301 gereret

230 3321 361 3399 Christi,
374 3319 431 3389 sed
441 3330 474 3394 ct
485 3319 565 3392 aries
581 3318 634 3390 hic
650 3317 853 3390 nihilominus
869 3319 1004 3385 formam
1018 3320 1134 3386 Christi
1151 3345 1261 3410 gerere

229 3427 365 3504 ridetur.
384 3427 448 3498 Sed
464 3426 624 3513 quomodo
642 3427 768 3497 Christo
784 3443 917 3515 uterque
934 3431 1113 3507 conveniat,
1126 3443 1158 3496 ot
1177 3432 1263 3498 lsaec

229 3537 283 3627 qui
298 3560 362 3611 nun
377 3546 426 3604 ost
439 3535 613 3624 jugulatus,
626 3547 659 3603 et
671 3537 751 3604 ories
764 3536 817 3626 qui
835 3536 993 3627 jugulatus
1006 3553 1065 3617 est,
1079 3564 1181 3629 operte
1193 3565 1263 3629 pre-

232 3647 311 3724 tium
323 3655 373 3721 est
390 3666 533 3720 aarum.
550 3642 694 3716 Chr'utus
706 3643 848 3718 Verbum
864 3648 921 3714 [tei
939 3661 1000 3724 est,
1021 3651 1076 3714 sel
1092 3675 1106 3708 ι
1121 3648 1263 3720 Verbum

259 3795 358 3843 ηοω.
372 3807 427 3850 utri,
439 3789 539 3840 31.κῖ
551 3790 614 3848 urst.
629 3803 686 3851 exv,
698 3807 737 3839 rr.
748 3792 801 3830 -⁸
816 3793 890 3842 nont.
906 3811 963 3854 vti«,
976 3797 1016 3842 3².
1030 3822 1060 3831 —
1072 3791 1080 3827 l
1092 3795 1187 3846 Grues.
1200 3813 1263 3860 xxiv,

235 3883 311 3923 μμ·
322 3866 331 3899 ⁵
342 3865 412 3920 thid.
428 3865 467 3919 tb-
