2702 4610
393 325 426 368 ra
449 325 574 368 sxonnu
597 322 726 368 nonime
750 324 793 368 ιιι.
1051 299 1109 364 rsa

76 432 233 500 doctrine
244 435 415 524 spiritualis
431 440 612 514 accesseris,
625 453 750 529 sperato
762 459 915 529 pugnam,
927 449 959 503 et
972 457 1111 525 praepare

77 554 111 608 tc
125 543 170 608 ed
185 543 315 612 bellum.
333 545 424 611 Bello
437 549 534 635 igitur
549 550 747 625 imminente,
761 550 923 614 videamus
939 545 1019 634 qnid
1031 567 1114 634 prce»

80 652 182 740 cipiet
201 653 323 741 Moyses
339 679 369 718 :s
384 656 484 732 Dixit,
508 660 632 744 inquit,
652 659 693 723 ed
713 659 849 724 Jesum:
873 655 959 744 Elige
976 655 1033 720 tihi
1054 653 1113 742 ipsi

86 788 99 820 s
117 761 216 836 vires,
228 776 259 827 et
272 765 331 838 exi,
341 777 374 828 et
388 763 617 860 conlligcflcnm
631 765 784 833 Amalech
799 767 937 831 crastino
949 763 970 828 ⁴.
984 763 1113 848 »Usque

92 869 132 933 ad
144 869 340 939 hunclecom
351 874 437 940 hesti
449 878 585 942 nominis
601 877 678 942 Jesu
694 897 851 963 nusquam
867 875 949 940 iacta
965 886 1013 938 est
1027 895 1114 966 meo-

93 977 146 1042 tio.
162 979 219 1045 Hic
231 982 371 1068 primum
385 982 533 1049 vocabuli
547 986 644 1073 hujus
659 983 809 1073 splendor
824 983 952 1049 effulsit.
967 983 1027 1048 ilic
1048 982 1115 1070 pri-

92 1109 173 1152 mum
195 1091 317 1156 vocavit
337 1090 462 1179 Moyses
483 1093 609 1170 lesum,
625 1106 658 1159 et
679 1094 758 1158 dixit
779 1093 807 1157 ei
824 1115 833 1156 s
852 1091 967 1180 «Elige
982 1092 1039 1157 tihi
1052 1090 1115 1180 'ipsi

85 1225 99 1258 s
113 1197 193 1264 siros
204 1197 226 1262 ².
238 1229 253 1261 s
267 1199 393 1289 Moyses
404 1215 498 1269 vocet
509 1204 633 1279 Jesnm,
646 1204 712 1270 Lex
724 1214 816 1269 vocat
827 1201 1003 1276 Christum,
1016 1216 1051 1266 ut
1062 1198 1115 1265 eli-

80 1317 134 1394 gat
148 1308 270 1396 sibiipsi
285 1311 369 1376 siros
386 1325 533 1400 potentes
549 1315 589 1380 de
604 1311 733 1404 populo.
753 1313 825 1380 Mon
847 1325 971 1401 poterat
993 1312 1116 1399 Moyses

82 1413 214 1503 eligere,
226 1418 284 1482 sed
293 1419 383 1484 lesus
396 1420 482 1487 solus
492 1435 541 1488 est
554 1424 609 1510 qni
621 1423 720 1512 possit
732 1432 877 1510 potentes
888 1422 972 1484 viros
986 1416 1116 1508 eligere,

89 1524 146 1610 qui
161 1523 240 1590 dixit
254 1527 364 1594 :allon
379 1553 435 1596 vos
451 1554 502 1596 me
518 1529 667 1621 elegistis,
684 1532 739 1597 sed
755 1555 814 1620 ego
829 1553 885 1595 vos
900 1528 980 1618 elegi
990 1529 1014 1594 ⁸.
1025 1530 1118 1617 »lpse

93 1634 178 1700 mim
200 1635 371 1706 electorum
393 1641 470 1716 dux,
494 1642 560 1730 ipse
586 1643 764 1733 potentium
790 1642 951 1731 princeps,
977 1641 1042 1728 ipse
1065 1641 1120 1728 qui

92 1745 231 1835 confligit
243 1770 318 1813 cnm
333 1749 497 1818 Amalech.
515 1753 584 1841 lpse
599 1766 648 1818 est
662 1753 748 1819 enim
764 1752 818 1839 qui
833 1752 930 1816 intrat
942 1751 973 1816 in
987 1749 1118 1815 domum

88 1855 176 1921 sortis
189 1868 223 1921 et
237 1855 345 1946 alligat
358 1858 487 1934 sortem.
499 1873 533 1926 et
548 1885 619 1928 vasa
635 1861 705 1950 ejus
720 1861 837 1948 diripit.

129 1964 195 2030 Sed
216 1965 345 2032 interim
364 1967 527 2034 videamus
547 1971 625 2057 quid
646 1993 732 2036 nnnc
756 1969 887 2034 historia
910 1991 1047 2058 praesans
1068 1991 1120 2033 re·

87 2087 172 2142 texat
187 2098 195 2140 τ
209 2101 222 2134 ι
234 2076 398 2153 Ascendit,
412 2079 534 2165 inquit,
548 2079 672 2167 Moyses
688 2079 719 2145 in
734 2078 888 2144 verticem
902 2077 991 2145 collis
1003 2078 1025 2144 ⁶.
1042 2107 1118 2143 s....

99 2211 113 2244 ι
126 2187 168 2250 Es
183 2184 284 2251 [actm
298 2201 359 2263 est,
377 2210 453 2254 cnm
474 2186 612 2255 elevaret
626 2189 750 2277 Moyses
763 2211 889 2265 manus,
906 2189 1049 2278 superior
1064 2188 1123 2254 lie·

97 2321 112 2352 s
125 2293 185 2358 hat
199 2293 325 2360 isreel⁸.
340 2323 354 2358 s
378 2294 504 2384 Moyses
522 2297 653 2384 quidem
669 2296 770 2363 elevat
788 2321 913 2372 manus,
930 2320 994 2363 non
1011 2309 1123 2363 exten-

94 2400 167 2466 dit:
184 2401 277 2468 «lesus
290 2417 407 2480 autem,
425 2405 480 2493 qni
498 2406 679 2474 universum
695 2409 807 2473 orhcm
821 2420 914 2473 terrae
925 2405 1078 2472 exaltatus
1091 2409 1123 2472 in

89 2533 193 2578 crece
205 2511 428 2602 complexurus
440 2527 509 2580 eret
522 2515 660 2582 brachiis
672 2517 749 2590 suis,
762 2517 839 2582 dicit
857 2539 866 2580 s
883 2541 895 2576 s
910 2515 1044 2580 Extendi
1060 2537 1125 2580 ma·

85 2654 99 2688 s
115 2649 179 2690 nus
192 2648 280 2691 meas
294 2627 335 2692 sd
349 2626 505 2716 populum
518 2652 581 2694 non
594 2627 792 2702 credentem,
805 2639 837 2704 et
851 2609 1124 2692 contradicentem

83 2767 97 2800 s
114 2734 198 2800 mihi
213 2733 236 2800 ⁸.
249 2763 264 2796 ι
277 2733 402 2823 Moyses
416 2761 493 2826 ergo
508 2735 611 2802 elevat
622 2759 735 2803 manus
746 2757 837 2808 suess
851 2746 885 2802 et
899 2758 973 2802 cum
987 2733 1125 2800 elevaret

83 2869 215 2920 menos,
229 2845 416 2912 vincebatur
431 2846 594 2912 Amalech.
610 2845 742 2912 Elevare
757 2867 883 2919 manus,
896 2846 960 2910 hoc
969 2857 1017 2910 est
1029 2869 1123 2934 opera

82 2969 117 3024 et
136 2969 233 3022 actus
249 2953 373 3020 elevare
388 2955 428 3020 ad
443 2955 560 3030 Deum,
580 2968 613 3020 et
633 2977 697 3020 non
720 2955 841 3021 hahere
862 2966 951 3020 actus
974 2955 1124 3019 deorsum

85 3067 235 3156 dejectos
253 3075 288 3130 ct
310 3064 399 3130 humi
419 3065 574 3154 jacentes,
590 3063 648 3131 sed
661 3065 729 3130 Deo
752 3062 884 3152 placitos
898 3075 931 3128 et
950 3062 991 3127 ad
1006 3063 1125 3129 coelom

87 3185 226 3241 erectos.
241 3170 353 3239 Elevat
367 3195 443 3262 ergo
458 3195 570 3240 manus
588 3174 643 3262 qui
658 3171 849 3238 thesaurizet
864 3173 895 3238 in
910 3171 1046 3247 coelum:
1069 3175 1125 3239 uhi
1240 3215 1244 3225 ·

89 3285 175 3350 enim
190 3283 360 3350 thesaurus
375 3285 457 3371 ejus,
474 3285 518 3350 ihi
532 3296 565 3349 et
580 3280 692 3349 oculus
708 3284 790 3369 ejus,
807 3284 851 3348 ihi
867 3295 899 3348 et
914 3306 1027 3348 menos
1041 3285 1121 3372 ejas.

93 3393 330 3463 Menstruanus
345 3408 379 3459 et
394 3391 446 3460 ille
458 3395 514 3482 qui
526 3394 604 3461 dicit
618 3417 626 3458 ε
639 3421 652 3452 α
663 3391 804 3460 Elevatio
815 3415 968 3459 manuum
979 3417 1124 3460 mearum

102 3504 314 3572 :sacrificium
331 3503 545 3592 vespertinum
557 3501 579 3565 ⁷.
592 3531 605 3564 s
622 3501 655 3566 si
670 3525 747 3590 ergo
762 3499 926 3568 eleventur
945 3516 1035 3568 nctus
1051 3527 1126 3568 nos-

101 3616 152 3690 tri,
165 3627 266 3682 etnon
278 3613 391 3683 sintin
404 3625 498 3687 terra,
512 3611 650 3678 vincitur
661 3609 824 3678 Amalech.
836 3610 902 3676 Sed
912 3623 944 3676 et
956 3609 1125 3702 Apostolus

93 3725 234 3815 precipit
251 3724 360 3792 levare
379 3733 503 3788 sanctas
523 3743 636 3787 manus
656 3721 723 3787 sine
743 3721 788 3786 ira
809 3733 842 3787 et
859 3721 1087 3811 disceptatione
1100 3722 1124 3797 ⁸,

121 3881 130 3915 ¹
147 3881 227 3932 Exod.
240 3899 303 3945 sris,
313 3900 338 3949 9.
351 3880 404 3921 -2
414 3880 482 3930 lhid.
493 3909 524 3922 -
534 3881 544 3915 ⁸
554 3883 630 3933 ioan.
642 3897 684 3942 xv,
696 3881 773 3930 ι6.-
783 3880 793 3912 ⁴
803 3880 883 3929 Exod.
895 3895 959 3938 svn,
973 3897 1008 3929 ιο.
1022 3879 1071 3919 -⁵
1085 3879 1126 3944 lb·

94 3959 190 4010 rr.-‘
202 3959 260 4010 lssi.
276 3975 336 4020 cxv,
349 3977 373 4018 a,
387 3969 412 4008 et
425 3959 499 4008 Rom.
512 3976 537 4017 ι,
553 3975 630 4009 rr.-
644 3955 756 4007 ⁷Psalur.
771 3971 826 4015 cxc,
839 3957 918 4006 2.-⁸
933 3971 941 4004 ι
954 3955 1022 4006 Tim.
1035 3975 1061 4007 ιι.
