2702 4610
205 204 210 210 ¹
227 235 286 315 ιῌ.
665 251 808 300 onmsms

222 401 294 444 rum
310 398 350 441 ne
367 374 527 443 existimes
539 371 750 440 tenetentum
768 372 809 439 sd
827 371 916 438 ilium
935 371 997 438 dici
1017 369 1109 438 israel
1128 371 1185 459 qui
1206 395 1255 437 ει·

221 487 364 554 eundum
375 506 504 550 earnem
516 495 673 550 natusest.
688 483 788 550 Multo
802 482 900 572 magis
912 482 981 547 haec
991 481 1031 547 nd
1042 493 1073 547 te
1083 482 1253 554 dicuntur,

223 596 277 683 qui
293 589 390 660 lsrniil
402 591 537 658 effeetus
550 615 584 658 es
599 606 706 658 mente
717 593 821 658 Deum
836 591 984 667 videndo,
999 603 1031 656 et
1042 591 1254 658 circumcisus

222 727 256 770 es
274 702 372 768 corde
393 725 457 767 non
473 725 580 770 earne.
604 703 683 769 Nam
699 715 732 768 et
750 703 822 768 siin
842 725 937 768 earne
952 714 1060 790 gentes
1075 723 1199 776 sumus,
1218 701 1254 766 in

184 795 190 810 i
221 813 332 902 spiritu
345 810 441 878 lsrael
454 833 578 888 sumus,
592 825 721 901 prepter
732 835 807 877 eum
818 812 872 900 qui
888 811 986 877 dixit:
1007 808 1106 876 «Pete
1121 833 1138 874 n
1151 831 1205 874 me
1219 823 1256 873 et
1282 822 1285 826 ’

222 951 235 984 ι
249 922 333 990 dubo
345 922 401 986 tibi
414 934 523 1011 gentes
535 923 752 988 hereditatem
761 933 863 998 tuam,
876 933 909 986 et
924 920 1150 1008 possessionem
1162 929 1255 984 tuum

223 1061 235 1096 ι
253 1033 404 1098 terminos
416 1045 509 1098 terrie
518 1034 540 1097 ¹.
556 1063 568 1094 ι
585 1035 625 1098 Et
635 1044 768 1121 propter
776 1054 852 1098 eum
867 1032 919 1118 qui
933 1031 1046 1096 iterum
1058 1029 1136 1094 dixit
1148 1051 1156 1091 ι
1169 1055 1183 1088 ι
1195 1025 1253 1092 Pa-

223 1169 235 1203 s
251 1153 312 1215 ter,
325 1141 430 1207 omnis
446 1163 516 1208 mes
532 1152 586 1206 tue
602 1152 688 1217 sunt,
704 1153 736 1206 et
752 1153 805 1206 tua
820 1163 891 1206 mea
903 1151 989 1213 sunt,
1004 1149 1036 1204 et
1057 1136 1253 1226 glorificatus
1328 1151 1329 1156 ’

223 1269 323 1313 »sum
341 1249 374 1313 in
387 1247 497 1324 his²‚»
516 1249 541 1314 si
557 1261 664 1314 tamen
686 1248 728 1314 itu
747 1269 819 1338 ugus
844 1259 879 1312 ut
897 1247 1010 1336 dignus
1031 1248 1071 1311 sis
1089 1269 1163 1334 pers
1185 1269 1252 1312 esse

221 1359 292 1433 Dei,
310 1370 343 1422 et
362 1358 396 1423 in
409 1357 552 1424 funiculo
570 1357 762 1424 hereditatis
782 1358 852 1445 ejus
875 1355 989 1424 metiri.
1013 1353 1138 1442 Alioqui
1160 1354 1186 1419 si
1206 1355 1251 1419 in·

223 1467 316 1556 digne
332 1489 420 1556 agas,
432 1465 578 1554 exemplo
593 1468 656 1532 sint
670 1467 728 1532 tibi
743 1465 787 1532 iiii
803 1467 857 1555 qui
873 1465 914 1530 ed
932 1464 995 1530 hoe
1011 1464 1112 1529 vocati
1130 1461 1251 1528 suerent

225 1587 259 1639 ut
275 1587 381 1640 essent
398 1597 472 1663 pers
482 1575 554 1650 Dei,
570 1587 603 1640 et
617 1577 756 1663 peccetis
771 1577 835 1642 suis
850 1575 912 1640 hoe
927 1587 1126 1650 meruerunt,
1142 1585 1177 1638 ut
1192 1575 1250 1640 dis·

222 1695 429 1773 pergerentur
443 1706 501 1771 per
515 1706 626 1749 omnes
643 1696 762 1773 gentes.
780 1686 821 1751 Et
836 1683 889 1773 qui
903 1685 990 1771 prius
1006 1683 1114 1749 educti
1129 1682 1245 1747 suerent

224 1792 370 1858 dedomo
385 1790 556 1866 servitutis,
570 1815 655 1858 nune
670 1815 798 1858 rursum
813 1792 899 1881 (quia
914 1793 992 1881 «qui
1004 1805 1130 1880 peccet,
1146 1815 1245 1856 servus

225 1928 238 1961 ι
250 1913 299 1966 est
308 1896 450 1989 peceati⁸
467 1903 502 1989 ι)
516 1924 582 1966 ιιοιι
596 1903 661 1989 jam
674 1901 830 1991 AEgyptiis
845 1901 931 1976 solis,
944 1901 1000 1967 sed
1016 1902 1164 1968 omnibus
1178 1925 1250 1989 gen·

222 2011 307 2076 tibus
318 2010 468 2076 serviunt.
483 2012 566 2100 Ergo
579 2011 696 2077 dieitur
707 2023 739 2076 et
751 2012 821 2087 tibi,
834 2013 888 2100 qui
900 2034 958 2100 per
967 2009 1079 2075 desum
1093 2009 1250 2075 Christum

222 2101 315 2183 existi
328 2118 367 2184 de
382 2117 534 2208 AEgypto,
547 2133 580 2186 et
592 2121 631 2186 de
648 2122 744 2186 domo
757 2121 917 2188 servitutis
930 2119 1067 2185 eductus
1082 2142 1116 2184 es
1132 2143 1141 2185 ε
1157 2146 1170 2180 ι
1185 2119 1251 2186 Neu

225 2238 347 2294 »erunt
361 2228 418 2293 tibi
436 2225 478 2294 dii
495 2228 546 2293 aiii
562 2242 677 2318 praeter
688 2252 739 2295 me
749 2229 771 2294 ⁴.
787 2259 800 2291 ι

269 2383 378 2402 ........
383 2336 578 2403 Sciendum⁵
593 2350 701 2404 tumen
713 2338 813 2425 quod,
830 2360 905 2403 eum
919 2337 1098 2403 decreveris
1110 2340 1249 2427 precepti

223 2448 292 2534 ejus
306 2471 430 2517 servare
446 2449 645 2526 mandatum,
659 2460 691 2512 et
705 2469 816 2512 omnes
833 2459 964 2514 caeteros
975 2446 1051 2512 deos
1068 2460 1102 2512 et
1113 2446 1245 2512 dominos

223 2558 403 2648 repudiare,
424 2569 457 2622 et
472 2571 586 2646 praeter
604 2559 705 2621 unum
725 2557 830 2622 Deum
852 2569 885 2623 et
899 2556 1072 2623 Dominum
1096 2555 1249 2623 neminem

222 2664 340 2732 habere
356 2661 405 2729 vel
420 2665 515 2730 deum
532 2665 580 2730 vel
596 2665 775 2741 dominum,
788 2665 851 2731 hee
864 2679 913 2732 est
924 2664 1044 2731 bellum
1056 2665 1124 2731 sine
1136 2665 1248 2730 ioedere

223 2771 423 2839 denuntiasse
434 2773 582 2838 omnibus
593 2773 725 2840 caeteris.
739 2774 822 2840 Cum
834 2798 909 2863 ergo
919 2774 1061 2839 venimus
1074 2775 1250 2864 edgrstiem

222 2882 382 2968 baptismi,
397 2882 549 2948 universis
560 2883 628 2948 aliis
642 2883 701 2948 diis
712 2895 744 2948 et
756 2884 892 2950 dominis
907 2884 1139 2960 renuntiantes,
1152 2883 1251 2950 solum

117 3013 128 3028 ³
222 2987 414 3078 eonfitemur
424 2989 528 3057 Deum
544 2988 683 3067 Patrem,
699 3002 731 3057 et
743 2991 872 3066 Filium,
885 3005 918 3058 et
929 2993 1083 3083 Spiritum
1095 3006 1248 3061 sanctum.

221 3095 287 3163 sed
305 3096 367 3162 hoc
387 3097 588 3174 confitentes,
602 3101 661 3166 nisi
685 3113 751 3166 toto
774 3101 870 3167 corde
894 3101 1061 3191 diligemus
1081 3102 1252 3170 Dominum

221 3205 325 3271 Deum
342 3216 498 3282 nostrum,
515 3221 547 3272 et
570 3219 634 3273 tote
651 3210 755 3274 enimn
770 3222 802 3274 et
825 3222 889 3276 tots
907 3211 1022 3277 virtute
1038 3213 1252 3279 adhereamus

223 3313 295 3402 ipsi,
308 3337 373 3379 non
387 3333 496 3413 sumus
509 3316 620 3406 ,effecti
636 3341 707 3405 pers
722 3320 871 3386 Domini:
890 3322 946 3386 sed
961 3321 1046 3387 velut
1061 3323 1094 3388 in
1112 3324 1252 3389 confinio

223 3423 361 3510 quodem
375 3424 481 3515 positi,
493 3437 525 3514 et
537 3423 605 3493 iilos
620 3415 909 3517 offensosnetimur
925 3455 1004 3519 quos
1017 3432 1204 3521 refugimus,
1220 3445 1253 3498 et
1313 3445 1316 3451 ⁴

222 3531 398 3599 Dominum·
414 3533 455 3602 ud
470 3556 565 3620 quem
584 3535 796 3626 confugimus,
816 3540 988 3626 propitium
1004 3562 1068 3610 non
1084 3540 1250 3612 efficimus.

223 3663 318 3728 quem
333 3664 398 3708 non
413 3665 452 3709 ex
467 3653 535 3707 toto
547 3655 579 3708 et
590 3641 712 3733 integro
728 3647 825 3712 eorde
841 3646 1009 3737 diligimus.
1025 3651 1065 3720 Et
1079 3650 1152 3715 ideo
1167 3649 1252 3738 luget

256 3801 266 3834 ¹
278 3801 342 3852 Psai.
355 3819 384 3863 ιι,
395 3803 419 3852 8.
429 3829 459 3839 -
469 3801 480 3834 ²
491 3803 564 3852 loen.
576 3821 640 3864 xru,
651 3821 687 3854 ιο.
699 3806 747 3845 -³
757 3808 831 3858 donn.
841 3825 898 3870 rur,
910 3809 951 3870 54.
964 3799 995 3849 -ss-
1007 3809 1105 3859 δΕιοιΙΙ
1117 3827 1160 3869 xx,
1173 3807 1199 3857 5.

256 3873 775 3943 ⁵1t.5,t,5,6.p.158,159‚160,161.
