2660 4610
297 337 882 386 rscsnrrcoucmrrconunnn.11.
936 397 945 418 ἱ
988 357 993 364 -
1038 317 1103 406 lit)

69 461 252 536 culum'est
266 461 430 528 scientiam
448 460 765 552 sui“ognitionemque
778 459 944 551 negligere.
968 461 1030 528 Sed
1046 461 1107 526 lor-

73 588 160 643 tasse
182 573 255 662 quia
272 569 431 660 duplicem
448 568 674 658 expositionem
696 569 841 639 dedimus
859 570 1025 659 agnitionis
1044 589 1108 636 suae

77 684 195 750 animm
217 679 373 748 ridebitur
393 675 530 764 cuipiam
551 676 726 743 secundum
742 698 813 742 cam
833 679 962 766 quidem
979 701 1049 768 quat
1070 679 1111 746 de

80 791 223 863 moribus
237 763 327 854 etde
346 786 468 852 actibus
488 784 551 851 suis
567 785 723 866 discutere
741 785 887 878 negligit,
904 800 936 852 et
953 787 1112 877 inquirere

82 899 124 967 de
134 895 326 987 profectibus
337 894 418 969 suis,
430 904 483 958 aut
494 893 685 981 perscrutari
698 892 850 970 devitiis,
862 896 1092 962 meritoeidici
1104 919 1112 960 :

1 997 2 1001 ¹
79 1005 150 1072 Em·
157 1049 167 1081 ‚
178 1022 235 1094 per
245 1001 333 1091 quod
343 1000 487 1067 rideatur
502 999 590 1088 quasi
606 1001 645 1066 de
660 1001 862 1067 interioribus
873 1002 955 1068 loros
969 999 1114 1094 propelli.

77 1114 200 1182 sivero
212 1110 392 1179 seeundum
403 1108 576 1175 editionem
591 1107 684 1175 aliam
693 1159 702 1185 ,
711 1125 774 1197 qua
786 1107 920 1176 diximus
932 1112 1018 1200 quod
1029 1125 1120 1178 natu-

78 1240 150 1284 ram
167 1214 444 1300 substantiamque
457 1237 548 1279 suam
564 1235 733 1302 agnoscere
749 1213 880 1292 debeat,
894 1228 926 1281 et
941 1227 1058 1282 statum
1073 1217 1122 1284 vel

81 1326 118 1392 in
136 1346 201 1413 quo
218 1322 334 1398 luerit,
350 1321 400 1392 vel
417 1322 450 1388 in
469 1343 532 1409 quo
550 1321 629 1398 erit,
648 1343 742 1410 grave
760 1311 919 1419 credetur.
939 1325 1019 1406 Quae
1037 1327 1123 1392 enim

85 1419 175 1496 facile
195 1426 267 1493 talis
287 1427 390 1492 anima
408 1425 603 1502 inuenietur,
623 1425 666 1492 ita
685 1425 845 1514 perlecta,
864 1427 907 1494 ita
924 1442 1121 1519 praepotens,

88 1536 141 1604 cui
155 1537 271 1604 borum
284 1535 428 1601 omnium
439 1533 564 1600 ratioet
575 1531 781 1624 intelligentia
793 1535 922 1623 patenti
933 1537 1056 1604 Adboo
1067 1562 1130 1604 res-

93 1644 302 1736 pondebimus
313 1691 323 1720 ,
335 1642 485 1732 quoniam
498 1665 603 1708 sermo
617 1642 671 1730 qui
685 1641 823 1708 babetur
836 1645 869 1709 in
882 1645 1049 1724 manibus,
1063 1671 1128 1715 non

95 1754 137 1822 ad
156 1775 261 1820 omnes
277 1752 397 1818 animas
413 1750 467 1826 lit,
490 1769 593 1838 neque
613 1749 653 1814 ad
669 1749 919 1818 adolescentulas
939 1755 1054 1843 quibus
1073 1755 1128 1824 bic

90 1861 232 1950 loquitur
246 1883 398 1950 sponsus,
410 1881 513 1947 neque
529 1857 570 1923 ad
582 1869 711 1924 eeteros
725 1856 893 1936 mulieres,
905 1881 1009 1950 neque
1021 1863 1061 1933 ad
1076 1886 1129 1931 oc*

88 1971 211 2061 toginta
231 1970 448 2044 concubinas,
469 1978 523 2034 aut
545 1966 702 2056 sexaginte
721 1968 864 2058 ¹reginas,
888 1969 943 2035 sed
966 1972 1004 2037 ad
1023 1969 1128 2050 illam,

91 2103 164 2169 quse
179 2078 263 2144 inter
278 2100 387 2144 omnes
402 2074 550 2142 mulieres
569 2073 634 2140 sola
649 2073 784 2163 pulcbra
799 2077 915 2142 dicitur
930 2091 962 2144 ot
977 2080 1127 2168 perlecta.

94 2187 184 2254 Unde
199 2197 330 2278 apparet
344 2185 383 2252 ad
398 2181 530 2250 dilectas
543 2183 816 2269 quasqueanimas
830 2183 899 2250 boee
915 2185 998 2262 dici,
1015 2187 1130 2276 quibus
1155 2197 1156 2201 ’

92 2318 168 2363 cum
188 2293 287 2384 gratia
305 2289 405 2358 multa
427 2289 582 2358 sentiendi
602 2301 635 2354 et
650 2286 846 2380 intelligendi
864 2314 881 2357 a
898 2292 966 2359 Deo
983 2294 1056 2360 data
1072 2297 1129 2373 sit,

96 2403 258 2492 negligunt
273 2413 379 2468 tamen
390 2399 528 2465 scientie
542 2409 668 2486 partos,
680 2409 713 2463 et
723 2400 936 2488 cognoscendi
948 2404 1131 2492 semetipsas

95 2511 219 2580 nullum
233 2510 384 2577 adhibent
402 2506 552 2572 studium.
570 2505 627 2571 llis
642 2529 719 2595 ergo
732 2508 946 2574 comminatur
960 2531 1064 2577 sermo
1080 2513 1130 2579 di-

93 2622 187 2688 vinus
202 2643 211 2684 ε
225 2618 298 2707 quia
314 2617 430 2705 quibus
444 2613 582 2682 multum
598 2614 708 2691 datur,
721 2613 859 2682 multum
871 2637 910 2682 ex
924 2619 969 2683 eis
983 2621 1127 2710 exigitur.

94 2733 136 2797 Et
145 2725 275 2794 bumilis
285 2725 414 2815 quidem
426 2723 517 2789 venia
531 2734 564 2787 ct
578 2713 795 2789 misericordia
807 2723 919 2814 dignus
929 2727 1008 2803 erit,
1021 2740 1130 2817 poten·

97 2852 144 2906 tes
158 2849 266 2904 autem
282 2845 428 2923 potenter
443 2830 680 2898 cruciabuntur.
699 2831 733 2897 Si
747 2851 823 2920 ergo
840 2843 873 2896 et
887 2845 921 2897 tu
938 2834 1041 2902 anima
1060 2859 1130 2924 qun

8 2995 9 3032 3
99 2945 245 3036 pulchior
261 2967 315 3019 es,
331 2954 364 3007 et
379 2939 569 3006 eminentior
587 2939 669 3004 inter
688 2949 816 3004 oaeteras
832 2942 919 3008 vorbi
937 2943 1037 3032 gratia
1052 2943 1130 3012 doc-

10 3107 11 3114 ,
101 3046 206 3130 trinis',
228 3049 365 3141 negligus
387 3047 604 3136 temetipsam,
622 3055 655 3111 et
673 3047 706 3111 in
723 3046 898 3136 ignorantia
916 3051 963 3114 tui
985 3075 1129 3131 maneas,

96 3161 261 3255 quomodo
280 3169 430 3250 poterunt
446 3155 495 3223 vel
509 3155 542 3221 bi
560 3156 613 3244 qui
632 3154 781 3221 aedilicari
801 3157 980 3224 desiderant
1000 3161 1130 3240 instrui,

98 3271 152 3340 vel
168 3268 354 3359 convineor
365 3265 454 3354 argui
469 3261 744 3333 contradicentes?
754 3264 854 3353 Digne
869 3287 946 3357 ergo
957 3289 1031 3336 oum
1044 3294 1134 3338 eom-

102 3378 275 3446 minatiouo
287 3375 424 3464 quadam
440 3372 480 3438 ad
495 3392 565 3436 eam
581 3369 696 3437 dicitur
713 3371 812 3437 :sliri
824 3384 859 3436 tu
874 3373 906 3439 in
918 3377 1053 3467 vestigiis
1067 3403 1136 3469 gre-

101 3497 263 3577 »gum,et
272 3505 366 3573 pasce
378 3480 484 3548 boedos
496 3491 567 3544 tuos
579 3477 612 3544 in
623 3477 834 3545 tabernaculis
844 3485 1037 3570 pastorum¹.
1053 3487 1137 3554 »Po-

15 3649 17 3672 r
97 3606 166 3663 test
181 3594 219 3660 sd
234 3592 297 3660 boc
311 3590 394 3657 trahi
409 3589 504 3655 etiam
520 3585 599 3652 illud
613 3587 698 3675 quod
716 3587 839 3677 Moyses
854 3592 963 3659 scribit
981 3617 989 3658 ε
1005 3596 1143 3676 Quodsi

16 3755 19 3792 2
94 3730 165 3796 qua
178 3699 349 3769 israelitica
359 3697 473 3765 mulier
481 3695 719 3772 adulteraverit,
732 3683 919 3786 lapidetur².
937 3701 971 3768 Si
983 3727 1056 3768 vero
1074 3703 1140 3773 filia

17 3865 19 3902 ξ
96 3794 297 3888 sacerdotis,
313 3810 439 3901 ignibus
456 3817 619 3874 exuratur.
637 3805 691 3873 Sic
709 3829 784 3898 ergo
801 3809 885 3901 justa
902 3810 1060 3878 videbitur
1075 3837 1143 3883 esse

139 3951 468 4021 ¹Cnnt.1,8.-²Lerit.
482 3971 534 4019 xx,
555 3969 601 4012 105
619 3969 723 4020 κὴρ.

243 4069 274 4111 x.
999 4067 1038 4135 29
