2604 4614
257 283 310 340 ἰιι
335 293 497 344 crurrcnn
521 296 724 344 cnnrrconuu
747 297 820 342 non.
848 297 870 341 ι.
1032 279 1096 344 dat

63 433 93 486 et
106 444 165 510 ego
181 421 258 486 boni
274 419 380 485 odoris
394 443 468 496 ero,
485 433 517 486 et
533 445 592 511 ego
607 421 700 488 liniar
720 421 907 540 ungnentis,
931 435 964 488 ot
982 424 1023 489 ad
1044 447 1097 490 me

64 548 159 614 usque
173 525 243 612 ojus
263 536 422 610 unguenta
438 527 642 612 pervenient,
664 539 699 590 ut
717 524 926 613 pessimum
945 527 1098 616 Apostolo

2 635 185 731 elicere.
210 629 354 698 «Christi
378 633 479 700 bonus
501 633 582 700 odor
597 657 707 698 sumus
726 633 759 698 in
775 632 969 702 omniluco¹
973 663 1003 700 ,ι
1034 635 1100 704 Nos

1 802 5 839 Ι
64 750 170 807 autem
185 759 257 804 eum
269 714 340 802 teo
354 732 551 814 audirimus,
571 737 676 806 adhuc
691 738 830 826 peccatis
848 738 993 828 vitiisque
1011 741 1099 806 liete

2 917 4 946 γ
64 870 156 921 mus,
172 844 339 931 dequibus
358 844 517 934 Propheta
532 845 689 935 poenitens
704 843 864 934 loquitur.
882 847 1099 914 «Putnrerunt

1 1015 5 1044 ‚
67 967 119 1020 »et
129 964 286 1041 corruptae
295 963 370 1020 sunt
381 953 547 1022 creatrices
557 954 772 1022 meealacre
763 954 950 1044 rnsrprcntras
962 955 1060 1022 meae²
1065 984 1091 1021 ,ι

1 1063 234 1164 Peccatum
257 1061 364 1127 odoris
385 1073 433 1128 est
459 1062 581 1149 putidi,
599 1063 696 1129 virtus
718 1062 815 1150 spiret
831 1075 1010 1152 unguenta,
1024 1089 1101 1152 quo·

2 1233 3 1272 ἒ
61 1193 133 1236 rum
154 1182 248 1258 typos
259 1169 401 1257 reperies
418 1169 452 1239 in
465 1169 587 1236 Exodo.
602 1169 746 1236 invenies
757 1193 885 1258 quoque
896 1171 940 1236 ibi
957 1183 1098 1250 stacten,

61 1277 206 1367 onycha,
218 1275 409 1364 galbanum,
426 1288 459 1340 et
474 1275 604 1365 reliqna.
624 1277 916 1364 Haecquidomad'
908 1300 1097 1346 moeusum:

64 1386 176 1454 deindo
196 1385 235 1452 ad
254 1408 338 1472 opus
359 1385 560 1473 unguentarii
584 1385 668 1452 varia
682 1397 854 1452 sumuntur
869 1400 1052 1475 unguenta,
1067 1389 1100 1454 in

68 1495 237 1582 quibusest
248 1493 411 1562 narduset
425 1503 535 1558 stacte.
553 1494 594 1560 Et
609 1493 695 1560 Deus
707 1493 760 1579 qui
771 1492 846 1558 lecit
862 1493 980 1560 coelum
990 1506 1024 1561 et
1034 1507 1102 1560 ter-

68 1626 132 1670 ram
142 1651 152 1678 ,
164 1599 306 1688 loquitur
322 1601 364 1668 nd
377 1599 504 1676 Mosen,
521 1599 646 1668 dicens:
664 1601 755 1689 «Ego
773 1600 901 1689 implevi
914 1623 972 1668 eos
985 1603 1100 1691 spiritu

66 1709 244 1799 asapientiae
256 1721 289 1777 et
303 1707 500 1783 intellectus,
521 1721 556 1773 ut
576 1708 694 1790 iaciant
713 1731 808 1797 opera
828 1711 903 1778 artis
919 1722 1099 1799 unguenta-

62 1814 154 1880 »riae³
169 1837 177 1882 t
190 1843 203 1874 ι
218 1825 252 1880 et
268 1813 493 1902 unguentarios
514 1814 600 1880 Deus
615 1814 719 1880 docet.
742 1814 818 1880 Haec
839 1813 899 1880 nisi
918 1813 1100 1903 spiritaliter

58 1921 295 2011 intelligantur,
312 1943 418 1993 nonno
438 1919 551 1989 lobulae
570 1921 669 1990 sunti
684 1921 743 1989 nisi
764 1920 881 2010 aliquid
898 1923 1036 1992 habeant
1050 1946 1100 1990 se-

57 2034 158 2107 creti,
175 2053 283 2096 nonne
299 2029 428 2118 indigna
443 2041 516 2096 sunt
531 2029 623 2096 Deoi'
634 2029 769 2098 noeane
783 2041 831 2094 est
846 2031 942 2118 igitur
951 2054 1031 2098 eum
1046 2032 1100 2119 qui

60 2139 172 2206 audire
188 2137 368 2226 Scripturas
385 2136 567 2225 spiritaliter
585 2139 692 2212 novit,
710 2149 764 2204 aut
784 2139 838 2224 qni
858 2151 945 2206 uerte
961 2163 1025 2206 uon
1040 2141 1102 2206 no-'

62 2248 126 2324 rit,
151 2259 184 2312 et
210 2245 368 2317 desiderat
390 2267 503 2321 nosse,
519 2246 605 2317 omni
622 2244 730 2310 labore
750 2246 963 2323 contendere,
982 2259 1097 2314 utnon

65 2356 154 2442 juxta
166 2377 294 2422 carnem
310 2365 342 2418 et
358 2354 544 2441 sanguinem
560 2364 783 2429 conversetur,
801 2376 864 2441 quo
879 2357 976 2443 possit
988 2355 1099 2444 dignus

61 2463 133 2528 lieri
147 2460 336 2550 spiritalium
346 2473 564 2538 secretorum,
581 2473 614 2526 et
626 2473 661 2526 nt
673 2460 790 2549 aliquid
803 2463 969 2530 audentius
981 2455 1099 2536 diesim,

56 2567 192 2659 spirituli
219 2568 367 2656 cupidine
391 2567 437 2632 vel
462 2590 569 2634 amore
583 2567 797 2634 accendatur:
822 2569 978 2655 siquidem
1002 2581 1051 2633 est
1067 2580 1101 2632 et

54 2676 210 2767 spiritalis
225 2700 323 2744 amor.
346 2678 387 2744 Et
401 2677 563 2762 quomodo
583 2687 631 2740 est
652 2676 781 2763 qnidam
797 2677 931 2744 carnalis
943 2679 1052 2752 cibus,
1069 2688 1102 2740 et

54 2789 139 2858 alius
162 2787 327 2878 spiritalis:
341 2777 377 2852 et
391 2786 452 2856 alia
469 2788 571 2855 carnis
593 2788 702 2875 potio,
727 2785 787 2854 alia
813 2789 971 2876 spiritus:
993 2789 1039 2854 sic
1053 2800 1102 2854 est

53 2898 192 2986 quidam
207 2919 297 2962 amor
310 2896 415 2962 carnis
432 2919 448 2960 a
464 2895 580 2962 Satanu
597 2896 745 2970 veniens,
772 2894 851 2961 alius
865 2919 957 2962 amor
972 2897 1098 2984 spiritus

54 3007 160 3074 aDco
175 3005 339 3072 exordium
354 3003 494 3070 habens:
514 3015 547 3068 et
561 3025 657 3070 nemo
673 3014 778 3090 potest
796 3004 921 3072 duobus
938 3005 1099 3072 umoribus

50 3114 226 3207 possideri.
243 3115 276 3181 Si
289 3114 392 3179 carnis
411 3123 533 3179 amatur
548 3136 600 3188 es,
618 3136 759 3180 amorem
776 3112 904 3200 spiritus
920 3136 984 3180 non
1001 3113 1096 3200 capis.

52 3225 91 3292 Si
108 3223 220 3290 omnia
235 3219 410 3309 corporalia
433 3220 621 3308 despexisti,
640 3244 704 3286 non
719 3221 791 3286 dico
811 3243 940 3286 earnem
960 3233 1014 3287 aut
1029 3243 1103 3286 san-

54 3332 189 3420 guinem
206 3379 216 3405 ,
231 3330 287 3394 sed
309 3340 474 3417 argentum
497 3339 529 3392 et
549 3328 778 3416 possessiones,
796 3329 851 3394 sed
868 3329 967 3418 ipsam
983 3340 1101 3394 terram

53 3440 230 3528 ipsumque
251 3435 370 3502 coelum
386 3416 484 3510 ,⁵haec
500 3436 618 3524 quippe
639 3435 897 3523 pertransibunt:
917 3437 942 3502 si
958 3437 1015 3502 ista
1030 3459 1102 3502 om-

48 3549 110 3614 nia
131 3545 374 3633 contempsisti,
396 3545 484 3611 etad
502 3543 625 3611 nullum
642 3543 756 3610 horum
775 3545 879 3610 anima
899 3558 953 3610 tua
965 3544 1102 3632 obligata

47 3669 125 3731 est,
144 3678 252 3741 neque
267 3673 428 3742 quoquam
443 3653 593 3720 vitiorum
608 3675 716 3720 amore
733 3653 894 3728 retineris,
912 3666 1000 3740 potes
1016 3675 1102 3717 amu-

44 3787 126 3830 rem
141 3785 258 3850 capere
269 3759 451 3850 spiritalem.
470 3760 515 3826 lta
527 3759 625 3828 locuti
638 3781 747 3826 sumus
759 3761 833 3846 quia
844 3761 946 3828 evenit
960 3759 1098 3835 occasio,

89 3917 100 3947 ¹
119 3911 210 3964 :Con
225 3928 264 3972 ιι,
284 3909 320 3960 ι5.
335 3939 363 3946 -
379 3906 583 3972 ¹Psal.xuvn,
599 3911 622 3960 6.
637 3909 778 3960 -illxod
792 3927 869 3968 xus,
884 3912 904 3956 t.
