2660 4610
185 239 250 317 loa
498 299 509 312 ,
640 262 784 305 carusius

187 384 304 450 »astitit
316 409 333 449 a
345 383 463 449 dextris
476 384 536 450 tuis
548 385 581 448 in
596 385 712 450 vestitu
728 387 902 460 deaurato,
919 386 1120 452 circumdata
1135 387 1238 450 vene-

189 493 327 556 »tatibus
341 491 363 556 ¹.
386 492 460 557 »De
489 491 536 556 bis
558 505 664 590 autom
680 491 1016 580 adolescentulisquae
1038 505 1114 581 post
1139 495 1237 580 ipsam

187 611 413 675 cucurrerant,
430 611 462 664 et
484 598 595 686 procul
619 601 659 664 ab
679 623 717 664 ea
737 600 769 666 in
793 600 867 688 ipsis
886 601 1038 666 currendi
1057 601 1173 688 spatiis
1188 623 1232 662 re

188 720 393 782 manserant,
417 707 551 772 dicitur:
565 705 796 774 «Adducuntur
811 709 877 796 regi
894 709 1032 796 uirgines
1049 719 1127 796 post
1150 729 1237 780 eam,

189 816 361 905 »proximrc
376 814 445 902 ejus
469 813 667 880 adducentur
692 815 750 900 tibi
768 839 776 880 τ
795 815 1006 881 Adduccntur
1024 815 1059 879 in
1076 813 1192 878 laetitia
1209 825 1237 876 et

189 922 424 997 »exultaticue,
439 921 630 986 inducentur
644 921 847 1011 in‘templum
862 924 944 1011 regis
958 921 980 986 ².
1001 950 1015 982 ι

235 1031 298 1096 Sed
305 1028 523 1094 etillu'detiam
533 1030 564 1094 in
573 1028 635 1094 huc
644 1030 808 1094 advortere
816 1030 984 1103 debemus,
994 1030 1085 1118 quod
1095 1031 1236 1094 sicutrm

189 1139 286 1204 habet
304 1135 488 1204 cubiculum
510 1136 672 1223 quoddam
691 1137 723 1202 in
737 1138 823 1223 quod
841 1138 983 1226 reginam
999 1141 1069 1202 sivo
1092 1159 1235 1224 sponsam

190 1269 280 1312 suam
291 1245 464 1312 introducit
475 1268 483 1308 :
495 1244 537 1309 its
545 1242 679 1309 habetet
688 1267 802 1332 sponso
810 1269 903 1310 suum
911 1244 1109 1310 cubiculum
1118 1246 1153 1308 in
1161 1244 1235 1330 quod

190 1367 340 1422 monetur
347 1376 404 1442 per
412 1355 545 1418 uerbum
553 1353 611 1416 Dei
621 1352 759 1440 ingressa
768 1350 914 1418 claudere
925 1355 1164 1428 ostium,etita
1172 1375 1233 1416 con-

155 1481 165 1496 ’
191 1461 286 1528 clusis
302 1460 361 1526 illis
378 1461 525 1538 omnibus
543 1460 657 1526 divitiis
668 1461 731 1526 suis
746 1461 829 1525 intra
844 1459 921 1526 illud
939 1459 1139 1526 cubiculum
1155 1483 1231 1524 orare

191 1594 265 1636 eum
288 1569 342 1657 qui
369 1568 453 1636 videt
473 1568 506 1632 in
522 1567 727 1647 abscondito,
748 1581 782 1632 et
806 1568 956 1656 perspicit
980 1581 1125 1655 quantas
1149 1591 1228 1654 opes,

191 1678 288 1744 animi
305 1676 425 1744 scilicet
443 1678 590 1752 uirtutes,
608 1678 691 1743 intra
711 1674 895 1742 cubiculum
911 1701 1007 1742 suum
1025 1701 1147 1765 sponsa
1163 1700 1227 1740 con·

191 1786 323 1862 diderit,
341 1797 376 1848 ut
390 1785 499 1850 videns
511 1785 580 1871 ejus
592 1785 716 1851 divitias
727 1783 781 1848 det
793 1784 822 1850 ei
834 1785 1006 1872 petitiones
1017 1808 1108 1849 suas.
1121 1785 1220 1849 «Omni

192 1891 293 1954 »euim
312 1889 442 1954 habenti
458 1887 586 1952 dabitur
599 1888 621 1954 ⁸.
634 1917 647 1950 a
664 1889 759 1968 Quod
775 1899 881 1953 autem
897 1889 940 1954 ait
954 1913 962 1952 :
974 1914 988 1948 ι
1002 1886 1210 1952 Exultenusct

192 1996 426 2086 »jocundemur
440 1995 472 2060 in
485 1994 528 2059 te*
541 2046 550 2071 ,
561 1995 754 2061 »videturex
770 2017 905 2084 persona
921 1995 1211 2061 adolescentularum

192 2105 271 2180 dici,
290 2101 336 2170 vol
353 2102 530 2190 optantium
546 2113 579 2166 et
590 2103 766 2190 petentium
781 2128 799 2168 u
814 2125 950 2191 sponso,
967 2115 1006 2166 ut
1022 2102 1218 2190 quemadmo-

193 2213 271 2277 dum
289 2234 403 2300 sponsa
426 2222 594 2276 consecuta
608 2222 657 2275 est
678 2234 748 2297 quae
770 2210 910 2300 perlecta
933 2223 1031 2286 sunt,
1051 2223 1086 2275 et
1101 2208 1223 2282 exultat,

191 2321 234 2384 ita
246 2320 320 2408 ipsae
335 2319 400 2404 jam
416 2341 509 2384 suurn
525 2316 658 2405 implere
672 2341 820 2392 cursum,
844 2328 876 2383 et
891 2319 1064 2405 pervenire
1086 2314 1229 2404 usquead

193 2428 273 2516 regis
292 2424 475 2492 cubiculum
491 2437 685 2502 mereantur,
703 2437 738 2489 ut
753 2425 926 2513 perspectis
941 2437 974 2488 et
992 2424 1122 2490 intuitis
1136 2423 1229 2488 omni·

193 2535 254 2600 bus
269 2533 317 2620 his
330 2534 370 2598 de
385 2533 499 2619 quibus
511 2531 564 2598 illa
574 2530 739 2620 gloriatur,
755 2533 851 2597 etiam
863 2532 937 2620 ipsae
947 2531 1098 2597 exultent
1114 2533 1195 2596 sicut
1205 2543 1234 2595 ct

193 2641 268 2716 illa,
287 2653 319 2706 et
339 2640 555 2728 jocundentur
577 2641 609 2704 in
632 2661 681 2704 eo.
703 2637 761 2706 Vel
777 2639 874 2706 etism
894 2640 934 2704 ed
956 2663 1111 2727 sponsam
1139 2650 1236 2727 potest

195 2751 318 2815 dictum
331 2749 427 2836 uideri
442 2747 482 2813 ab
495 2746 736 2813 adolescentulis
748 2744 1043 2834 congratulantibus
1056 2749 1107 2821 ei,
1122 2761 1155 2812 et
1166 2770 1234 2835 pro-

196 2858 414 2931 mittentibus,
430 2855 691 2943 petentibusque,
713 2866 747 2918 ut
758 2855 928 2942 participes
940 2855 1020 2921 fiant
1034 2855 1237 2920 exultationis

196 2966 265 3053 ejus
290 2977 322 3029 et
343 2963 467 3028 laetiuae.
504 2991 516 3024 κ
540 2962 712 3051 Diligemus
737 2963 834 3026 ubera
856 2974 909 3028 tua
937 2986 1034 3051 super
1066 2963 1235 3028 vinum⁵.»

195 3073 314 3160 Sponsa
331 3072 458 3158 quidem
475 3083 641 3159 postquam
657 3069 765 3136 oscula
781 3072 897 3134 meruit
910 3072 949 3136 ab
967 3073 1036 3159 ipso
1053 3073 1165 3159 sponsi
1187 3093 1239 3136 ore

195 3181 373 3267 suscipere,
393 3192 425 3244 et
447 3180 596 3244 uberibus
616 3180 685 3266 ejus
697 3177 844 3266 perfrui,
872 3178 914 3244 ait
939 3178 980 3244 ad
996 3202 1075 3244 cum
1094 3205 1102 3243 :
1121 3209 1135 3240 ι
1151 3181 1238 3244 Bona

197 3304 291 3356 »sunt
315 3294 411 3358 ubera
428 3303 480 3358 tua
497 3315 591 3380 super
606 3291 714 3358 vinum
727 3289 752 3354 ⁸.
772 3317 787 3350 s
805 3288 1060 3356 Adulescentulus
1077 3315 1155 3356 uero
1171 3315 1239 3378 quae
1316 3315 1317 3330 ³

197 3400 341 3466 noudum
358 3400 398 3464 ad
413 3401 446 3464 id
456 3400 658 3466 beatitudinis
675 3410 843 3473 venerant,
860 3421 963 3486 neque
982 3423 1145 3465 summurn
1165 3423 1240 3488 per-
1316 3377 1317 3442 l

197 3509 342 3574 lectionis
366 3520 572 3595 acceperant,
597 3529 700 3594 nequo
717 3529 774 3570 usu
792 3519 825 3572 ct
847 3506 997 3594 operibus
1014 3507 1142 3572 fructus
1164 3531 1240 3596 per-

197 3616 288 3682 l'ectae
303 3616 464 3682 charitatis
485 3614 705 3704 expleverant,
722 3626 757 3678 ut
775 3614 862 3700 quasi
885 3627 1022 3702 expertae
1039 3615 1239 3704 pronuncia·
1316 3615 1317 3624 ’

234 3768 340 3816 ‘Psalm
350 3785 408 3826 xcv,
421 3741 489 3832 9.’--
501 3761 511 3796 ²
521 3765 586 3816 Ibid.
602 3775 640 3823 rt,
660 3763 700 3816 15.
710 3789 744 3802 ·-
755 3761 764 3794 ³
776 3767 834 3812 Luc.
846 3781 909 3833 3¹¹⁹
931 3765 972 3814 26.
985 3794 1015 3802 -
1026 3764 1116 3813 ‘sent
1128 3781 1154 3825 1,
1169 3767 1192 3824 4.
1203 3791 1237 3802 -

193 3857 203 3890 ⁸
221 3855 468 3920 lbid.—⁸ld.r,s.
