2660 4610
219 299 284 378 tto
670 315 814 358 onrnnnrs

220 456 255 506 ut
274 441 449 507 annunciet
468 440 526 504 sibi
551 439 604 502 ubi
624 449 752 526 pascat,
767 437 821 500 uhi
841 437 1006 502 meridiem
1022 439 1145 504 saciat:
1167 465 1180 497 ι
1196 439 1257 512 Ne,

219 548 355 636 nequit,
372 547 492 612 efficiar
509 548 591 612 sicut
607 546 757 633 adoperta
775 567 871 632 super
884 567 994 634 greges
1010 544 1173 610 sodalium
1191 558 1257 609 tuo-
1314 563 1321 615 ,¹

219 681 311 722 »rum
324 656 347 720 ¹.
365 685 378 716 s
397 655 559 735 Quaeritur
579 675 653 741 ergo
675 650 798 718 sodales
819 653 870 717 isti
890 653 943 740 qui
965 653 1090 718 habere
1113 652 1257 740 quosdam
1319 649 1321 688 ³

217 788 326 852 greges
339 764 500 836 dicuntur,
518 773 626 826 utrum
641 781 757 848 sponso
772 781 902 847 operam
918 759 1051 834 dentes,
1070 771 1109 824 et
1124 761 1184 824 sub
1199 759 1256 846 ipso

216 871 302 937 velut
323 881 484 959 pastorum
505 869 649 958 principe
669 879 796 956 agentes
816 868 880 934 hoc
899 867 1036 942 facient,
1061 867 1257 956 quandoqui-
1317 889 1318 910 ι

217 977 289 1042 dem
311 971 434 1040 sodales
456 975 525 1062 ejus
549 973 784 1040 nominantur:
808 993 847 1037 su
868 972 1039 1060 proprium
1063 970 1210 1058 aliquid,
1230 985 1254 1036 et

216 1091 445 1171 sequestratum
457 1080 629 1156 habentos,
646 1091 679 1144 et
693 1079 780 1166 quod
790 1079 908 1144 nonsit
919 1099 994 1144 cum
1007 1079 1130 1144 animo
1141 1079 1251 1166 sponsi:

216 1188 476 1276 quandoquidem
493 1185 607 1275 refugit
623 1207 754 1274 sponsa,
772 1196 805 1250 et
822 1197 950 1251 veretur
963 1207 1006 1250 ne
1022 1185 1115 1250 forte
1134 1187 1254 1251 incurrit

215 1293 372 1362 sodalium
387 1316 499 1383 greges
510 1292 589 1358 dum
606 1313 757 1380 sponsum
771 1313 865 1356 suum
880 1291 1028 1378 requirit.
1049 1293 1125 1358 Sed
1140 1305 1172 1359 et
1185 1293 1252 1382 quod

217 1404 295 1470 dixit
312 1402 382 1469 :Ne
401 1404 483 1491 sorte
501 1399 629 1486 efficiar,
648 1421 714 1464 uon
733 1400 903 1488 adoperta,
924 1400 978 1465 sed
995 1399 1085 1466 sicut
1106 1402 1250 1486 adoperto,

216 1507 341 1594 require
363 1528 405 1570 ue
422 1505 504 1570 sorte
527 1504 638 1569 innuat
657 1525 716 1592 per
734 1502 798 1568 hoc
820 1525 889 1568 osse
908 1501 1054 1590 aliquam
1081 1503 1136 1569 rel
1157 1503 1250 1591 atquo

77 1695 84 1705 ¹
215 1613 371 1682 sodalium
385 1612 474 1700 quusi
489 1633 618 1700 sponsos
628 1610 783 1678 hahentes
795 1611 892 1676 etism
906 1612 992 1700 ipsos
1006 1612 1165 1678 habitum
1178 1635 1247 1700 spor

216 1719 332 1797 sulem.
348 1732 381 1786 et
395 1741 464 1786 osse
478 1719 665 1807 adopertus,
680 1729 733 1793 et,
749 1718 832 1783 siout
846 1717 1019 1806 Apostolus
1036 1719 1143 1795 dicit,
1162 1717 1246 1785 creir

217 1852 311 1896 »meu
331 1840 363 1894 et
379 1837 569 1914 potestatem
590 1827 729 1891 montes
750 1847 845 1912 super
864 1837 961 1913 caput
974 1823 999 1889 ².
1020 1853 1035 1888 s
1056 1828 1104 1891 Et
1120 1827 1239 1891 utnul-

215 1937 323 2002 lestior
344 1936 498 2001 sermonis
520 1935 616 2024 hujus
636 1933 815 2022 explanatio
835 1931 912 2007 fiat,
934 1933 1062 2000 iterum
1086 1938 1164 2023 quui
1175 1934 1231 1997 ds·

216 2044 309 2110 mutis
333 2042 445 2108 ordine
467 2041 556 2129 quod
578 2041 696 2107 dicitur
717 2063 924 2127 exequemur.
948 2043 1113 2130 Exposuit
1134 2044 1163 2107 al
1181 2043 1231 2128 ipso

216 2173 331 2238 sponso
347 2171 405 2214 suo
420 2171 554 2236 sponso,
573 2159 608 2212 ut
623 2149 652 2212 ei
671 2146 778 2212 locum
795 2148 908 2212 secreti
925 2150 974 2212 sui
990 2149 1123 2216 indicet
1135 2161 1164 2214 et
1174 2149 1239 2236 quis·

217 2259 256 2324 tis
275 2281 283 2322 :
300 2240 560 2344 qududoquidem
580 2255 695 2320 amoris
716 2255 884 2341 impatiens
903 2256 1001 2322 etiam
1021 2281 1087 2345 per
1107 2257 1240 2322 meridien

216 2365 305 2455 cupit
320 2364 430 2430 audire
445 2383 619 2452 sponsum,
638 2383 677 2425 eo
697 2361 857 2449 precipue
878 2374 1049 2450 tempore,
1071 2387 1138 2452 quo
1153 2363 1248 2430 clarior

217 2462 291 2549 lux,
306 2485 339 2538 et
354 2469 504 2558 splendor
520 2469 583 2535 diei
597 2469 756 2557 perfectus
777 2479 810 2532 et
830 2493 930 2557 purus
947 2482 1017 2546 est,
1043 2484 1082 2536 ut
1103 2472 1251 2538 assistatsi

74 2591 77 2596 “
217 2603 290 2646 oves
301 2577 443 2666 pascenti
455 2573 504 2641 vel
516 2575 712 2663 refrigeranti
725 2599 733 2640 τ
746 2586 779 2638 ct
791 2574 933 2640 studiose
945 2576 1013 2642 vult
1027 2579 1117 2644 viam
1129 2580 1253 2650 distem,

218 2711 280 2775 que
292 2686 339 2750 ire
351 2685 389 2750 ad
402 2705 476 2748 eum
490 2682 625 2756 debeat,
637 2681 771 2747 neforto
786 2683 812 2746 si
827 2705 892 2774 non
906 2683 1001 2749 luerit
1017 2687 1139 2752 edocta
1151 2687 1256 2751 itineris

217 2793 314 2882 hujus
331 2791 511 2865 anfractus,
527 2791 670 2855 incurrat
684 2811 794 2878 greges
812 2789 990 2867 sodalium,
1011 2805 1046 2857 et
1062 2795 1209 2860 videntur
1219 2795 1256 2858 si-

217 2899 301 2966 milis
316 2921 384 2964 esse
404 2895 496 2963 elicui
515 2895 642 2962 illarum
664 2917 735 2983 quse
754 2897 911 2986 adopertae
931 2899 1064 2966 veniunt
1082 2904 1125 2967 ud
1141 2901 1257 2968 sodales

220 3008 310 3095 ejus,
326 3027 387 3070 nec
401 3003 530 3092 pudoris
545 3025 656 3069 curum
671 3015 805 3092 gerunt,
823 3016 877 3070 aut
894 3019 1047 3074 verentur
1062 3011 1184 3096 passim
1200 3011 1257 3074 dis-

218 3136 368 3189 currere,
388 3124 422 3178 et
440 3110 548 3176 multis
564 3134 725 3200 apparere.
747 3113 814 3202 Ego
834 3125 940 3180 eutem
960 3137 1066 3203 quaes
1087 3117 1195 3192 nullo,
1209 3119 1257 3182 iu·

219 3222 308 3311 quit,
329 3219 389 3285 alio
406 3219 505 3284 rideri
522 3216 594 3284 volo
609 3219 670 3283 uisi
687 3243 706 3283 a
720 3229 752 3282 te
771 3219 857 3296 solo,
878 3223 960 3287 scire
978 3223 1129 3290 desidero
1146 3225 1256 3312 quoad

220 3341 252 3394 to
268 3329 380 3394 itinere
395 3327 537 3401 veniam,
554 3337 590 3389 ut
604 3337 764 3392 secretum
780 3327 838 3402 sit,
854 3339 890 3392 ut
904 3351 999 3400 nomo
1011 3332 1053 3395 sit
1065 3332 1210 3406 medius,
1226 3345 1258 3395 ut

219 3434 325 3503 nullus
343 3432 463 3500 arbiter
482 3433 667 3521 peregrinus
685 3444 717 3496 et
738 3431 858 3498 alienus
875 3447 1034 3501 occurrat.
1057 3439 1100 3501 Et
1119 3439 1202 3503 forte
1218 3439 1256 3502 ob

219 3544 283 3611 hoe
299 3540 430 3629 requirit
445 3540 504 3604 ists
519 3537 588 3604 loca
603 3539 637 3603 iu
648 3540 764 3625 quibus
775 3541 876 3627 pascit
886 3563 1021 3629 sponsus
1033 3565 1110 3608 om
1122 3569 1213 3620 suas,
1226 3559 1255 3607 et

221 3646 403 3716 ostenditei
419 3645 641 3711 verecundiam
654 3669 763 3722 suam,
780 3669 837 3734 pro
854 3669 914 3733 qua
933 3672 997 3715 non
1014 3649 1081 3715 vult
1099 3651 1255 3716 incurrere

221 3779 331 3846 μεμε
347 3750 502 3818 sodalium
521 3775 530 3814 ε
548 3762 583 3814 ut
597 3750 651 3816 ille
665 3765 807 3842 segreget
822 3776 895 3820 oses
910 3779 982 3824 suas
999 3781 1016 3822 u
1031 3755 1252 3833 sodalium

261 3903 270 3940 ί
285 3897 394 3958 Cruci,
405 3911 428 3960 7.
440 3921 473 3934 -
482 3892 612 3957 vesun,
625 3909 667 3944 ιο.
