2644 4612
333 307 365 350 ut
390 306 551 350 canrrcuu
576 305 778 351 ctarrconou
803 307 863 348 ιιι.
891 306 937 349 ιιι.
1088 285 1150 370 517

120 440 230 519 potest
247 429 346 516 accipi
366 429 500 518 Spiritus
514 441 640 494 sanctus
653 452 745 516 aquo
757 429 916 502 sitientes,
931 437 964 492 et
979 426 1155 492 desideran—

118 547 167 603 tes
179 537 295 610 Deum,
308 535 462 624 spiritales
474 541 601 625 gratias,
613 549 645 601 et
658 535 739 600 dona
752 534 891 601 coelestia
903 547 1150 622 consequuntur.

120 646 197 710 llaec
209 657 314 710 autem
331 645 469 710 omniaa
486 645 576 710 nohis
588 644 671 708 dieta
691 655 782 719 sunt,
804 655 838 708 ut
855 642 1049 708 manifestior
1063 642 1155 708 lieret

120 775 214 818 causa
224 803 232 827 ,
244 775 306 840 qua
318 775 430 840 sponsa
442 774 626 841 comparare
637 752 760 817 videtur
771 751 945 817 fraternum
962 773 1055 816 suum
1075 750 1149 817 hin-

120 859 380 927 nulocervorum.
393 860 521 940 Quodsi
533 861 628 925 etiam
640 859 702 926 hoc
716 859 941 947 requirendum
948 872 1007 934 est,
1022 882 1154 926 curnon

119 990 213 1032 cervo
226 967 274 1052 (ut
282 967 314 1033 in
324 965 403 1057 aliis)
414 967 469 1032 sed
477 966 609 1034 hinnulo
617 990 783 1034 cervorum
793 965 1156 1056 comparatur‚illudad-

116 1088 217 1153 verte,
226 1077 394 1164 quodcum
403 1078 607 1144 informaDei
615 1091 708 1155 esset,
720 1077 837 1144 «Filius
851 1077 940 1143 datus
951 1088 998 1142 est
1010 1078 1113 1152 nohis,
1123 1089 1157 1142 et

116 1207 220 1274 »puer
227 1197 319 1250 uatus
326 1197 373 1250 est
385 1187 490 1263 nohis,
501 1189 590 1276 cujus
598 1198 735 1276 potestas
744 1209 837 1275 super
844 1184 1013 1252 humerum
1020 1188 1089 1273 ejus
1099 1184 1120 1250 ¹.
1133 1214 1147 1247 ι

117 1291 1156 1383 ldeoergohinnuluscervorum,quiaparvuluspuernatusost.Et·

116 1399 197 1465 sorte
212 1414 343 1489 possunt
353 1403 434 1468 servi
447 1404 547 1492 accipi
562 1403 661 1468 sancti
671 1403 791 1492 quique
801 1452 809 1478 ,
820 1414 855 1466 ut
865 1400 1039 1478 Abraham,
1049 1401 1149 1475 lsaae,

118 1517 151 1570 et
164 1506 284 1581 Jacob,
301 1519 334 1572 et
348 1508 467 1584 David,
482 1520 515 1580 et
536 1507 705 1584 Salomon,
725 1520 758 1572 et
772 1531 882 1573 omnes
897 1530 937 1572 ex
951 1529 1087 1594 quorum
1108 1531 1155 1571 se-

117 1614 204 1678 mine
221 1613 364 1678 Christus
382 1615 558 1681 secundum
583 1638 712 1682 carnem
740 1614 913 1680 deseendit.
937 1615 1026 1694 Quos
1044 1637 1153 1681 cervos

119 1744 181 1788 vox
203 1723 326 1789 Domini
343 1724 498 1812 perfectos
519 1724 613 1801 iacit,
629 1735 661 1788 et
682 1725 823 1812 ipsorum
839 1735 887 1788 est
907 1720 1059 1788 hinnulus
1076 1723 1154 1798 iste,

119 1831 173 1917 qui
191 1854 228 1895 er
245 1832 318 1920 ipsis
344 1833 520 1899 seeundum
538 1855 666 1898 earnem
686 1845 779 1898 natus
801 1845 849 1898 est
865 1855 957 1922 puer.¹
976 1829 1082 1896 Movet
1101 1854 1156 1896 me

114 1938 210 2004 etiam
227 1941 307 2007 illud
322 1941 407 2028 quod
423 1941 454 2006 in
472 1943 645 2009 centesImo
663 1943 756 2007 tertio
774 1940 896 2030 psalmo
913 1941 1066 2029 scriptum
1083 1953 1147 2014 est,

111 2045 170 2110 uhi
184 2047 243 2110 ait:
255 2047 400 2111 «Montes
413 2048 527 2113 excelsi
543 2051 641 2116 cervis
651 2049 673 2116 ².
691 2079 703 2110 r
721 2052 760 2116 Et
775 2051 904 2137 quidem
916 2051 955 2115 dc
971 2049 1072 2116 cervis
1085 2049 1155 2137 jam

112 2153 258 2240 superius
279 2153 415 2217 diximus
431 2157 517 2242 quod
538 2157 635 2221 sancti
652 2159 768 2244 quique
791 2159 1008 2244 accipiuntur,
1031 2158 1085 2244 qui
1109 2161 1156 2224 oh

111 2260 178 2326 hoc
197 2261 229 2325 in
248 2260 336 2326 hunc
351 2262 507 2328 muudum
522 2276 695 2339 venerunt,
717 2275 750 2328 ut
766 2265 919 2352 serpentis
934 2289 1054 2330 venena
1070 2267 1155 2354 peri-

112 2381 250 2435 merent.
267 2369 331 2449 Qui
344 2382 452 2436 autem
464 2371 526 2434 sint
541 2384 665 2436 montes
677 2370 790 2437 excelsi
803 2371 984 2447 videamus,
997 2373 1085 2460 quasi
1097 2377 1156 2460 qui

113 2474 188 2541 solis
208 2477 307 2542 cervis
328 2479 512 2564 sequestrati
529 2479 693 2554 sidentur,
712 2480 797 2546 etad
816 2503 894 2566 quos
909 2479 968 2544 nisi
983 2502 1095 2544 cervus
1111 2481 1151 2544 sit

113 2583 226 2672 aliquis
239 2588 412 2680 nonpossit
429 2586 609 2652 ascendere.
625 2588 691 2676 Ego
703 2599 780 2675 puto
793 2587 877 2674 quod
888 2611 1038 2676 personas
1048 2587 1151 2653 Trini·
1194 2617 1197 2622 ·

112 2693 186 2758 tatis
217 2705 340 2758 montes
365 2693 504 2760 excelsos
526 2693 747 2784 appellaverit,
769 2696 808 2761 ad
830 2697 922 2784 cujus
946 2697 1154 2786 capacitatem

112 2799 219 2866 nullus
238 2801 297 2866 nisi
320 2825 431 2868 cerrus
448 2803 622 2880 efficiatur,
641 2803 792 2870 ascendit.
820 2805 884 2870 Sed
906 2805 1002 2870 iidem
1025 2807 1082 2894 ipsi
1098 2808 1154 2894 qui

112 2908 166 2976 hic
184 2921 309 2974 montes
324 2909 437 2976 excelsi
453 2910 617 2998 pluraliter
633 2910 843 3000 appellantur,
861 2914 893 2976 in
909 2912 974 2977 aliis
989 2915 1080 2978 mons
1092 2937 1151 2978 ex«

112 3016 217 3084 celsus
235 3016 434 3108 singulariter
452 3019 566 3084 dicitur
581 3045 588 3085 :
606 3021 688 3087 sicut
711 3023 817 3088 Esaias
833 3021 875 3086 ait
893 3044 900 3085 :
920 3021 984 3086 «ln
1004 3034 1147 3087 montem

113 3126 296 3192 »excelsum
313 3130 493 3195 conscende
504 3133 558 3217 qui
573 3130 776 3220 Evangelizas
792 3131 879 3198 Sion.
894 3130 1001 3197 Exalta
1014 3125 1047 3196 in
1063 3132 1151 3195 forti·

115 3236 249 3300 etudine
267 3259 376 3301 vocem
389 3249 495 3313 tuam,
512 3239 565 3324 qui
576 3237 776 3328 Evangeliaas
789 3235 1040 3304 Hierusalem⁸.»
1059 3239 1152 3304 Idem

115 3369 249 3433 namque
265 3349 330 3437 ipse
347 3349 400 3436 qui
424 3349 468 3414 ibi
486 3335 622 3417 Trinitas
638 3364 766 3440 propter
786 3351 1022 3417 distinctionem
1038 3373 1150 3438 perso-

114 3479 244 3533 narum,
262 3458 317 3524 hie
331 3482 412 3523 unus
433 3459 518 3524 Deus
535 3458 720 3548 intelligitur
740 3483 797 3547 pro
818 3461 936 3526 unitate
950 3459 1142 3524 substantiae.

111 3565 196 3632 Satis
214 3569 275 3633 siut
290 3569 349 3633 ista
368 3568 408 3632 de
426 3566 560 3632 hinnulo
581 3592 759 3634 cervorum.
782 3567 875 3636 Nunc
894 3571 1057 3636 videamus
1075 3592 1152 3655 quo-

109 3675 314 3740 modoetiam
333 3700 453 3765 cnpreae
466 3674 513 3741 vel
531 3676 665 3741 damulae
679 3690 882 3766 comparetur
896 3679 1062 3743 fraternus.
1081 3677 1151 3742 Hoc

16 3779 20 3787 ’
110 3783 228 3850 animal
245 3797 398 3872 quantum
414 3785 454 3850 ad
469 3781 575 3874 'graeca
594 3786 768 3864 vocabula,
788 3811 933 3855 nomena
950 3783 1086 3852 videndo
1107 3797 1150 3850 at·
1207 3864 1210 3874 Ι

149 3936 224 3990 ¹Isai.
237 3959 280 4006 rx,
292 3944 316 3993 6.
332 3970 354 3978 ·-
373 3937 482 3996 2ΡιιΙιιι.
496 3961 548 4010 crs,
562 3945 601 3998 18.
614 3974 640 3983 -
657 3944 734 3997 ⁸lsai.
747 3965 779 3996 xa
789 3983 797 4011 ,
809 3963 832 4012 9.
