2744 4600
379 271 411 312 rr
433 271 572 315 ruituros
596 271 724 317 numum
749 274 830 317 xxrr.
1066 253 1131 320 515

1 474 5 484 ι
97 385 207 484 spiritu
225 386 310 453 diem
325 385 441 453 festum
456 409 599 478 agamus,
617 404 651 456 et
667 391 841 481 spiritualia
861 392 1014 458 saerillcia
1029 391 1127 480 jugu-

95 493 205 562 lemus.
222 496 297 562 Heu
313 519 371 584 pro
388 496 504 562 viribus
520 501 636 565 nostris
648 500 687 565 de
703 501 884 566 diuersitate
896 502 1126 567 sacrificiorum

97 603 237 672 discussa
253 607 328 681 sint,
345 626 482 696 quorum
498 607 538 672 ad
562 607 719 697 liquidum
734 609 975 699 intelligentiam
998 611 1058 675 snit
1073 607 1127 675 ille

96 715 149 779 cui
164 716 252 781 nuda
268 729 300 781 et
315 715 451 782 revelata
467 729 542 784 sunt
559 721 679 794 omnia,
697 741 756 785 nee
777 728 825 784 e'st
847 717 909 784 ulla
928 733 1074 785 ereatura
1091 721 1128 782 in

20 824 24 834 '
96 838 272 912 conspeetu
286 827 356 912 ejus
371 827 545 892 invisibilis.

141 933 182 997 ll.
198 934 271 1000 Post
286 936 355 1000 lamo
366 947 512 1001 votorum
528 935 578 1001 lex
590 939 733 1025 ponitur,
746 951 778 1003 et
793 959 875 1003 noro
890 936 1045 1027 principio
1062 937 1127 1001 utl'-¹

98 1052 151 1104 tur
167 1042 199 1107 in
215 1043 278 1108 hae
297 1042 492 1132 legislatione
513 1045 647 1132 Moyses.
667 1048 719 1112 llit
737 1047 823 1112 enim
840 1070 848 1110 :
864 1047 1008 1120 «Homo,
1027 1046 1127 1111 home

94 1179 107 1210 ι
123 1150 319 1238 quicumque
332 1155 452 1219 voverit
465 1167 574 1220 rotum
590 1155 729 1220 Domino
740 1155 762 1218 ¹.
777 1183 791 1215 r
808 1154 887 1234 Quae
902 1167 950 1219 est
963 1155 1022 1219 ista
1037 1172 1125 1242 repe-

96 1260 182 1326 enu
198 1245 336 1326 nautae
357 1263 478 1328 cauae
496 1265 595 1342 Quasi
613 1285 678 1329 nen
703 1263 863 1329 sancero
878 1264 1004 1338 uixere,
1021 1265 1126 1328 nomo

93 1371 149 1455 qui
164 1371 284 1436 voverit
301 1383 410 1437 votum
426 1373 574 1438 Domino.
590 1373 679 1453 Quid
692 1385 740 1438 est
755 1393 830 1461 ergo
848 1373 935 1460 quod
951 1373 1007 1448 ait,
1021 1373 1128 1438 Homo

95 1478 207 1553 homo,
219 1491 251 1543 et
265 1481 341 1566 quid
355 1481 416 1544 sibi
428 1473 503 1545 velit
514 1481 706 1569 ingeminata
718 1480 855 1546 hominis
867 1477 1124 1568 appellatio‚non

91 1587 175 1652 milri
186 1587 309 1654 silentio
320 1591 577 1679 praetereundum
588 1590 722 1656 videtur.
739 1589 908 1678 Apostolus
921 1588 1015 1654 docet
1029 1587 1129 1654 alinul

90 1717 165 1762 esee
180 1697 363 1764 interiorem
379 1699 554 1773 hominem,
574 1711 607 1763 et
618 1698 723 1764 elium
741 1699 930 1764 exteriorem
952 1723 961 1763 :
983 1712 1016 1764 et
1034 1697 1124 1763 illum

1 1866 3 1906 ;
89 1822 161 1870 esse
168 1807 225 1893 qui
238 1817 409 1872 renovatur
420 1804 460 1872 tle
475 1807 527 1872 die
538 1808 671 1894 indiem
682 1808 859 1874 seeundum
872 1808 1042 1900 imaginem
1054 1811 1127 1896 ejus

88 1916 148 2000 qui
164 1917 283 1982 crearit
301 1939 392 1989 οπως
410 1916 497 1981 huno
512 1936 588 1982 vero
606 1935 674 1982 esse
690 1917 857 1994 visibilem,
873 1918 927 2005 qui
942 1919 1137 2006 corrumpi<

88 2025 175 2090 δῦν’.
191 2027 275 2092 Cum
285 2049 362 2116 ergo
374 2027 498 2092 venitur
511 2023 551 2090 ad
565 2028 661 2094 istum
676 2029 742 2114 jam
752 2027 944 2116 proiectum,
958 2040 992 2091 ut
1003 2027 1124 2092 lexllel

1 2211 3 2220 ‚
88 2135 294 2223 suscipiatur,
316 2147 349 2200 et
370 2148 442 2208 rota
460 2135 598 2200 Domino
618 2135 809 2208 oll‘eranturr
832 2148 903 2200 vota
927 2147 1034 2201 autem
1054 2137 1122 2201 llo-

1 2229 3 2330 :
88 2245 183 2312 mino
199 2243 422 2322 efferre-nemo
438 2255 555 2332 potest,
572 2245 630 2308 nisi
645 2244 700 2331 qui
716 2243 812 2308 habet
827 2243 945 2332 aliquid
960 2246 993 2309 in
1009 2257 1121 2310 semet·

86 2355 211 2441 ipsoet
223 2351 437 2418 insubstantia
448 2375 505 2418 sua
516 2351 603 2441 quod
617 2352 729 2417 ollbtut
744 2352 833 2416 Deos
850 2374 914 2417 non
929 2353 1046 2418 suffieit
1059 2355 1117 2417 iate

2 2541 3 2552 χ
81 2461 342 2546 exteriornhomo
354 2461 456 2550 legem
471 2462 530 2526 Dei
542 2461 714 2549 suscipere,
731 2483 790 2528 nee
805 2474 879 2526 vote
890 2459 979 2526 solus·
990 2461 1122 2536 offerre‘

79 2593 154 2638 non
168 2572 258 2633 enim
267 2581 371 2656 potest
386 2567 504 2654 aliqultl
519 2571 651 2659 dignum
667 2572 735 2635 Deo
745 2571 882 2643 habeam
902 2571 957 2636 sed
972 2570 1024 2635 ille
1038 2572 1118 2635 inte·-

80 2684 155 2748 rior
164 2692 215 2744 est
225 2679 338 2752 homo,
350 2679 405 2766 qui
422 2678 521 2765 magis
537 2672 633 2742 hebet
652 2678 686 2741 in'
701 2699 733 2741 se
754 2679 839 2764 quod
854 2677 969 2741 offerat
980 2677 1048 2742 Deo
1058 2678 1117 2748 alu

78 2789 142 2856 illo
150 2803 290 2876 nutuque
302 2799 350 2852 est
356 2785 575 2853 habitaculum
585 2787 752 2859 virtutum,
762 2775 794 2850 in
802 2781 856 2849 illo
863 2786 964 2850 omnis
976 2783 1117 2850 intellec-

77 2912 139 2965 tus
151 2897 305 2971 acientiae,
318 2896 350 2960 in
361 2894 414 2962 illo
429 2907 477 2960 est
488 2895 602 2962 disinae
615 2893 945 2983 imaginis'innoratio.
962 2895 1116 2973 Quicum

77 3011 230 3100 speeiem
244 3030 348 3083 suam.
361 3029 422 3094 quo
436 3029 476 3072 ex
495 3006 584 3072 initio
599 3027 616 3070 a
632 3007 700 3071 Deo
718 3007 819 3071 laetus
830 3018 894 3081 est,
907 3027 1116 3094 recuperate-

72 3121 140 3196 rlt,
154 3133 188 3185 et
200 3119 352 3198 virtutum
363 3117 630 3204 redintegratione
641 3114 913 3202 pulchritudinem
928 3116 1040 3202 prioris
1055 3116 1116 3179 fot·-

69 3254 147 3299 mae
168 3228 340 3315 receperit,
359 3227 519 3313 tuncjam
534 3237 638 3314 potest
658 3235 727 3290 rota
752 3223 866 3288 ollerte
885 3222 965 3298 Deo,
984 3233 1016 3287 et
1038 3234 1115 3288 tun'e
1179 3219 1182 3230 ’

69 3345 155 3431 jam
175 3359 246 3404 nou·
259 3337 356 3402 homo
375 3333 563 3410 solum-sed
578 3333 676 3400 homo
690 3334 787 3399 homo
807 3333 941 3400 dicetur.
962 3331 1040 3399 llum
1061 3335 1116 3422 qul

66 3447 273 3517 interiorem
288 3446 449 3512 hominem
466 3464 531 3533 non
545 3441 672 3518 exoollt,
687 3445 739 3532 qui
755 3441 838 3509 illius
855 3467 963 3510 curum
979 3445 1043 3509 no'n
1060 3464 1117 3532 ges

60 3561 140 3634 rit,
155 3557 210 3645 qui
225 3557 392 3621 virtutibus
408 3576 483 3622 eum
498 3577 562 3620 non
578 3555 717 3630 instruit,
729 3556 872 3619 moribus
888 3579 952 3620 non
968 3535 1113 3628 adornat,

55 3667 200 3741 divinis
211 3665 461 3733 institutionibus
471 3678 681 3740 noueremus,
690 3665 876 3753 sapientiam
886 3665 944 3729 Dei
957 3687 1021 3730 uon
1034 3685 1115 3751 quae·
1218 3709 1221 3718 ·

50 3787 132 3856 rit,
151 3778 296 3845 scientias
311 3775 550 3864 Suripturarum
564 3792 696 3866 operatu
710 3785 773 3840 n'on
790 3774 962 3863 luiponem
981 3775 1033 3839 hia
1048 3795 1112 3838 non

98 3913 113 3945 ¹
132 3907 217 3958 llum.
230 3921 289 3963 xxx,
303 3921 323 3952 a.
339 3931 368 3941 -
378 3903 388 3936 ²
400 3921 413 3952 2
424 3906 481 3954 Cor.
495 3921 528 3962 tr,
543 3905 577 3952 16.

216 4015 257 4055 tx.
917 3988 960 4048 55
