2604 4614
220 247 287 312 556
667 272 811 316 orrosrus

219 394 343 468 laudat,
359 406 391 460 et
400 415 554 482 genarum
567 395 683 460 rubore
694 396 910 462 succenditur.
923 396 1135 462 Pulehritudo
1149 398 1249 484 quippe

216 501 389 574 milliorum
403 503 435 568 in
447 502 534 590 genis
549 500 666 568 dieitur
676 525 745 568 esse
757 504 1003 592 quamplurima.
1018 505 1066 570 lta
1082 516 1118 568 et
1131 527 1189 568 nos
1199 503 1251 592 pul

219 611 435 678 obritudinem
449 611 563 676 animes
578 608 790 699 intelligamus
805 611 839 676 in
854 612 955 701 genis.
970 612 1070 678 Lnbiu
1085 634 1165 677 vero
1180 612 1250 698 ejm.

219 731 253 786 et
275 719 414 808 linguam
435 716 675 808 intelligentiam
693 719 913 807 prodiremus.
932 748 947 782 ι
966 718 1102 785 Collum
1121 731 1250 784 tuumu

220 825 390 894 monile&
409 826 473 892 sUt
488 836 712 892 ornamentum
724 826 811 914 quod
822 825 1078 916 solet-virginum
1092 825 1179 893 eollo
1191 847 1250 916 pen

218 936 312 1010 dore,
329 946 361 1000 et
381 945 584 1021 nuncupetur
601 948 738 1021 ὀρμίσιις,
758 934 801 1000 ltu
816 935 886 1000 sine
900 933 965 1000 boo
984 934 1111 1000 decore
1131 949 1164 1000 et
1180 948 1250 1002 tuun

217 1044 322 1130 ipsum
333 1039 453 1106 collum
464 1052 513 1106 est
531 1054 766 1108 ornamentum.
781 1041 857 1108 Post
872 1041 941 1108 tm
957 1041 997 1106 lit
1013 1065 1157 1132 sponsus
1172 1043 1201 1108 in
1213 1067 1239 1108 rr
1292 1109 1293 1118 ,

218 1149 341 1216 cubitu.
359 1149 527 1236 Requievit
547 1160 582 1212 ut
600 1146 672 1224 leo,
686 1162 723 1214 ut
737 1147 861 1214 catulus
878 1147 981 1215 leonis
999 1150 1250 1225 obdormirit,ut
1292 1141 1294 1188 ³

218 1258 333 1324 deinde
342 1257 441 1346 possit
452 1256 562 1322 audire
574 1280 582 1320 ι
594 1283 608 1316 ι
619 1257 700 1336 Quis
712 1256 878 1323 suscitabit
891 1279 969 1324 erun
979 1256 1019 1322 ²?
1033 1287 1048 1318 ι
1057 1258 1137 1340 Quo
1148 1259 1249 1324 intein

217 1366 395 1432 dormiente
419 1375 570 1453 apparent
593 1385 717 1453 sponse
734 1365 842 1454 spousi
864 1363 993 1432 sodales
1014 1364 1149 1456 angeli,
1168 1379 1197 1432 et
1214 1367 1249 1432 lu's

216 1497 288 1542 sem
304 1473 503 1540 sermonibus
516 1471 734 1539 consolantur.
749 1471 820 1539 Non
832 1473 891 1538 tibi
905 1497 1007 1540 aurea
1018 1473 1238 1542 ornamenub

163 1655 172 1676 l
208 1581 291 1650 'nere
305 1605 370 1648 non
387 1600 552 1670 possumus
567 1603 575 1645 :
593 1603 658 1648 non
675 1580 762 1648 enim
777 1593 843 1658 tum
854 1581 970 1648 divites
986 1603 1108 1650 sumus
1125 1596 1158 1648 ut
1169 1606 1246 1671 spon·

217 1713 270 1756 sus
285 1703 376 1764 tuus,
394 1689 448 1777 qni
465 1709 598 1754 eureum
611 1689 668 1754 tibi
686 1687 805 1754 monile
819 1687 985 1778 largiatur.
1003 1690 1077 1756 Nos
1091 1689 1244 1756 similitudi-

217 1819 291 1867 nem
307 1798 374 1864 auri
386 1797 536 1864 sociemus
547 1845 556 1872 ,
568 1815 633 1860 non
644 1795 799 1862 hebemus
814 1819 939 1863 eurum.
955 1799 1001 1864 Et
1018 1799 1055 1864 in
1070 1801 1236 1888 boeqnoque

217 1905 388 1973 Mundum
407 1917 473 1982 est,
490 1905 515 1970 si
537 1901 758 1970 similitudines
778 1904 866 1979 auri,
889 1905 915 1969 si
936 1906 1098 1994 stigmata
1116 1908 1228 1972 botuns

215 2014 347 2102 urgenti.
360 2011 613 2080 «Similitudines
631 2012 700 2076 euri
717 2010 868 2094 sociemus
880 2012 957 2088 tibi,
970 2037 1057 2082 cum
1075 2013 1225 2102 stignut'bus

216 2120 391 2210 »ergenti',
408 2142 545 2184 »verum
562 2141 627 2183 non
644 2118 731 2184 omni
751 2130 914 2206 tompore,
933 2120 993 2185 sed
1012 2121 1121 2188 donec
1133 2143 1228 2208 §pom

215 2245 288 2297 tuus
303 2242 439 2319 surgnta
455 2227 576 2294 cubitu.
596 2226 678 2292 Cum
690 2227 775 2292 onim
792 2225 844 2292 illo
859 2229 1040 2294 surrexerit
1057 2231 1125 2319 iper
1140 2229 1187 2294 tibi
1199 2251 1234 2292 au

214 2360 308 2417 rum,
325 2311 390 2428 inse
403 2336 498 2402 societ
517 2347 703 2426 argentum,
720 2334 786 2424 ipse
802 2348 889 2402 tuum
905 2349 1058 2402 mentem
1075 2359 1240 2424 sensumque

215 2447 393 2522 decorabit,
403 2444 505 2512 eteris
516 2467 588 2510 vere
601 2443 687 2508 dives
698 2444 731 2508 in
741 2445 848 2532 sponsi
858 2444 958 2510 domo
969 2469 1094 2534 sponsa
1106 2447 1242 2518 formose,

214 2557 267 2622 oui
281 2568 331 2622 est
344 2553 443 2643 gloria
455 2553 488 2619 in
503 2549 617 2618 seculo
629 2550 829 2618 saecutonmr.
846 2551 962 2618 Amen.

214 2755 551 2784 mummswtwtwmww
557 2753 1242 2782 mtussswmmmmummsmmmmumu

498 2892 692 2960 HOMILIA
716 2890 930 2958 SECUNDA
947 2887 971 2956 ⁴.

215 3100 259 3160 bb
275 3117 312 3158 eo
326 3100 393 3158 loco
409 3099 438 3156 in
461 3113 521 3172 quo
536 3093 756 3170 scriptumest:
772 3115 785 3146 α
802 3093 918 3152 Nordus
931 3112 1000 3152 mea
1019 3096 1107 3154 dudit
1133 3097 1241 3156 Morem

255 3197 401 3258 »suum⁵:
421 3223 433 3247 n
447 3213 540 3272 usque
556 3191 593 3250 od
610 3211 681 3250 eum
693 3193 793 3250 locum
804 3193 834 3250 in
850 3211 910 3269 quo
928 3195 968 3252 nit
984 3213 992 3250 :
1006 3221 1022 3247 ι
1040 3198 1123 3270 Quia
1137 3216 1185 3255 ror
1197 3209 1238 3252 rna

254 3302 391 3370 ssunvis,
406 3309 435 3356 ot
451 3299 547 3356 lomna
563 3305 612 3351 tuo
624 3292 730 3351 decoro
742 3289 786 3361 ⁸‚o
801 3304 857 3350 eto.

256 3489 279 3554 l.
303 3487 412 3553 Onnes
440 3483 551 3549 animae
577 3479 732 3546 motiones
760 3479 971 3546 universitatis
995 3484 1247 3550 conditoribus

208 3596 326 3665 creavit
342 3593 383 3660 ad
396 3594 538 3657 bonum:
560 3587 615 3654 sed
631 3612 689 3677 pro
706 3611 764 3653 usu
785 3599 894 3652 nostro
914 3587 950 3653 lit
968 3613 1052 3680 saepe
1066 3605 1099 3656 nt
1122 3617 1173 3657 nrs
1187 3617 1247 3680 quae

125 3727 134 3740 '
244 3729 340 3780 rCnntt
355 3743 381 3784 1,
395 3740 477 3773 ro.-
490 3725 501 3757 ²
515 3719 663 3774 Genaua,
680 3736 703 3785 9.
755 3717 936 3780 ⁸Cent.1,1r.

243 3816 585 3876 ⁴T0m.1rr‚prgg.r7·nn.

243 3897 608 3965 ⁵canr.1,11.—⁶ant.14.
