2644 4612
233 183 298 266 474
468 237 471 244 ⁴
681 201 821 250 anaante

238 488 1208 524 Μ’ᾺΜΜΜΜΜΜΜΜΜΜΜἈΜΜΉΜΜΆΗΜΜΜ

466 798 474 809 ·
528 775 696 862 LIBER
722 777 979 864 TERTIUS.

631 1109 868 1128 *ῳ-

287 1313 397 1378 «Ecce
409 1334 442 1376 ea
458 1312 598 1400 speciosa
610 1314 753 1402 proxima
768 1337 839 1382 urea
851 1339 859 1380 :
872 1335 951 1382 eece
965 1339 998 1382 es
1013 1313 1209 1402 spesiosawul

236 1419 302 1484 »toi
317 1418 474 1497 oolumbae
483 1419 506 1485 ¹.
518 1447 530 1481 o
547 1421 768 1510 Secundojarn
778 1445 910 1512 sponsas
919 1446 996 1489 eum
1004 1424 1207 1510 sponsainrerlo

234 1525 454 1619 colloquioque
468 1528 628 1594 miscetur.
647 1530 688 1594 Et
703 1530 952 1618 primoquidem
967 1551 1103 1596 sermone
1113 1531 1205 1595 invitarit

232 1657 307 1700 eam
329 1634 370 1702 ad
394 1635 454 1701 laoa
477 1647 512 1700 ut
530 1649 740 1725 eognosoeret
760 1638 982 1727 semetipsam,
1008 1639 1106 1705 dicens
1122 1637 1201 1724 siquod

236 1747 320 1812 hona
335 1746 463 1834 quidem
478 1757 560 1811 esset
576 1746 658 1812 inter
673 1745 839 1824 mulieres,
855 1748 913 1814 sed
929 1748 990 1814 nisi
1005 1759 1195 1838 eognaaaaetse

234 1854 399 1942 metipsam
410 1903 419 1928 ,
431 1865 518 1920 oerta
531 1877 662 1942 qaaeque
677 1866 849 1943 pateretur.
869 1857 910 1922 Et
926 1857 1017 1945 quasi
1032 1852 1187 1945 quardoa'te
1255 1911 1260 1926 ,

137 2014 139 2024 1
235 1960 275 2027 ad
288 1961 479 2049 agnitionem
495 1963 542 2030 sui
555 1985 648 2028 sensu
660 1960 888 2051 intellectaque
901 1963 1190 2046 cacuminatum

232 2092 305 2135 eam
320 2070 408 2157 equis
426 2071 488 2136 suis
500 2068 547 2136 vel
559 2071 712 2157 equitatui
722 2119 735 2148 ‚-
749 2073 863 2160 quihus
879 2071 1055 2138 obtinuerit
1068 2064 1197 2136 carnalla

235 2177 350 2243 raonis.
369 2177 469 2244 Simul
481 2189 513 2243 et
527 2201 621 2266 genas
640 2179 709 2267 ejas
723 2202 782 2267 pro
797 2180 910 2268 insigni
934 2179 1113 2247 verecundia
1125 2187 1146 2240 et
1158 2195 1203 2239 coa·

233 2287 416 2352 versationis
434 2287 621 2375 pernicitate
640 2289 815 2352 turturibus
840 2300 1026 2376 comparet,
1050 2285 1207 2368 canaanque

233 2395 303 2482 ejus
324 2393 800 2461 ornamentorumredimiculis.
827 2395 920 2462 Nune
936 2407 1045 2461 autern
1064 2388 1210 2483 jamspeelo·

236 2521 303 2564 sam
326 2498 494 2587 profitetur
508 2521 578 2564 eam
589 2548 598 2575 ,
615 2510 648 2564 et
663 2497 835 2588 speciosam
858 2521 925 2564 non
947 2501 1032 2566 sieut
1050 2494 1156 2588 priusin
1169 2513 1213 2558 na·

235 2603 364 2672 lienibus
376 2617 515 2681 tantum,
532 2607 587 2671 sed
599 2607 687 2695 quasi
699 2607 875 2695 proximam
889 2607 972 2684 sibi,
989 2619 1023 2673 et
1038 2605 1123 2672 adhue
1135 2601 1160 2666 in
1170 2619 1214 2663 na·

148 2699 149 2704 ἵ
233 2715 285 2803 jus
296 2712 422 2787 titulum
433 2712 534 2779 laudis
545 2711 683 2788 extollit,
697 2724 730 2778 et
738 2713 873 2780 affirmat
883 2715 973 2802 quod
985 2737 1048 2781 non
1060 2723 1157 2780 tantan
1165 2727 1215 2773 aun

235 2823 377 2910 proxima
389 2835 437 2887 est
447 2823 495 2899 ei,
512 2821 652 2911 speciosa
668 2821 727 2898 sit,
742 2821 798 2887 sed
809 2833 842 2886 et
857 2823 883 2887 si
896 2825 1058 2913 contingat
1067 2821 1215 2886 eiabsentan

234 2952 321 3006 esse,
338 2929 434 2994 etiam
446 2929 489 2995 sie
504 2929 644 3017 speciose
660 2929 710 2995 sit.
725 2929 795 2995 Hoc
809 2930 896 2996 eninr
910 2931 1068 2997 indicatur
1080 2920 1215 3012 ineoqaal

235 3059 311 3103 aum
327 3037 471 3102 dixisset:
494 3037 597 3102 «Eece
611 3057 645 3102 es
660 3036 802 3125 speciosa
813 3038 957 3126 proxima
974 3061 1081 3111 meast
1094 3033 1213 3118 additotsl

236 3143 304 3210 haee
316 3142 474 3219 absolute,
487 3155 519 3209 et
530 3144 596 3209 sine
606 3142 669 3210 ulla
684 3143 906 3232 adjunctione:
924 3141 1206 3230 «Eooeesspeoiosnr

235 3253 298 3318 Sed
311 3253 344 3318 in
359 3253 572 3341 superioribas
586 3275 650 3318 non
665 3251 847 3318 laudaverat
861 3253 965 3318 visum
979 3254 1062 3341 ejus,
1073 3249 1157 3317 credo
1170 3242 1218 3332 quit

233 3361 377 3427 nondum
408 3361 447 3427 ad
470 3361 619 3428 intuitum
647 3360 824 3449 proiecerat
854 3360 1001 3448 spiritalis
1028 3354 1218 3445 intelligentia:

233 3491 323 3534 nuno
336 3491 411 3557 ergo
427 3467 488 3534 ait:
514 3467 629 3535 «Oculi
645 3468 690 3532 tui
708 3465 873 3534 colambae.
889 3496 903 3529 a
926 3468 1056 3536 Grandis
1070 3467 1099 3532 in
1113 3464 1220 3549 hepo

230 3575 336 3642 sectus
358 3578 427 3664 ejus
452 3578 644 3653 ostenditur,
668 3587 703 3641 ut
719 3599 788 3664 quae
813 3576 900 3664 prius
922 3588 1042 3642 tantum
1066 3565 1220 3662 speciosalt

146 3760 161 3794 μ
229 3682 419 3749 mulieribus
433 3684 515 3750 dicta
528 3696 593 3762 est,
610 3705 696 3750 uano
712 3697 746 3748 at
760 3685 902 3774 proxima
918 3684 1054 3774 speciosa
1068 3681 1185 3750 dicutur,
1194 3693 1220 3736 θλ

148 3831 169 3910 ζ
272 3823 395 3891 icauna,
409 3825 448 3879 15.
