2660 4610
336 317 368 358 m
393 317 555 362 einricus
577 319 778 364 canrrcoaun
800 323 860 365 ma.
887 323 921 364 u.
1082 303 1147 380 445

111 463 186 506 rum
194 451 282 504 metu
291 461 386 525 quam
396 441 554 505 bonorum
563 441 729 507 desiderio.
745 443 777 508 Si
789 444 874 509 enim
882 444 1029 510 nescieris
1040 457 1151 511 temet-

113 549 237 635 ipsam,
256 557 289 610 et
308 546 340 610 in
362 529 603 633 ignorantia⁸tui
623 549 754 624 vixeris,
776 570 836 614 nec
854 551 992 616 scientiae
1011 551 1151 618 studium

1 679 2 698 ³
116 653 273 744 gesseris,
297 652 363 716 sinc
390 653 488 717 dubio
514 677 574 718 nec
598 655 838 720 tabernaculum
864 659 1028 746 proprium
1053 659 1154 725 habe-

1 799 3 808 »
118 760 187 833 his,
204 755 258 821 sed
272 767 304 819 et
314 779 372 843 per
386 768 547 843 pastorum
566 757 769 824 tabernacula
786 759 959 836 discurres,
975 773 1008 824 et
1018 785 1104 829 nunc
1117 762 1150 827 in
1185 821 1190 834 ,

119 865 201 931 illius
221 862 433 930 tabernaculis
454 865 586 952 pastoris
604 889 712 953 pasces
735 866 846 931 hoedos
864 868 1064 955 :inquietum
1088 871 1153 935 ani·

1 993 3 1028 t
117 972 182 1039 mal
194 995 231 1038 ac
246 995 360 1060 vagum
375 984 407 1035 et
422 973 560 1058 peccatis
575 973 772 1061 deputatum.
791 975 866 1040 llaec
883 988 988 1040 autem
1004 976 1148 1063 patieris,

116 1081 220 1146 donec
237 1081 332 1144 rebus
348 1079 421 1166 ipsis
436 1091 467 1142 et
483 1080 704 1169 experimentis
719 1079 891 1170 intelligas,
909 1095 1062 1169 quantum
1078 1081 1152 1148 mali

1 1208 3 1215 ·
115 1187 157 1250 sit
168 1185 307 1273 animam
324 1184 446 1248 nescire
461 1185 614 1272 seipsam,
631 1207 733 1272 neque
752 1184 1023 1272 pulchritudinem
1042 1211 1152 1263 suam,

113 1315 288 1382 perquam
310 1288 461 1379 praecellit
477 1303 626 1368 caeteras,
648 1315 712 1357 non
733 1293 887 1381 virgines,
915 1294 971 1358 sed
986 1292 1152 1368 mulieres,

1 1427 2 1462 i
115 1399 185 1466 illas
201 1398 323 1464 scilicet
336 1421 406 1485 quae
422 1400 656 1486 corruptionem
672 1422 770 1488 passae
789 1412 879 1477 sunt,
897 1401 1006 1466 necin
1025 1402 1155 1489 virgini-

1 1534 2 1546 *
117 1507 192 1572 tatis
203 1507 381 1594 integritate
395 1518 646 1592 permanserunt.
665 1508 741 1572 Haec
756 1519 829 1572 sunt
845 1531 915 1595 qnae
933 1531 1065 1596 sponsus
1084 1521 1156 1595 post

121 1613 176 1678 illa
191 1613 295 1678 omnia
311 1635 381 1701 quae
396 1611 502 1678 locuta
517 1613 619 1678 fuerat
632 1637 766 1702 sponsa,
780 1627 901 1680 austera
918 1614 1055 1703 quadam
1070 1638 1156 1680 com·
1241 1639 1243 1642 ’

127 1721 296 1786 minatione
315 1742 437 1807 sponsae
463 1721 583 1784 animos
600 1721 639 1785 ad
655 1722 821 1808 agnitionis
843 1747 907 1786 suae
926 1746 1035 1789 curam
1055 1723 1156 1788 susci-

129 1841 215 1904 tans,
230 1850 288 1915 per
301 1827 446 1891 ordinem
460 1827 612 1915 propositi
629 1826 778 1892 dramatis
794 1828 880 1893 dicit.

168 1935 232 2000 Sed
246 1955 332 1998 nunc
347 1946 591 2020 consequenter,
607 1950 642 1998 ut
657 1947 787 2010 caetera,
806 1936 847 2000 ad
865 1937 1025 2001 Christum
1042 1937 1110 2002 haec
1125 1949 1158 2002 et

120 2042 163 2108 ad
174 2039 348 2107 Ecclesiam
364 2040 554 2116 reseramus,
571 2042 624 2128 qui
642 2043 681 2107 ad
696 2065 841 2130 sponsam
860 2067 946 2108 suom
959 2025 1025 2119 ‚ad
1039 2045 1158 2110 animas

121 2149 245 2216 scilicet
255 2149 452 2214 credentium
465 2147 612 2236 loquens,
626 2173 783 2214 summam
796 2149 901 2214 salutis
913 2163 945 2215 ct
956 2151 1160 2216 beatitudinis

123 2257 160 2322 in
171 2257 289 2321 suimet
300 2256 458 2344 agnitione
467 2256 640 2321 constituit.
656 2257 826 2336 Quomodo
834 2280 910 2345 ergo
918 2259 1019 2323 anima
1032 2281 1163 2346 cognos-

122 2363 1039 2453 cntsemetipsam,neclacileputo,nccbrevitcrexplicari
1048 2387 1158 2453 posse:

120 2484 232 2536 tamen
247 2493 305 2558 pro
320 2471 439 2536 viribus
455 2495 555 2558 pauca
566 2495 606 2534 ex
620 2469 727 2534 multis
746 2471 866 2558 aperire
881 2473 1086 2536 tentabimus.
1103 2471 1161 2538 Vi-

119 2580 218 2644 detur
232 2601 314 2667 ergo
323 2578 400 2643 mihi
417 2578 535 2667 duplici
555 2561 651 2644 modo
672 2579 862 2666 agnitionem
881 2581 929 2643 sui
948 2580 1086 2646 animam
1104 2603 1158 2645 ca·

119 2709 203 2776 pere
219 2686 346 2751 debere.
366 2686 454 2767 Quid
468 2686 596 2772 quidem
617 2687 656 2751 sit
678 2687 763 2774 ipsa,
779 2697 810 2751 et
829 2684 964 2774 qualiter
984 2699 1160 2762 moveatur,
1180 2732 1182 2738 ·

119 2795 159 2861 id
173 2805 241 2868 est,
255 2793 332 2880 quid
347 2793 380 2856 in
395 2793 588 2868 substantia,
604 2793 727 2880 etquid
744 2793 775 2857 in
792 2792 954 2858 affectibus
970 2793 1085 2858 habeat
1103 2817 1111 2858 :
1128 2807 1165 2857 ut

119 2913 204 2991 puta
221 2913 255 2965 ut
271 2899 423 2988 intelligat
446 2900 470 2964 si
491 2901 566 2964 boni
592 2899 723 2965 affectus
748 2900 807 2974 sit,
832 2912 971 2965 autnon
995 2902 1088 2976 boni,
1110 2914 1164 2966 aut

119 3008 398 3097 roctipropositi,
417 3019 470 3071 aut
489 3030 554 3072 non
574 3008 652 3072 recti
672 3030 680 3071 :
699 3007 874 3094 etquidem
894 3008 918 3072 si
935 3009 1033 3083 recti,
1051 3008 1075 3072 si
1090 3033 1164 3097 erga

122 3139 241 3181 omnes
264 3115 394 3180 virtutes
420 3114 569 3180 eumdem
587 3127 729 3179 tenorem
751 3114 884 3189 habeat,
915 3127 979 3179 tam
999 3116 1032 3180 in
1048 3114 1187 3179 intelli·¹
1229 3149 1234 3160 =

124 3223 232 3312 gendo
244 3246 340 3309 quam
355 3223 542 3310 iungendo,
557 3244 596 3286 an
611 3245 684 3309 erga
696 3223 872 3286 necessaria
889 3233 1032 3298 tantum,
1050 3234 1081 3286 et
1096 3244 1165 3309 quaa

129 3331 167 3394 in
183 3343 331 3419 promptu
354 3343 439 3394 sunt.
457 3333 497 3394 Et
513 3341 620 3394 utrum
639 3330 670 3394 in
685 3353 723 3394 eo
740 3330 779 3392 sit
791 3341 826 3392 nt
842 3330 972 3419 recipiat
988 3331 1166 3418 profectus,

128 3450 169 3502 ut
194 3449 342 3527 augeatur
364 3438 396 3502 in
416 3435 577 3502 intellectu
601 3459 707 3500 rerum
731 3449 963 3526 augmentoque
987 3439 1165 3512 virtutum,

126 3569 171 3610 an
196 3547 229 3610 in
251 3547 311 3610 isto
335 3556 396 3610 stet
418 3557 451 3608 et
472 3545 627 3620 resideat,
651 3544 682 3608 in
699 3543 785 3631 quod
804 3545 908 3632 potuit
927 3545 1091 3634 pervenire
1110 3565 1119 3606 ε
1135 3555 1168 3607 et

127 3665 243 3718 utrum
269 3675 343 3740 erga
370 3653 570 3741 semetipsam
593 3650 813 3717 tantummodo
836 3663 926 3717 vacet
944 3650 1166 3736 excolendam,

126 3783 171 3824 an
192 3758 263 3824 aliis
283 3760 433 3847 prodesse
455 3771 486 3824 et
504 3759 646 3824 conferre
662 3757 779 3845 aliquid
799 3758 940 3823 utilitatis
962 3758 1103 3831 studeat,
1120 3756 1168 3823 vol

124 3869 162 3935 in
182 3869 279 3932 verbo
297 3869 469 3944 doctrinae,
485 3866 533 3933 vcl
551 3869 583 3932 in
599 3866 748 3954 exemplis
765 3879 935 3954 gestorum.
954 3866 988 3931 Si
1000 3889 1076 3932 voro
1091 3888 1170 3954 cog-
