2660 4610
228 283 293 360 4¹⁸
678 303 822 346 navemus

225 425 274 490 his
290 423 413 512 plenius
437 424 469 490 in
488 422 569 488 libro
591 423 805 490 Numerorurn
826 426 985 512 prosecuti
1003 443 1144 490 sumus:
1167 427 1261 512 quasi

225 530 295 616 quis
310 528 440 616 dignum
462 527 583 615 judicat
601 550 752 603 noscere,
777 526 828 596 illa
849 529 1021 616 perquirat.
1051 531 1152 595 Nune
1169 542 1263 596 autem

223 635 358 701 sufficiat
369 637 543 723 approbare
559 657 597 699 ex
617 634 667 700 bis
685 635 770 721 quod
790 636 856 723 ipsa
868 648 915 701 est
936 639 1047 724 nigra,
1063 649 1099 701 et
1119 637 1262 712 formosa,

223 757 255 810 et
270 743 477 830 AEthiopissa,
502 765 598 828 quam
616 742 760 830 Moyses,
783 741 814 808 id
837 756 907 818 est,
924 745 990 810 Lex
1010 743 1190 833 spiritalis,
1210 770 1264 831 qua

224 853 290 917 sine
302 851 399 916 dubio
415 849 556 916 Verbum
568 851 673 914 Dolet
688 849 834 937 Christus
849 863 915 926 est,
934 847 966 916 in
980 853 1180 941 eonjugium
1190 877 1262 918 suun

224 960 368 1032 asciscit,
393 957 468 1022 lieet
494 959 697 1032 obtrectent‚
723 968 757 1022 et
777 959 933 1047 derogent
954 959 1029 1024 liliae
1056 960 1261 1034 hiemsalem.

221 1067 309 1156 plebs
325 1064 445 1131 scilieet
465 1065 522 1130 istu·
540 1087 615 1130 cum
634 1066 853 1131 sacerdotibus
875 1067 950 1132 suis.
970 1065 1161 1134 Videamus
1179 1081 1261 1134 anun

222 1189 254 1242 et
272 1200 309 1241 ea
327 1197 397 1263 quae
411 1199 450 1240 ex
469 1175 565 1239 tertio
583 1176 767 1262 Regnorum
789 1175 872 1241 libro
890 1176 1092 1264 protulimus
1110 1179 1155 1244 de
1170 1180 1261 1267 Regina

222 1285 330 1358 Saba,
349 1295 380 1348 et
397 1283 461 1370 ipsa
478 1281 684 1347 nihilominus
696 1283 905 1371 AEthiopissa,
921 1286 974 1350 cui
988 1286 1213 1352 testimonium
1222 1287 1260 1352 dat

224 1392 380 1458 Dominus
406 1390 438 1454 in
463 1387 682 1478 Evangeliis²‚
708 1392 796 1477 quod
816 1391 918 1458 indie
941 1392 1059 1479 judicii
1086 1395 1191 1458 veniat
1208 1417 1259 1460 tun

222 1499 295 1565 viris
310 1497 521 1586 generationis
538 1497 728 1572 incredulas,
746 1511 778 1562 et
795 1499 989 1564 condemnet
1004 1523 1086 1576 eos,
1107 1502 1258 1589 quieverit

224 1631 241 1671 a
256 1605 377 1671 linibus
393 1617 485 1670 terrae
499 1605 607 1669 audire
624 1605 810 1692 sapientiam
823 1605 1026 1682 Salomonis,
1045 1620 1081 1673 et
1095 1611 1195 1684 addit,
1205 1611 1255 1696 qa'a

227 1717 296 1800 plus
318 1713 483 1778 Salomone
506 1711 586 1787 lu'c'‚
609 1713 727 1779 doeens
745 1737 803 1801 per
822 1714 886 1780 hoe
907 1713 980 1802 plus
1000 1739 1078 1782 esse
1103 1720 1253 1788 veritatem,

227 1845 322 1910 quam
342 1821 480 1886 veritatis
499 1820 626 1908 figuras.
648 1820 743 1886 Venit
758 1845 833 1909 ergo
848 1835 880 1886 et
899 1822 989 1900 haee,
1011 1825 1088 1888 imo
1108 1825 1245 1890 sacrandum

228 1931 361 2018 figuram
383 1931 452 2018 ejus
472 1926 605 1993 ecclesia
630 1929 714 1994 venit
731 1952 769 1992 ex
791 1929 938 2016 gentibus
959 1931 1083 1996 audire
1100 1933 1243 2020 sapientiam

226 2035 404 2105 Salomonis
417 2037 500 2110 veri,
517 2047 548 2098 et
566 2035 630 2098 veri
645 2035 770 2122 pacifici
786 2037 913 2102 Domini
931 2039 1039 2103 nostri
1058 2039 1134 2104 Jesu
1146 2037 1246 2102 Christi.

228 2147 325 2214 Venit
344 2158 376 2210 et
395 2145 463 2210 baeo
482 2144 731 2232 primoquidem
750 2156 875 2212 tentans
893 2171 967 2214 eum
985 2173 1051 2236 per
1069 2154 1256 2238 aenigmataet

230 2255 440 2343 quaestiones,
458 2276 527 2340 quer
546 2252 574 2316 ei
591 2252 677 2338 prius
694 2251 877 2318 insolubiles
893 2255 1117 2322 videbantur:
1132 2257 1256 2346 atqueab

230 2364 299 2452 ipso
311 2363 351 2426 de
365 2361 520 2448 agnitione
537 2359 634 2424 Verbi
650 2359 727 2434 Dei,
744 2372 776 2424 et
792 2360 831 2424 de
846 2365 1003 2428 creaturis
1023 2366 1161 2442 mnndi,
1178 2363 1263 2429 velde

227 2469 465 2538 immortalitate
478 2467 610 2542 animm,
627 2479 659 2530 et
671 2467 791 2554 judicio
808 2469 936 2546 sutura,
952 2474 1046 2560 quod
1068 2475 1157 2561 apud
1171 2483 1268 2538 eamet

230 2579 316 2668 apud
331 2579 475 2643 doctores
491 2576 559 2662 ejus
575 2574 708 2662 gentiles
721 2575 874 2644 duntaxat
892 2577 1111 2666 philosophos
1128 2583 1270 2646 incertum

229 2710 354 2774 semper
371 2696 423 2749 aut
446 2683 579 2748 dubium
598 2684 766 2756 manebat,
784 2683 968 2750 absolvitur.
994 2685 1098 2752 Venit
1119 2713 1197 2777 ergo
1211 2689 1275 2754 tlte-

232 2799 390 2873 rusalem‚
411 2797 451 2861 ad
476 2795 628 2860 visionem
652 2794 772 2860 seilicet
794 2798 898 2883 pacis,
921 2821 997 2864 oum
1020 2799 1233 2866 multitudine
1250 2809 1275 2860 et

233 2910 347 2974 virtute
363 2902 481 2975 multa,
499 2902 665 2990 nonenim
683 2925 759 2968 eum
778 2928 839 2968 rina
854 2902 920 2973 sola
942 2919 1062 2992 gente,
1081 2921 1121 2971 ut
1138 2909 1226 2996 prius
1240 2927 1279 2992 sy·

233 3038 352 3103 nagoga
363 3010 445 3076 solos
461 3009 573 3074 habuit
585 3010 755 3086 Hebraeos,
773 3012 827 3076 sed
845 3035 917 3078 cum
937 3014 1036 3078 totius
1053 3017 1174 3082 mundi
1187 3015 1278 3104 genti-

235 3124 294 3188 bus
315 3117 419 3191 venit,
441 3113 586 3178 deserens
608 3113 704 3178 etiam
727 3137 861 3180 munera
882 3114 977 3203 digna
999 3117 1155 3195 Christo,
1177 3121 1282 3184 odore

237 3237 417 3294 mentorum
436 3220 592 3308 siquidem
615 3219 802 3295 suavitates,
822 3215 918 3308 opera
942 3222 1065 3289 seilicet
1083 3227 1200 3302 bona,
1223 3249 1281 3313 qur

238 3335 278 3401 ad
288 3335 391 3398 Deum
406 3350 463 3416 per
474 3326 605 3390 odorem
618 3327 779 3392 suavitatis
791 3328 976 3393 ascendunt.
990 3331 1056 3396 Sed
1067 3345 1101 3396 et
1112 3359 1199 3398 auro
1212 3337 1283 3398 verul
1313 3387 1314 3390 ,

237 3438 374 3527 repleta,
395 3435 538 3500 sensibus
562 3433 628 3496 sine
651 3433 749 3498 dubio
771 3446 803 3498 et
826 3435 1067 3502 rationabilibus
1093 3425 1285 3530 disciplinis.
1312 3425 1314 3492 l

214 3581 217 3588 ⁴
236 3567 315 3632 quas
331 3553 405 3606 ante
426 3538 523 3603 fidem
540 3535 646 3602 adhue
668 3561 706 3600 ex
723 3540 886 3604 communi
902 3551 934 3604 et
950 3541 1086 3607 scholari
1109 3547 1287 3610 eruditionr
1308 3519 1314 3614 i

239 3649 418 3739 collegerat.
442 3643 561 3710 Detulit
579 3644 673 3708 etiam
691 3643 827 3732 lapidem
841 3649 1043 3736 preciosum,
1067 3675 1167 3738 quem
1196 3675 1286 3718 ornt-
1312 3629 1314 3672 ⁴

234 3772 347 3837 ,menta
358 3777 484 3822 morum
496 3775 661 3842 possumus
674 3751 856 3842 intelligere.
871 3757 954 3822 Cum
966 3757 1028 3824 hoe
1040 3782 1120 3847 ergo
1133 3771 1284 3848 apparatu

297 3903 387 3956 Muttlt.
399 3917 447 3949 ιιι.
460 3925 492 3937 -
506 3896 593 3945 ²Ibid.
607 3905 649 3952 ta.
