2702 4610
371 289 402 334 ru
429 291 556 335 anouuu
578 290 709 335 aourars
735 291 790 334 vu.
1032 267 1090 355 r57

57 407 235 499 afflgypto,
257 407 386 496 quando
413 406 603 472 sedebamus
624 431 719 496 super
743 405 821 472 ollas
844 405 989 472 carnium
1000 405 1093 472 ¹.sO

57 519 194 611 populus
209 519 367 608 ingratus!
385 516 546 582 desiderat
561 514 749 606 AEgyptum,
767 515 821 603 qui
836 514 1001 605 AEgyptios
1017 515 1096 580 vidit

58 633 220 696 extinctos
233 649 241 691 r
257 649 363 694 carnes
375 623 507 714 AEgypti
523 624 667 711 requirit,
680 625 735 712 qui
747 621 969 713 AEgyptiorum
985 645 1095 690 carnes

60 741 142 806 sidit
163 739 259 804 maris
277 737 416 825 piscibus
440 747 473 800 ct
497 732 568 800 eoeli
591 732 718 799 alitibus
741 735 839 800 datas.
859 733 1004 800 Murmur
1020 756 1096 822 crgo

66 849 231 914 adversum
253 848 394 935 bloysen,
415 847 480 910 imo
501 821 670 910 auianum
691 845 795 910 Deum
817 843 932 909 levant.
956 843 1020 909 Sed
1034 842 1097 908 boc

67 957 169 1043 primo
184 957 310 1044 quidem
330 955 520 1043 ignoscitur,
537 953 712 1042 ignoscitur
734 964 766 1016 et
786 952 943 1029 secundo,
958 952 1097 1018 fortassis

67 1079 100 1131 et
120 1065 209 1132 tertio
231 1088 240 1129 ε
265 1076 488 1130 verumtamen
514 1062 540 1128 si
566 1086 632 1128 non
654 1061 813 1138 desinant,
837 1063 891 1128 sed
915 1063 1097 1152 persistant,

65 1174 135 1240 audi
155 1175 233 1264 quid
255 1173 394 1262 posthac
416 1183 669 1238 murmurantem
693 1170 849 1261 populum
871 1185 1094 1260 consequatur.

62 1284 98 1349 lu
121 1285 340 1351 Numerorum
356 1281 439 1347 libro
453 1282 625 1358 refertur²,
641 1283 728 1371 quod
750 1295 782 1347 et
802 1285 833 1348 in
850 1284 915 1347 suis
936 1283 1099 1372 scripturis

63 1393 201 1458 retexuit
216 1390 385 1481 Apostolus
408 1391 517 1464 dicens
533 1413 541 1455 τ
556 1417 569 1451 r
584 1390 693 1478 Neque
712 1392 996 1467 murmuraveritis,
1019 1392 1101 1458 sicut

71 1504 232 1592 »quidem
252 1523 362 1566 eorum
374 1512 669 1577 murmuraverunt,
685 1513 717 1566 et
737 1525 755 1566 a
777 1501 976 1589 serpentibus
996 1499 1101 1588 perie-

74 1609 231 1675 »runt⁸.s
245 1607 492 1674 Murmurantem
515 1608 670 1698 populum
687 1623 858 1676 venenatus
874 1611 907 1675 in
921 1632 1029 1675 eremo
1044 1609 1102 1674 de-

71 1720 211 1809 pascitur
224 1719 416 1807 serpentium
431 1741 566 1786 morsus.
581 1718 753 1787 Videamus
769 1743 840 1796 nos,
855 1721 910 1808 qui
925 1720 995 1786 hare
1008 1719 1102 1784 audi-

71 1855 151 1906 mus,
168 1853 241 1904 nos,
257 1829 401 1915 inquam,
417 1852 476 1917 pro
499 1829 615 1916 quibus
630 1829 747 1918 scripta
763 1841 836 1896 sunt
851 1852 860 1893 ε
878 1827 938 1894 illis
953 1829 1038 1894 enim
1060 1828 1101 1894 ad

66 1939 300 2006 correctionem
319 1938 404 2004 facta
423 1951 511 2013 sunt,
528 1939 643 2028 scriptu
667 1950 742 2004 suut
763 1951 869 2004 autem
884 1950 1014 2028 propter
1029 1959 1101 2017 nos,

76 2049 131 2112 rin
141 2069 222 2136 quos
234 2045 315 2110 lines
326 2043 517 2111 seculorum
533 2045 729 2113 devenerunt
738 2045 760 2110 ⁶.
771 2075 786 2108 s
799 2046 833 2112 Si
848 2071 913 2112 non
928 2047 1101 2114 desinimus

68 2177 283 2228 murmurare,
296 2152 322 2217 si
342 2176 408 2220 nou
427 2175 586 2219 cessamus
602 2176 620 2218 a
636 2152 772 2242 querelis
792 2155 919 2229 nostris,
939 2177 1016 2242 quas
1037 2154 1102 2219 l'ra-

76 2275 210 2350 quenter
234 2262 387 2326 babemus
408 2261 556 2326 adversus
577 2261 697 2337 Deum,
716 2263 921 2327 observemus
940 2285 980 2326 ne
1002 2258 1104 2326 simile

78 2369 260 2438 offensionis
276 2371 471 2436 incurramus
483 2368 674 2459 exemplum.
685 2372 811 2437 Etenim
823 2395 897 2438 cum
918 2373 957 2437 de
968 2370 1042 2438 coeli
1057 2371 1105 2435 in·

72 2480 239 2570 temperie,
252 2478 291 2544 de
301 2479 537 2545 inloeconditate
553 2479 729 2556 fructuum,
743 2479 783 2545 de
795 2481 923 2545 raritate
939 2480 1102 2557 imbrium,

68 2593 109 2658 dc
129 2589 395 2679 prosperitatibus
415 2587 562 2663 aliorum,
582 2601 615 2653 ot
636 2589 676 2653 de
694 2587 830 2655 aliorum
851 2589 1105 2677 improsperitate

65 2719 253 2772 cernamur,
268 2696 332 2762 boc
348 2708 397 2760 est
415 2694 566 2761 adversus
585 2696 689 2761 Deum
707 2719 853 2762 murmur
872 2696 1026 2765 attollere.
1041 2696 1106 2764 Sed

65 2809 134 2874 bace
151 2808 243 2872 initia
262 2804 457 2871 habentibus
470 2804 665 2893 ignoscitur:
681 2805 714 2868 in
729 2828 782 2870 eos
794 2829 869 2870 vero
884 2808 938 2894 qui
950 2830 1015 2872 nnn
1026 2807 1106 2872 desi-

67 2928 156 2992 nunt,
170 2915 316 3004 graviter
326 2911 514 2978 vindicetur.
529 2911 699 2978 Mittuntur
711 2937 849 3002 namque
864 2913 896 2978 in
912 2937 966 2980 eos
982 2937 1107 3004 serpen·

69 3039 123 3101 tes,
136 3025 171 3090 id
184 3035 248 3098 est,
262 3021 435 3086 immundis
447 3019 610 3109 spiritibus
627 3022 797 3087 traduntur
811 3023 1036 3112 venenatisque
1047 3025 1108 3089 dre-

71 3135 232 3209 monibus,
245 3131 301 3219 qui
314 3153 368 3196 eos
381 3131 538 3196 morsibus
550 3128 684 3195 occultis
699 3153 737 3197 ac
751 3129 921 3198 latentibus
936 3134 1107 3222 perimant,

72 3256 162 3331 atque
173 3241 312 3309 internis
323 3252 356 3306 et
371 3241 454 3306 intre
469 3240 573 3306 cerdis
588 3238 762 3330 penetralia
776 3240 932 3308 conclusis
947 3242 1109 3332 cogitatis>

77 3354 162 3419 nibus
178 3355 362 3418 absumunt.
378 3349 455 3426 Sed,
469 3351 603 3415 obsecro
618 3373 686 3425 vos,
698 3351 820 3439 prosint
835 3351 926 3416 nobis
941 3353 1108 3440 premissae

82 3461 285 3549 correptionis
301 3456 446 3548 exempla
464 3481 472 3522 :
490 3457 616 3524 illorum
631 3481 724 3547 paona
740 3460 922 3526 emendatio
935 3472 1042 3526 nostra
1055 3462 1105 3527 sit.

82 3565 162 3632 Dicit
181 3570 266 3635 euim
294 3567 393 3642 Deus,
416 3565 489 3655 quia
505 3566 640 3633 «Audivi
663 3568 947 3635 murmurationem
969 3568 1108 3636 filiorum

80 3675 194 3742 »lsrael
205 3677 253 3742 ’.ι
268 3674 392 3742 Videtis
406 3673 480 3762 quia
500 3696 564 3739 uon
583 3671 660 3740 latet
680 3676 784 3742 Deum
803 3679 1013 3743 murmuratio
1033 3701 1109 3743 nos-

108 3835 205 3889 ¹Exod.
220 3856 274 3899 rvr,
291 3855 314 3898 1,
332 3857 357 3900 a,
369 3837 393 3886 5.
410 3833 1109 3897 Altum.111.-⁸1c0r.x‚-1o.-⁴lbid.u.-

80 3906 171 3963 ’lwd-
182 3929 236 3976 xvi,
252 3931 291 3962 12.
