2692 4610
340 317 373 360 ra
397 315 569 359 narrrrouu
592 313 722 360 norrun
745 314 807 357 xrr.
1036 291 1094 355 201

66 435 277 524 quileriorem
290 430 421 520 elegerit
431 435 559 519 paenam
566 453 576 504 3
586 430 679 496 dudae
690 451 765 496 vcro
776 426 907 494 tradidit
918 427 1020 492 sciens
1031 447 1101 514 gra-

65 547 128 611 rius
142 565 213 610 esse
227 543 317 631 quod
332 540 480 629 elegerat.
496 543 565 608 lloo
574 564 650 629 ergo
665 540 760 607 modo
776 539 1001 605 convenienter
1015 546 1102 624 upta-
1124 523 1135 530 ’

69 653 109 716 sit
118 652 282 741 Scriptura
296 649 402 715 divina
414 649 443 714 ei
455 650 509 737 qni
521 647 683 714 maledixit
694 649 810 724 Deum,
825 657 860 712 ut
871 657 1039 735 peceatum
1050 669 1101 710 su-

74 775 153 834 rnat3
167 763 197 828 ei
210 783 284 828 aero
298 761 355 846 qui
372 758 471 824 levius
487 755 630 845 deliquit,
648 757 735 845 quod
748 769 851 822 morte
865 755 1031 822 moriatur.
1047 753 1102 821 Vis

73 885 178 938 autem
192 884 224 936 et
241 871 279 934 ‹le
301 865 480 956 Evangeliis
496 890 628 933 noscere
642 869 728 956 quod
744 868 797 956 qui
814 866 970 955 receperit
986 867 1019 930 in
1039 865 1102 931 bac

73 978 134 1042 rita
149 974 227 1040 rnnla
241 999 313 1048 sua,
330 973 374 1038 ibi
390 973 535 1060 jamnon
551 973 699 1062 recipiat;
715 973 770 1062 qui
786 983 893 1039 autem
907 972 961 1038 bic
976 989 1040 1039 non
1055 995 1104 1038 re·

71 1087 199 1176 ceperit,
210 1086 254 1150 ibi
266 1083 469 1149 sorrenturei
482 1083 722 1150 omnial'Doeet
732 1105 790 1149 nos
801 1082 981 1172 exemplum
992 1083 1101 1150 Lazari

67 1195 223 1284 pauperis,
241 1203 274 1256 et
293 1189 378 1257 illius
399 1191 503 1257 divitis
523 1192 563 1257 ad
579 1215 676 1281 quem
692 1191 810 1258 dicitur
824 1193 857 1257 in
873 1192 1002 1258 inferuis
1017 1216 1034 1257 a
1050 1215 1102 1281 pa·

67 1304 201 1370 triarcba
218 1301 407 1369 Abrabam:
432 1301 632 1378 ablemento,
649 1300 706 1373 lili.
728 1303 879 1388 quoniam
900 1315 935 1366 tu
957 1303 1105 1390 recepisti

69 1416 176 1479 ‚bona
197 1412 231 1478 in
250 1410 313 1476 rita
330 1423 398 1487 tua,
413 1420 447 1476 ct
461 1411 597 1476 Lazarus
614 1410 757 1476 similitor
772 1410 864 1476 mala.
883 1411 976 1478 Nunc
997 1420 1104 1478 autem

71 1533 130 1584 stu
146 1520 278 1607 quidem
293 1518 459 1593 cruciaris,
475 1518 528 1585 hic
542 1541 618 1584 vero
634 1519 833 1607 requiescit¹.
846 1547 859 1582 s
872 1521 913 1585 Et
927 1515 1030 1586 solent
1043 1521 1103 1587 bo-

72 1626 169 1692 mines
181 1627 368 1714 ignorantes
378 1625 496 1712 judicia
509 1625 580 1700 Dei,
592 1649 664 1714 quae
675 1636 749 1691 sunt
760 1628 891 1713 abyssus
905 1624 1017 1702 multa,
1031 1625 1105 1693 con'-

71 1734 157 1823 queri
171 1733 344 1798 aduersum
363 1731 480 1806 Deum,
497 1744 529 1797 et
547 1732 654 1798 dicere
671 1754 679 1797 t
699 1733 766 1797 Cur
781 1731 1052 1822 homines-iniqui,
1072 1746 1105 1800 et

66 1843 174 1933 injusti
192 1853 353 1930 raptores,
370 1841 470 1928 impii,
487 1839 623 1917 scelesti,
643 1841 676 1907 in
692 1842 753 1908 bac
768 1842 831 1906 rita
850 1840 1106 1930 nibilpatiuntur

65 1953 203 2027 aduersi,
225 1952 285 2016 sed
300 1961 417 2016 cuncta
438 1950 483 2015 eis
503 1951 661 2039 prosperis
681 1953 879 2020 successibus
895 1952 1027 2029 cedunt,
1045 1953 1106 2018 bo-

65 2085 175 2136 nores,
191 2059 322 2146 divitias,
333 2058 489 2147 potentia,
502 2061 617 2125 sanitas
633 2082 760 2147 quoque
774 2062 818 2126 eis
833 2062 900 2151 ipsa
916 2073 948 2127 et
963 2063 1107 2150 corporis

68 2169 230 2236 babitudo
252 2167 468 2234 famulantur?
489 2190 508 2233 e
531 2180 640 2234 contra
664 2170 900 2247 innocentibus,
923 2195 960 2236 ac
981 2172 1053 2261 piis,
1076 2183 1109 2237 et

74 2278 258 2346 colentibus
266 2278 366 2344 Deum
381 2277 630 2344 innumerabiles
645 2302 795 2346 aerumna
806 2282 1044 2368 superveniunt,
1057 2282 1111 2347 ab·

74 2388 156 2478 jecti
176 2400 209 2451 et
222 2386 364 2464 humiles,
384 2389 559 2476 contempti
581 2401 614 2453 et
629 2391 688 2456 sub
706 2388 847 2479 colaphis
866 2393 1045 2479 potentium
1063 2392 1110 2456 vi-
1196 2379 1203 2390 Ι

72 2509 167 2572 runt,
184 2519 413 2584 nonnunquam
433 2496 529 2562 etiam
552 2498 662 2564 saerius
685 2499 730 2564 eis
746 2500 850 2565 morbi
871 2523 999 2588 quoque
1015 2500 1111 2587 ipsius
1186 2565 1192 2574 ,

68 2605 216 2694 corporis
227 2605 455 2672 dominantur?
467 2603 532 2671 Sed
543 2605 625 2682 baec,
639 2617 674 2672 ut
688 2607 764 2684 dixi,
773 2619 1015 2697 conqueruntur
1027 2609 1115 2696 igno-

69 2727 178 2781 rantes
192 2715 250 2802 qui
266 2715 306 2779 sit
318 2715 397 2780 ordo
413 2716 446 2780 in
461 2715 575 2781 divinis
588 2716 727 2804 judiciis.
748 2718 877 2796 Quanto
892 2718 977 2782 enim
990 2717 1114 2806 gravius

70 2847 126 2890 eos
137 2823 247 2912 puniri
262 2823 371 2888 solunt
387 2824 428 2890 (le
438 2847 576 2912 quorum
591 2825 733 2914 potentia
750 2839 782 2891 et
798 2827 1017 2916 iniquitatibus
1032 2829 1115 2917 inge-

68 2933 227 3006 miscunt,
245 2943 335 2997 tanto
351 2931 566 2996 necessarium
583 2943 630 2996 est
647 2931 765 2999 differri
782 2956 903 3021 pesnas,
922 2959 992 3023 quae
1011 2935 1036 3000 si
1051 2959 1116 3000 non

68 3037 295 3114 differrentur,
314 3036 503 3126 temporales
521 3039 630 3126 utique
653 3051 686 3106 et
702 3040 834 3107 leviores
851 3055 968 3119 essent,
985 3045 1057 3130 quia
1080 3043 1118 3109 sr-

68 3171 147 3215 nem
166 3169 248 3213 cum
268 3157 371 3214 morte
392 3147 586 3235 reciperent,
603 3172 691 3216 nnnc
712 3173 788 3216 vero
816 3151 889 3237 quia
912 3150 1116 3226 differuntur,

67 3268 203 3325 certum
215 3266 266 3321 est
279 3255 366 3343 quod
377 3267 502 3322 aeternae
512 3268 607 3320 erunt
619 3267 652 3322 et
664 3279 740 3323 curn
756 3255 878 3324 saeculis
894 3257 1115 3326 extendentur.

71 3369 100 3432 ll
116 3378 231 3434 eontra
253 3365 350 3454 igitur
364 3367 389 3432 si
405 3363 502 3430 relint
522 3366 614 3456 justis
630 3376 664 3432 et
678 3367 902 3446 innocentibus
922 3368 956 3434 in
972 3370 1119 3457 praesenti

74 3476 192 3542 saeeulo
203 3478 288 3543 bona
302 3474 407 3548 reddi,
420 3485 526 3542 essent
536 3476 634 3543 etiam
648 3478 714 3566 ipsa
731 3479 814 3545 bona
828 3477 1012 3568 temporalia
1027 3489 1060 3547 et
1070 3500 1122 3546 ce·

76 3584 137 3650 leri
153 3585 289 3652 termino
301 3582 534 3654 concludenda.
551 3585 681 3665 Quanto
697 3601 803 3654 autem
815 3589 914 3678 magis
931 3587 1120 3654 differuntur

72 3697 109 3764 in
125 3696 286 3771 futurum,
304 3706 393 3763 tanto
410 3696 509 3784 magis
525 3707 619 3762 erunt
634 3711 786 3787 perpetua
802 3709 834 3764 et
848 3698 992 3766 nescient
1007 3696 1116 3762 linem.

67 3806 145 3872 blec
156 3815 207 3870 cst
217 3827 295 3894 ergo
308 3803 396 3894 quod
411 3827 470 3870 nos
485 3803 659 3894 Scripturas
671 3808 765 3895 bnjus
780 3807 869 3876 locus
881 3809 992 3897 paucis
1004 3827 1122 3874 sermo·

107 3933 116 3966 ¹
130 3933 195 3982 Luc.
209 3937 316 3994 xv1,25.
