2682 4594
243 286 302 371 196
683 309 823 351 oarnsars

238 445 292 496 »et
303 432 384 496 sicut
394 430 480 498 olera
491 433 662 498 herbarum
674 434 737 497 cito
748 432 947 497 decidens.»
966 433 1022 498 Vis
1033 434 1126 499 etiam
1135 429 1240 500 alterius

236 540 401 628 Prophetas
417 541 456 605 de
471 540 587 606 talibus
603 542 730 606 monitis
749 542 936 607 auctoritate
950 542 1090 606 munirii
1102 543 1172 608 Audi
1183 545 1249 630 quid

236 649 332 714 etiam
347 647 454 714 Esaias
472 648 512 712 de
532 649 618 714 omni
637 646 735 737 gloria
758 647 875 714 carnali
891 649 1100 737 pronunciet:
1119 650 1250 727 ‹Omnis,

236 755 374 841 »ioquin
394 779 467 820 caro
481 755 619 831 loenum,
636 768 668 820 et
683 757 786 821 omnis
804 755 903 844 gloria
920 757 990 845 ejus
1006 769 1040 820 ut
1056 755 1114 822 llos
1129 758 1245 822 lenita

237 858 293 926 Vis
308 859 403 925 etiam
420 883 477 946 per
491 858 611 947 singula
627 861 733 926 videre
752 860 913 947 quomodo
939 859 998 925 llos
1013 861 1089 925 foeni
1112 861 1148 925 sit
1165 864 1254 927 carnis

235 965 358 1055 gloria?
377 964 456 1030 Vide
478 966 548 1052 quis
563 967 730 1055 imperavit
745 980 817 1033 ante
832 969 890 1033 hos
917 969 1043 1056 triginta
1061 991 1170 1043 annos,
1190 993 1256 1056 quo

233 1075 330 1140 modo
353 1074 521 1161 imperium
540 1075 609 1162 ejus
627 1075 764 1140 effloruit
786 1100 793 1140 :
819 1076 972 1142 continuo
995 1074 1101 1142 autem
1118 1076 1190 1141 sicut
1205 1076 1256 1142 llos

233 1181 310 1247 saeni
323 1181 495 1256 emarcuit,
521 1194 598 1248 tunc
615 1183 730 1248 deinde
744 1181 823 1249 alius
838 1195 910 1271 post
925 1183 1046 1271 ipsum,
1065 1181 1172 1248 deinde
1186 1182 1256 1249 alius

235 1301 328 1376 atque
341 1287 436 1364 alius,
449 1289 503 1376 qui
517 1289 631 1354 deiude
641 1291 755 1366 duces,
769 1303 801 1356 et
813 1291 990 1378 principes:
1005 1303 1037 1356 et
1048 1291 1148 1356 omnis
1155 1315 1254 1358 eorum

234 1395 336 1485 gloria
352 1409 384 1461 et
398 1397 503 1462 honor
523 1421 587 1461 uon
607 1396 710 1464 solum
729 1410 880 1486 tanquam
897 1397 955 1464 llos
975 1400 1147 1473 emarcuit,
1161 1423 1258 1466 rerum

232 1505 328 1570 etiam
345 1516 496 1592 tanquam
512 1503 613 1592 pulvis
631 1505 756 1581 aridus,
769 1518 801 1571 et
817 1529 835 1570 a
851 1506 1119 1593 veuto'dispersus
1131 1529 1168 1570 ne
1182 1508 1260 1572 resti·

231 1612 318 1700 gium
334 1611 463 1699 quidem
479 1612 527 1676 sui
540 1611 677 1699 reliquit.
693 1611 754 1679 Alii
771 1613 866 1680 etiarn
891 1613 1005 1678 divitiis
1018 1612 1111 1690 elati,
1126 1627 1158 1678 et
1169 1614 1260 1680 hono-

232 1723 320 1786 ribus
336 1722 448 1788 tumidi
460 1772 469 1796 ,
481 1722 642 1787 studentes
655 1722 703 1788 vel
717 1722 890 1788 laudabiles
901 1723 1011 1789 baberi
1024 1747 1081 1812 per
1094 1724 1260 1791 simulatam

232 1827 430 1901 bonitatem,
455 1826 503 1892 vel
527 1825 719 1892 execrabiles
744 1833 802 1916 per
828 1828 1015 1893 indomitam
1042 1828 1259 1894 crudelitatem.

234 1938 382 2017 Quorum
399 1936 424 1999 si
440 1935 509 2022 quis
522 1957 602 2006 vana
617 1934 720 2000 studia
736 1936 893 2000 existimat
909 1934 1106 2010 aemutanda,
1122 1950 1170 2002 eat
1185 1959 1261 2000 nunc

233 2045 272 2110 ad
287 2045 476 2111 cadaverum
496 2066 607 2108 eorum
631 2042 797 2130 reliquias,
814 2045 840 2107 si
855 2056 962 2109 tamen
981 2043 1031 2109 vel
1047 2046 1120 2134 ipsae
1135 2047 1260 2109 inveniri

231 2163 365 2239 queant:
384 2149 551 2237 aliquantis
565 2149 652 2214 enim
668 2174 709 2215 ne
723 2150 787 2215 hoc
803 2152 932 2237 quidem
951 2175 1133 2217 concessum
1146 2163 1190 2216 est
1205 2175 1213 2214 ι
1227 2165 1261 2216 et

231 2270 309 2323 tuuc
325 2259 462 2323 inveniet
479 2257 640 2343 quomodo
661 2257 784 2322 «omnis
800 2281 874 2323 caro
895 2258 1015 2325 frenum
1031 2271 1097 2335 est,
1120 2271 1150 2323 et
1168 2260 1269 2325 omnis
1336 2269 1337 2304 l

231 2364 351 2454 »gloria
367 2365 437 2451 ejus
453 2376 487 2428 ut
503 2362 561 2427 llos
582 2363 668 2428 soeni.
688 2365 949 2431 Exaruitsoenum
969 2380 1002 2432 et
1024 2366 1084 2432 llos
1103 2368 1172 2456 ejus
1188 2368 1272 2434 deci·

233 2473 359 2538 ‚diets
380 2472 443 2552 Qui
460 2483 567 2538 autem
583 2495 647 2536 non
664 2470 765 2559 diligit
782 2471 932 2538 flosculos
948 2475 1073 2550 carnis,
1092 2499 1197 2563 nequo
1212 2500 1276 2543 car·
1336 2499 1337 2512 ¹

231 2581 345 2647 naliter
360 2580 456 2655 vivit,
480 2577 535 2644 sed
550 2577 651 2667 diligit
670 2581 804 2646 verbum
825 2580 901 2656 Dei,
925 2593 957 2646 ct
980 2582 1013 2647 in
1034 2583 1105 2670 ipso
1130 2583 1277 2671 prolicit,

230 2690 303 2756 audi
316 2689 392 2775 quid
403 2699 526 2775 speret:
544 2686 732 2764 «Verbum,
749 2687 863 2774 inquit,
880 2689 1008 2754 Domini
1021 2691 1177 2756 manetin
1194 2705 1279 2756 aeter
1336 2725 1337 2766 ι

232 2795 386 2862 »num⁴.»
406 2795 517 2861 Sedet
533 2794 596 2860 hoc
610 2796 715 2883 ipsum
733 2797 818 2883 quod
834 2797 894 2873 ait,
908 2797 1076 2886 quiasicot
1091 2799 1213 2889 soenram
1227 2801 1282 2866 cito
1336 2855 1337 2866 ι

231 2916 384 2981 arescent,
406 2901 615 2991 malignantes
639 2901 780 2980 scilicet,
801 2927 866 2970 non
894 2906 1033 2971 arbitror
1053 2907 1203 2973 otiosum
1228 2933 1283 2974 cur
1335 2887 1337 2914 ‘

230 3013 315 3078 soeno
331 3036 385 3077 eos
399 3011 649 3098 comparaverit,
668 3034 744 3078 cum
759 3012 868 3100 utique
880 3026 912 3077 et
925 3012 984 3080 alia
998 3015 1098 3102 possit
1113 3039 1192 3082 esse
1215 3040 1284 3082 ma·
1335 2999 1337 3110 l

229 3122 326 3196 teria,
350 3121 402 3186 cui
425 3131 649 3206 comparentur
667 3119 700 3184 hi
716 3120 770 3208 qui
792 3119 948 3186 malitiose
968 3135 1114 3212 egerunt.
1139 3125 1287 3192 Foeuum
1335 3167 1337 3176 ,

231 3241 394 3296 mutorum
409 3240 441 3294 ct
456 3227 719 3294 irrationabilium
731 3227 915 3294 animalium
929 3230 1021 3296 cibus
1036 3245 1095 3297 est.
1117 3234 1291 3300 Fortassis

230 3362 305 3427 ergo
316 3361 374 3426 pro
389 3359 427 3402 eo
443 3336 529 3423 quod
545 3359 655 3402 omnes
678 3334 785 3412 stulti,
811 3349 843 3401 et
866 3337 1021 3426 imperiti,
1038 3341 1148 3427 etqui
1168 3355 1293 3406 contra

229 3447 384 3513 rationem
403 3457 435 3509 et
458 3445 642 3533 sapientiam
665 3445 723 3509 Dei
740 3445 867 3521 vivum,
892 3458 1070 3534 sequuntur
1091 3452 1239 3537 eosqui
1264 3451 1296 3512 in

229 3553 348 3620 malitia
362 3552 521 3640 principes
539 3563 631 3627 sunt,
649 3563 735 3616 etex
754 3551 881 3617 illorum
899 3555 962 3618 vita
973 3553 1027 3622 -vel
1046 3556 1186 3620 actibus
1206 3557 1298 3622 vesci

229 3663 398 3734 dicuntur,
410 3659 523 3747 quibus
534 3672 566 3724 ct
578 3660 751 3736 obediunt,
763 3660 884 3726 idcirco
894 3683 949 3726 eos
961 3663 1047 3728 foeno
1059 3666 1300 3752 compararit.

229 3771 329 3838 Nemo
345 3767 429 3834 enim
441 3767 581 3856 prudens
600 3769 638 3832 ab
660 3767 719 3833 illis
742 3769 839 3833 sumit
860 3769 1051 3858 exemplum.
1079 3773 1107 3838 N
1113 3795 1174 3837 am
1211 3773 1305 3837 sicut

268 3903 518 3970 ¹l‘salm.ttxxv1‚a.
536 3939 553 3944 -—
570 3907 646 3958 ²Isai.
661 3927 704 3972 ιι,
717 3913 743 3959 6.
754 3941 784 3947 -
794 3909 803 3941 ⁵
815 3911 879 3962 lbid.
897 3931 919 3973 7.
936 3942 966 3950 -
979 3917 988 3950 t
1001 3913 1069 3964 lbid.
1086 3915 1116 3964 8.
