2644 4612
204 258 266 328 552
440 263 445 270 '
650 281 793 326 oaraaaas

203 402 324 472 saliam
339 349 438 491 quom
456 401 595 472 mineat
615 431 627 465 ι
650 401 761 491 Neque
776 402 863 469 onim
886 402 927 468 ad
946 403 1140 492 prinoipetam
1151 405 1201 473 Bo·
1280 359 1281 374 i

42 486 44 509 i
96 559 100 563 .
204 510 309 580 olesim
329 512 416 578 venit
435 511 490 600 qui
505 509 616 579 salvari
630 507 1198 601 sait,etsipraeost,sodadserrita-
1279 583 1281 610 p

203 630 269 687 tem
281 615 432 684 Eoolesiao
441 617 491 694 ,si
499 627 624 706 oportet
636 616 744 684 diemo
754 629 789 682 ot
803 616 844 682 de
854 615 1021 706 Evangelio
1033 639 1042 682 r
1052 617 1201 707 «Principes

86 773 94 800 ,
205 727 358 816 »quidem
369 727 510 815 gentium
522 726 914 813 dominanmreis‚etqai
924 735 1101 814 potestatem
1110 726 1202 792 hebeat

206 834 262 902 rin'
284 827 345 904 iilis
364 836 566 923 magistratus
585 847 751 902 vocamur.
773 835 844 902 Non
865 836 912 900 sio
933 846 1037 900 autom
1055 834 1110 900 orit
1124 835 1203 902 inro-

133 1015 139 1022 ,
208 943 313 1012 abis².
331 972 345 1008 a
368 945 435 1012 Neo
449 943 536 1010 enim
556 943 763 1018 dominantur
776 944 938 1033 prinoipes
953 945 986 1010 ia
1004 944 1102 1019 vohis,
1113 944 1204 1031 sedpa'

206 1053 278 1120 vult
297 1066 436 1120 vestrum
457 1075 525 1118 osse
542 1053 664 1139 major,
679 1052 741 1118 orit
756 1051 903 1118 omnium
918 1051 1073 1120 minimus.
1089 1053 1143 1133 Qui
1156 1052 1203 1117 ralt

207 1185 275 1230 esse
288 1160 427 1250 primas.
442 1160 504 1226 erit
519 1161 664 1226 omnium
678 1161 880 1228 mansimus.
895 1161 961 1240 Qui
972 1173 1095 1226 vocatur
1106 1183 1165 1248 ergo
1176 1159 1202 1225 ad

206 1270 442 1358 episcopatum,
451 1291 516 1334 non
528 1269 568 1336 ad
575 1268 788 1357 principatum
795 1280 943 1345 vocetur,
957 1268 1200 1335 sedadserritatea

205 1378 303 1444 totius
317 1373 478 1445 Eocle'siae.
494 1375 529 1442 Si
543 1378 590 1442 vis
605 1376 737 1442 eredere
752 1377 794 1444 de
804 1373 983 1467 seripturis
993 1423 1002 1453 ,
1012 1375 1200 1466 qaiainEode

206 1487 252 1554 sia
267 1508 375 1552 servus
390 1485 430 1550 sit
442 1483 587 1550 omnimo
597 1484 651 1574 qai
663 1497 795 1573 praeeat,
810 1486 948 1552 suadeat
962 1483 1022 1551 tibi
1033 1487 1093 1575 ipse
1104 1484 1198 1550 aelata

143 1663 148 1674 ,
207 1607 240 1660 et
249 1594 405 1661 Dominus
416 1644 426 1670 ,
439 1593 494 1680 qui
507 1591 577 1662 talis
592 1604 761 1682 tantaeque
774 1592 877 1660 taetus
888 1606 940 1660 est
952 1594 986 1660 in
997 1593 1096 1660 medio
1107 1593 1196 1681 diseipa

208 1700 335 1777 loram,
351 1723 416 1768 aaa
431 1700 520 1789 quasi
532 1700 758 1776 discumbens,
771 1701 827 1768 sed
843 1703 936 1790 quasi
951 1702 1125 1770 ministrans
1134 1700 1194 1767 deoi-

207 1812 299 1902 piens
313 1812 399 1878 onim
415 1809 550 1878 linteum
564 1820 734 1901 postquam
748 1823 863 1878 exutas
878 1824 930 1878 ost
948 1811 1131 1886 vestimentis,
1139 1833 1191 1899 pra

210 1917 309 1984 cinxit
323 1939 376 1995 se,
396 1928 429 1982 et
443 1917 572 1984 mittens
588 1939 703 2006 aqrmm
723 1917 756 1982 in
777 1915 897 2006 pelvim
917 1921 1019 2008 ooepit
1036 1917 1116 1984 laras
1127 1915 1185 2004 podo

209 2023 455 2116 discipulorum,
472 2035 506 2090 et
523 2024 687 2115 detergere
702 2023 801 2091 linteo
817 2049 883 2114 qao
904 2039 977 2092 erat
997 2024 1193 2116 procinetusdt

210 2134 329 2202 doeens
345 2132 453 2223 quales
465 2131 612 2222 oporteat
627 2156 695 2199 esse
708 2133 868 2223 principes
884 2147 1041 2223 tanquam
1054 2131 1195 2207 serraait:

171 2301 177 2317 ,
218 2241 313 2311 «Vos
336 2241 451 2308 voeatis
471 2263 526 2308 me
543 2240 729 2330 magistrum
747 2251 780 2308 et
795 2242 988 2318 dominam,
1004 2255 1038 2308 et
1049 2239 1198 2309 benediciis.

213 2379 307 2422 »sum
322 2354 450 2422 etenim.
467 2355 501 2421 Si
516 2377 592 2445 ergo
608 2355 755 2422 dominus
766 2368 800 2422 et
810 2357 965 2446 magister
977 2367 1076 2423 vester
1087 2353 1134 2422 lesi
1144 2351 1201 2418 rotis

211 2465 329 2570 »pedes
341 2514 349 2538 ‚
362 2475 396 2528 et
411 2485 466 2528 ros
477 2462 600 2528 debetis
616 2461 803 2530 alterutram
818 2463 926 2531 lavare
940 2465 1068 2556 pedes⁸.
1080 2491 1092 2530 s
1103 2465 1132 2529 Ia
1142 2458 1209 2525 seni·

84 2559 86 2567 ,
210 2584 315 2638 tutem
331 2571 428 2660 igitur
444 2583 577 2638 vocatur
591 2569 740 2637 Ecclesiae
755 2571 927 2661 prinoops,
945 2584 982 2638 at
996 2573 1088 2662 possit
1098 2592 1128 2636 ex
1139 2565 1221 2634 serri-

211 2689 281 2746 tute
295 2678 354 2742 ista
370 2677 416 2741 ire
431 2676 472 2748 ad
486 2675 600 2742 solium
615 2674 763 2752 eoeleste,
781 2676 863 2742 siout
879 2679 1037 2767 scriptam
1051 2687 1093 2742 est
1103 2697 1130 2738 :r
1142 2671 1211 2738 Sede·

213 2786 312 2853 »bitis
323 2808 419 2873 super
429 2784 561 2850 thronos
572 2783 744 2850 duodecim
754 2833 764 2861 ,
775 2783 959 2874 judicantes
975 2784 1129 2860 duodecim
1139 2781 1210 2846 tribu

214 2893 363 2961 »Israal⁶.
384 2922 396 2956 ι
412 2893 494 2962 Audi
510 2916 585 2960 vero
599 2905 633 2958 et
647 2893 783 2962 Paolum
794 2907 862 2968 tam
881 2895 1069 2984 praeclaram
1081 2893 1167 2958 viram
1178 2887 1212 2954 di·

82 3073 90 3084 ,
212 3001 825 3097 centem,quiasorausfperitomnium
838 3003 1212 3091 credentium.«sgesam.

214 3111 299 3188 nait,
316 3112 465 3177 minimas
477 3109 693 3198 apostolorum
704 3157 713 3186 ,
725 3133 793 3178 noa
804 3133 873 3178 sum
882 3111 998 3201 dignas
1013 3109 1108 3178 vocari
1119 3121 1215 3198 aposto

215 3217 306 3295 sius,
330 3219 401 3308 qaia
421 3231 607 3308 personatus
623 3239 695 3288 sum
714 3217 887 3285 Ecclesiam
903 3217 963 3286 Dei
974 3220 995 3285 ⁵.
1015 3220 1128 3286 »Porro
1140 3213 1216 3279 sihor

215 3351 282 3396 non
294 3329 417 3394 videtur
429 3329 609 3416 approbare
625 3328 805 3394 servitutem
819 3328 907 3415 ejas,
919 3329 976 3396 sed
991 3337 1105 3394 tantum
1115 3316 1215 3390 humili.

212 3447 329 3511 tatem,
346 3434 421 3500 audi
437 3459 513 3501 oum
530 3436 689 3503 dicentem
700 3459 709 3499 ι
720 3435 832 3507 «Facti
847 3459 957 3503 sumus
967 3434 1083 3526 parvuli
1093 3434 1122 3498 ia
1135 3426 1215 3496 medio

215 3551 376 3608 »vestrum
388 3541 496 3629 ‚quasi
508 3541 614 3607 nutrix
624 3541 726 3606 foveat
737 3539 902 3608 filioesaos
911 3593 920 3620 ,
930 3565 1004 3609 eum
1012 3559 1157 3630 possamus
1165 3553 1215 3622 gre

217 3671 290 3716 vaes
311 3672 396 3726 esse,
420 3663 457 3714 ut
472 3650 589 3716 Christi
604 3646 769 3738 apostoli‘.
792 3678 805 3712 ι
820 3650 997 3718 imitatores
1014 3667 1150 3738 argones
1162 3659 1214 3706 aaa

252 3819 352 3869 ¹Exod.
369 3836 405 3878 rr,
428 3816 467 3868 13.
479 3813 531 3853 -²
543 3819 602 3869 Lao.
620 3836 697 3880 1111,
719 3815 771 3881 25,
790 3822 832 3870 aa.
844 3849 877 3858 -
893 3815 985 3870 ⁸Joau.
1005 3835 1068 3880 xm,
1088 3812 1130 3874 ¹3,
1146 3817 1212 3876 14·-

221 3908 397 3970 'Maribam
414 3911 500 3958 280-
514 3905 524 3938 ‘
538 3924 549 3957 1
564 3907 622 3960 Cor.
641 3927 685 3964 xv.
700 3927 725 3976 9.
740 3912 795 3948 -0
812 3911 919 3963 r'l'hrss.
930 3927 968 3974 ιι,
988 3929 1010 3972 7.
