2702 4610
391 303 423 346 ut
448 301 573 344 sxouua
597 299 727 342 noratur
752 299 793 340 rx.
1052 277 1110 360 ¹⁵7

64 422 188 486 habeat
203 417 354 484 doctores
369 425 402 478 et
419 414 580 480 ministros
596 435 682 488 suos,
694 413 734 480 de
748 411 865 500 quihus
880 410 956 477 dicit
972 412 1113 499 aposto,

64 528 117 594 las
132 551 141 592 ε
155 527 307 598 «Petrus,
319 523 472 594 lacobus,
482 533 515 587 et
526 521 743 610 loannes,qui
757 519 945 590 videbuntur
956 518 1114 589 columnae

68 660 187 711 nesse,
207 635 332 702 deauas
349 631 508 698 dederant
525 629 603 698 mihi
620 642 653 696 et
671 631 824 698 Barnabae
842 628 1002 696 societatis
1012 628 1035 694 ¹.
1049 658 1062 692 r
1076 629 1114 700 ln

70 744 286 815 tabernaeuto
299 767 372 831 ergo
384 741 461 816 hoo,
475 738 633 808 eoluurnsu
647 740 724 806 aeris
736 739 910 829 interjectis
922 739 1114 828 junguntur,

77 855 160 920 dum
175 855 207 922 in
223 851 358 920 Ecclesia
374 853 523 918 doctores
541 848 622 916 dotis
642 849 702 916 sibi
724 848 840 915 dextris
860 848 1033 916 socientur.
1048 849 1114 916 Sed

77 963 309 1032 columaaeistae
321 963 528 1050 inargentatae
540 960 616 1050 sint,
627 971 660 1025 et
672 961 761 1025 bases
773 981 883 1024 earum
897 959 1110 1048 inargentatu.
1148 1046 1150 1054 Ι

77 1074 164 1140 Biuae
178 1085 285 1140 eutem
299 1073 394 1138 beses
409 1067 567 1137 columnis
582 1066 713 1158 singulis
729 1069 922 1156 deputentur
935 1089 943 1132 t
964 1091 1026 1134 unu
1045 1091 1115 1156 quur

73 1195 173 1273 caput·
184 1183 319 1258 dieitur,
335 1194 369 1248 et
383 1179 647 1269 surperponiturs
663 1177 722 1244 ulia
737 1201 807 1266 quse
823 1201 895 1243 vere
911 1179 995 1244 basis
1011 1177 1117 1268 appel-

67 1291 170 1368 letur,
181 1305 216 1358 et
228 1290 389 1358 eolumnae
403 1288 491 1355 velut
505 1288 749 1354 fundamentum
767 1287 947 1374 subjicitur.
968 1289 1117 1377 lnargen·

70 1415 150 1467 tatae
164 1425 242 1490 ergo
266 1411 338 1466 sunt
357 1397 520 1466 columam
535 1398 668 1473 ideireo,
688 1397 761 1486 quie
779 1397 913 1466 verhum
925 1397 985 1464 Dei
1000 1399 1116 1486 praesli·

78 1525 172 1589 cant,
191 1513 351 1602 accipiunt
368 1535 424 1601 per
445 1511 599 1602 Spiritum
613 1538 626 1571 a
642 1509 766 1598 eloquia
782 1510 924 1586 Domini,
945 1535 1019 1596 quae
1040 1529 1118 1576 suet

83 1652 97 1684 s
111 1621 236 1710 eloquia
248 1635 344 1700 casta,
356 1633 524 1711 argentum
536 1623 608 1711 igne
619 1624 789 1712 probatum
799 1619 844 1685 ’.ι
854 1621 908 1686 leti
921 1633 1027 1687 eutem
1040 1645 1117 1710 prs·-

81 1733 246 1800 dicationis
261 1756 326 1798 suar
347 1735 439 1798 bases
462 1733 581 1799 hahent
601 1732 786 1820 Prophetas.
809 1732 914 1820 Super
932 1732 1119 1800 fundamen-

79 1854 147 1908 tum
169 1841 257 1908 enim
277 1840 504 1930 Apostolorum
527 1855 560 1908 et
578 1841 810 1930 Prophetarum
828 1841 1004 1909 Ecclesiam
1023 1843 1120 1910 collu-

76 1962 315 2038 eant,quorurn
327 1951 514 2017 testimoniis
528 1960 665 2023 utentes.
676 1949 773 2017 iidem
785 1951 904 2018 Christi
912 1953 1117 2020 confirment.

76 2061 184 2151 Caput
199 2073 309 2127 sutem
326 2059 549 2128 columnarum
568 2073 616 2127 est
631 2059 684 2126 ille
699 2059 749 2147 (ut
763 2062 891 2152 opinor)
906 2063 946 2129 de
963 2088 1027 2152 quo
1042 2065 1122 2130 dieit

79 2168 266 2258 Apostolus,
278 2171 351 2258 quio
367 2181 489 2259 «eaput
506 2171 564 2236 viri
587 2170 732 2236 Christus
747 2170 853 2236 esth»
867 2171 962 2238 Serus
976 2197 1050 2240 vero
1067 2198 1122 2240 co-

81 2278 281 2355 lumnarum,
292 2281 449 2348 societatis
462 2279 654 2372 Apostolioae
663 2282 752 2348 dotas
767 2283 825 2349 sibi
843 2282 979 2350 invicem
989 2284 1119 2351 deutrus

80 2389 152 2476 jem
171 2387 315 2454 diximus.
329 2388 479 2455 Tentoria
495 2411 565 2477 quae
580 2388 698 2456 ansulis
717 2403 834 2465 assata,
851 2400 885 2455 ot
901 2390 1030 2457 circulis
1052 2416 1120 2458 sus-

75 2521 191 2586 pensa,
206 2511 302 2584 atque
317 2499 428 2564 innexa
444 2498 584 2575 funibus,
597 2499 782 2569 admodum
800 2499 996 2565 cortinorum
1009 2501 1121 2589 viginti

74 2620 108 2672 et
123 2620 203 2675 aeto
223 2607 258 2672 in
271 2607 415 2697 longum,
435 2620 532 2696 atque
546 2608 578 2673 in
592 2606 693 2674 latum
711 2621 849 2697 quatuor
868 2609 983 2675 cubitis
1004 2609 1123 2675 disten·

74 2719 214 2794 duntur,
234 2718 391 2783 habeatur
405 2715 526 2806 reliqua
547 2720 746 2786 credentium
765 2717 867 2808 plebs,
882 2743 953 2807 quae
972 2719 1071 2786 haeret
1088 2732 1122 2785 et

74 2827 197 2916 pendet
216 2826 252 2891 iu
267 2826 399 2893 sanihus'
411 2827 496 2892 fidei.
512 2827 611 2893 Funis
627 2829 713 2894 enim
732 2824 845 2917 triplex
863 2851 928 2894 uon
947 2830 1120 2917 rumpitur,

76 2961 148 3026 qum
161 2947 215 3001 est
234 2933 398 3003 Trinitatis
413 2937 506 3015 fides,
518 2961 557 3003 ex
573 2961 635 3026 qna
653 2937 811 3027 dependet
826 2949 858 3003 et
873 2960 930 3026 per
945 2961 1041 3026 quem
1057 2963 1123 3004 sus·

78 3047 203 3114 sinetur
223 3045 330 3110 omnis
349 3044 501 3112 Ecclesia.
524 3044 642 3135 Viginti
658 3058 766 3111 autem
783 3057 816 3110 et
835 3059 910 3113 oeto
924 3048 1122 3124 cubitorum,

78 3168 158 3244 quot
171 3155 205 3220 in
218 3154 353 3244 longam
365 3156 568 3232 distenditur,
581 3165 613 3221 et
625 3157 658 3221 in
669 3154 770 3222 latum
781 3169 931 3244 quatuor,
943 3159 1015 3222 atrii
1029 3159 1123 3224 unius

80 3288 250 3339 measure,
265 3278 346 3354 puto
361 3267 449 3353 quod
466 3267 582 3332 inserta
599 3266 665 3334 Lex
679 3264 857 3356 Evangeliis
872 3268 1054 3357 designetur
1056 3315 1122 3334 .....

85 3371 157 3438 lam
178 3395 255 3440 sero
278 3373 383 3447 ooooi,
404 3379 437 3437 et
456 3371 635 3461 hyacinthi,
655 3373 755 3459 hyssi,
779 3396 816 3438 uo
836 3397 985 3461 purpurae
1007 3376 1125 3463 speeie,

93 3479 234 3549 multare
249 3482 376 3549 diversa
388 3501 484 3569 opera
500 3478 709 3568 explicantur.
723 3479 802 3545 lade
821 3481 971 3556 tentoria,
984 3481 1060 3549 inde
1076 3507 1128 3548 ve·
1242 3533 1247 3542 .

90 3586 157 3656 lum
176 3593 312 3658 exterius
330 3602 363 3656 et
384 3590 515 3656 interius
542 3588 615 3655 inde
638 3601 703 3656 tota
728 3588 931 3656 sacerdotalis
949 3603 983 3657 et
1001 3593 1126 3680 pontifi-

87 3699 162 3768 calis
180 3704 289 3781 vestis,
309 3725 390 3770 auro
404 3713 443 3766 et
463 3701 596 3790 gemmis
620 3701 787 3790 expeditur
807 3700 977 3789 adjunctis.
999 3701 1063 3768 Sed
1086 3713 1128 3769 ne

86 3811 202 3878 diutius
217 3838 278 3902 per
296 3811 495 3900 singularum
515 3811 720 3878 demoremur
741 3800 861 3899 speeies
879 3811 1044 3887 virtutum,
1058 3837 1129 3900 pos-

117 3939 226 3992 'Galae
241 3959 343 4007 rr‚9.-
358 3939 444 3991 ²l’sel.
458 3956 494 3998 ar,
509 3955 531 4004 7.
547 3967 577 3976 -
591 3957 600 3987 r
612 3940 670 3989 Cur.
686 3939 753 3998 rut.
