2706 4624
236 256 300 340 ¹74
439 259 441 265 “
599 313 605 326 ,
660 267 817 322 1οιιιιιιιυσ

234 392 303 459 telis
317 390 459 482 pulsatur
473 387 610 462 invidie,
623 408 708 452 nunc
723 384 851 474 spiculis
867 382 1004 450 libidinis
1020 384 1209 458 terebratur,
1227 397 1262 448 et

233 505 266 569 iu
280 504 534 592 quibuscumque
549 497 745 586 concupiscit
767 519 843 562 caro
864 495 1030 561 adversum
1053 495 1213 584 spiritum,
1228 508 1262 560 et

233 613 359 701 spiritus
373 610 522 677 adversus
537 629 678 682 curnem,
696 605 827 672 internis
842 601 956 693 praeliis
971 627 1097 693 semper
1111 604 1255 693 agitatur.

221 720 320 800 ,Quid
331 730 438 785 autem
450 715 554 784 dicam
565 715 605 781 de
614 713 842 803 cogitationum
857 713 983 804 pugnis,
995 737 1072 802 quus
1089 712 1177 779 cordi
1191 735 1262 778 nos-

233 843 283 895 tro
297 829 435 919 suggerit
448 827 608 903 inimicus,
626 838 661 889 ut
677 848 735 891 nos
750 837 874 889 exusta
891 823 954 890 fide
972 824 1087 890 Christi
1102 836 1135 889 et
1151 825 1189 888 ab
1206 848 1263 914 spe

235 937 406 1004 vocationis
428 934 567 1009 nostroe?
587 935 669 1001 Cum
690 935 776 999 euim
798 933 982 1022 afflictiones
994 934 1214 1010 ,tentationum
1228 947 1263 998 et

235 1047 391 1116 molestias
406 1045 512 1114 saecufi
527 1045 724 1111 suscitaverit
742 1044 848 1119 nobis,
863 1056 1094 1132 cousequenter
1111 1045 1178 1131 jam
1192 1067 1262 1132 sug-

234 1159 314 1248 gerit
327 1155 521 1246 cogitationi,
538 1151 733 1243 superfluum
748 1164 781 1217 et
797 1153 939 1243 ineptum
953 1177 1021 1220 esse
1037 1154 1108 1222 hrec
1124 1155 1262 1222 tolerare

215 1323 219 1340 .
235 1292 293 1357 pro
308 1267 447 1344 Christo,
463 1263 563 1332 multo
578 1286 646 1330 esse
662 1260 773 1328 melius
788 1284 933 1328 securum
948 1273 980 1328 et
991 1263 1057 1328 sine
1072 1264 1259 1352 persecutio-

210 1438 214 1452 ,
235 1378 327 1445 uibus
343 1378 440 1443 vitam
454 1375 581 1442 ducere.
600 1375 676 1439 Haec
690 1373 792 1440 sciens
809 1385 841 1438 et
862 1371 1030 1461 Apostolus
1044 1371 1162 1439 Paulus
1181 1374 1258 1439 dice-

236 1490 310 1554 bat:
324 1485 562 1576 «Cogitationes
577 1483 787 1557 destruentes,
801 1494 833 1548 et
849 1506 976 1548 omnem
991 1481 1192 1550 altitudinem
1207 1509 1263 1551 ex·

237 1593 426 1663 »tollentem
452 1618 486 1660 se
512 1595 678 1661 adversum
705 1593 868 1658 scientiam
896 1593 1011 1659 Christi
1026 1593 1049 1657 ¹.
1065 1622 1078 1656 ι
1097 1594 1166 1674 Qui
1186 1617 1265 1685 ergo

236 1705 341 1772 divine
356 1716 511 1794 praecepta
526 1703 707 1778 servaverit,
723 1715 756 1767 et
771 1702 917 1769 mandata
933 1704 1002 1791 ejus
1018 1704 1214 1778 custodierit,
1232 1719 1266 1770 et

237 1815 346 1882 fecerit
371 1838 421 1890 eo,
444 1813 528 1880 hanc
548 1836 687 1902 pugnam
708 1825 739 1878 et
765 1813 833 1879 haec
855 1811 936 1877 bella
967 1837 1031 1879 uon
1053 1815 1182 1903 patitur,
1207 1815 1263 1880 sed

237 1927 323 1992 Deus
342 1924 443 1990 aussrt
458 1947 494 1989 ea
510 1924 550 1988 dc
565 1936 648 1988 terra
666 1923 749 2009 ejus,
768 1934 801 1986 et
823 1945 888 1986 nou
908 1921 980 1986 sinit
999 1945 1035 1987 eu
1055 1924 1186 1988 transire
1203 1945 1260 2011 per

237 2036 374 2104 enimam
389 2034 473 2121 justi.
487 2035 551 2099 «Et
569 2032 798 2121 persequemini
816 2030 959 2096 inimicos
981 2044 1095 2098 vestros
1106 2032 1150 2094 ’.ι
1165 2033 1262 2111 Quos

237 2144 394 2219 inimicos,
414 2143 471 2208 nisi
493 2144 596 2230 ipsum
618 2138 780 2208 diabolum
798 2153 830 2206 et
844 2139 970 2230 angelos
985 2141 1066 2229 ejus,
1082 2153 1113 2205 et
1129 2141 1261 2230 spiritus

239 2253 403 2344 malignos,
420 2264 453 2317 et
469 2252 621 2317 daemouia
637 2247 824 2315 immunde?
838 2248 1067 2336 Persequemur
1081 2272 1117 2315 eu
1130 2273 1196 2314 nun
1216 2273 1265 2316 so-
1297 2265 1303 2276 '

239 2364 306 2432 lum
322 2376 387 2430 uta
405 2363 495 2429 nobis
510 2361 584 2450 ipsis
598 2359 786 2448 effugemus,
803 2358 857 2422 sed
873 2370 905 2422 et
920 2360 960 2424 ab
976 2357 1042 2423 eliis
1063 2381 1142 2445 quos
1162 2359 1269 2426 incur-

239 2486 322 2550 sent,
338 2473 364 2540 si
379 2473 481 2539 divine
496 2482 650 2560 praecepta
667 2491 836 2536 servemus.
850 2493 864 2526 ι
878 2467 1125 2555 Persequemiui,
1142 2469 1259 2556 inquit,

239 2613 253 2647 s
268 2584 412 2651 inimicos
427 2593 559 2656 vestros,
574 2592 608 2645 et
620 2579 736 2646 cadent
751 2580 783 2644 in
798 2591 968 2666 conspectu
986 2591 1089 2644 vestro
1100 2580 1255 2646 morte⁸.»

239 2692 274 2760 Si
296 2704 438 2760 conterat
459 2690 609 2756 Sutsnam
629 2689 688 2753 sub
710 2687 843 2776 pedibus
866 2687 980 2753 nostris
1000 2686 1154 2756 velociter
1171 2692 1263 2765 Deus,

240 2801 354 2869 cudent
368 2800 487 2868 inimici
507 2799 539 2864 iu
564 2807 736 2885 conspectu
755 2805 864 2861 nostro
884 2807 997 2860 morte.
1022 2796 1122 2886 Cujus
1145 2797 1269 2864 murtei

238 2913 306 3001 Ego
322 2911 458 2978 arbitror
473 2907 559 2996 quod
573 2919 680 2974 nostra
694 2929 702 2970 ι
718 2906 742 2972 si
758 2905 842 2971 enim
859 2927 916 2970 uos
931 2905 1159 2972 mortificemus
1170 2931 1271 2974 mem·

240 3023 298 3088 bra
309 3031 414 3088 nostra
431 3043 501 3108 quae
515 3031 589 3085 suut
606 3039 701 3106 super
718 3028 846 3091 terrum,
860 3014 1113 3094 fornicationem,
1129 3018 1271 3084 immun·
1351 3057 1352 3086 r

240 3130 362 3207 ditium,
375 3131 400 3196 si
415 3129 498 3195 hunc
509 3140 647 3194 mortem
661 3126 832 3193 inseramus
847 3127 999 3192 memhris
1014 3129 1142 3205 nostris,
1157 3128 1203 3196 itti
1218 3154 1272 3195 ca-

240 3240 316 3307 dent
331 3240 363 3305 in
385 3250 558 3327 conspectu
579 3250 700 3303 nostro.
722 3235 891 3314 Quomodo
910 3237 1026 3302 cadent
1044 3238 1077 3303 in
1095 3251 1268 3327 conspectu

239 3346 415 3415 nostroPSi
431 3359 465 3413 tu
476 3349 578 3436 justus
594 3347 648 3422 sis,
661 3344 776 3412 cecidit
792 3344 941 3433 injustitia
957 3345 990 3411 in
1002 3360 1177 3436 conspectu
1191 3361 1268 3421 tuo;
1351 3341 1352 3344 '

239 3460 265 3526 si
282 3471 398 3534 castus,
410 3457 526 3524 cecidit
536 3455 653 3530 libidor
668 3456 694 3521 si
705 3455 790 3544 pius,
802 3455 898 3522 etiam
911 3455 976 3544 ipss
994 3457 1138 3547 impietas
1151 3458 1276 3524 corruit

241 3579 314 3633 ante
328 3578 371 3633 te.

294 3675 362 3740 «Et
376 3685 603 3763 persequentur
617 3697 654 3739 ex
674 3673 762 3739 vobis
777 3652 916 3762 quinque
932 3687 1074 3751 centum,
1090 3688 1122 3742 ct
1138 3690 1270 3744 centum
1344 3681 1351 3718 ³

273 3805 380 3857 ¹sCor.
390 3819 415 3862 x,
427 3805 451 3851 5.
465 3802 515 3842 —²
530 3804 611 3853 Lavit.
630 3820 697 3862 nri,
709 3821 732 3868 7.
747 3829 776 3841 -
786 3802 795 3836 ⁸
806 3803 875 3852 lbid.
