2734 4594
263 281 271 323 ι
285 261 322 337 14
711 277 853 320 οιιιιιιιιι

187 455 198 472 t
256 402 374 468 riorum
392 399 626 473 Sennacherib,
647 396 787 488 Angelus
808 399 935 465 Domini
958 399 1109 476 mittitur,
1130 397 1184 489 qui
1207 401 1287 468 cassis

257 510 314 576 suh
332 533 393 574 uno
409 519 552 584 no‘cteet
566 507 730 595 prostratis
745 518 876 574 centum
893 508 1210 598 octogintaquinque
1224 508 1290 574 mil·

259 617 342 683 libus
357 616 513 691 hostium,
525 625 558 679 et
575 615 686 679 urbem
704 614 744 679 de
761 613 948 691 obsidione,
961 625 994 679 et
1007 615 1166 704 populum
1180 617 1221 682 de
1236 617 1290 682 im·

201 711 206 722 ⁵
257 725 390 792 minenti
403 723 550 790 liberaret
562 720 720 790 interitu¹.
737 723 784 788 Ita
797 743 874 812 orgo
885 722 981 790 etiam
996 747 1085 790 nuno
1095 725 1211 791 eadam
1225 748 1292 790 con-

259 832 421 922 sequentia
447 829 600 899 dehemus
613 829 805 906 advertere,
824 842 860 895 ut
881 831 907 896 si
928 831 1055 920 quando
1076 855 1137 920 pro
1158 834 1290 920 peccatis

257 939 373 1005 nostris
389 938 421 1004 in
441 937 653 1027 captivitatem
670 937 843 1014 tradimur,
861 936 1036 1004 clamemus
1051 939 1091 1004 ad
1108 939 1288 1006 Dominum.

259 1045 440 1114 Clamemus
460 1058 566 1112 autem
585 1067 740 1121 nonore,
758 1046 813 1111 sed
831 1057 957 1123 mente,
977 1046 1020 1111 ita
1036 1058 1071 1111 ut
1089 1045 1185 1112 dolor
1200 1047 1291 1114 cordis

258 1155 379 1222 sontem
395 1151 610 1242 lacrymarum
628 1153 787 1244 producat
806 1176 846 1218 ex
866 1150 984 1230 oculis,
1002 1153 1086 1220 sicut
1102 1153 1158 1220 ille
1178 1156 1232 1243 qui
1252 1155 1291 1220 di·

260 1265 353 1331 oebat
371 1286 378 1328 :
395 1292 407 1324 ι
422 1263 550 1330 Lavabo
564 1260 772 1351 persingulas
789 1273 899 1328 noctes
914 1259 1035 1328 lectum
1050 1285 1183 1339 meum,
1201 1263 1293 1351 lacry-

257 1372 338 1438 »mis
360 1371 439 1436 meis
458 1379 592 1435 stratum
616 1391 725 1434 meum
742 1367 852 1458 rigabo
862 1367 884 1434 ².
907 1397 920 1432 ι
936 1369 970 1436 Si
985 1367 1028 1435 ita
1049 1371 1292 1436 convertimura

258 1477 367 1554 malis,
384 1490 420 1543 ut
436 1474 518 1542 ultra
531 1499 597 1541 non
617 1476 838 1565 contingamus
854 1473 956 1554 mala,
974 1477 999 1542 si
1019 1478 1062 1542 ita
1082 1478 1293 1546 desinamusa

259 1587 422 1677 superbia,
435 1597 471 1651 ut
483 1582 564 1650 ultra
577 1582 656 1650 nihil
668 1586 858 1671 superbum,
873 1581 951 1650 nihil
963 1607 1113 1672 arrogans
1125 1587 1294 1674 sapiamus.

258 1696 364 1763 mittet
378 1695 473 1760 etiam
488 1693 645 1759 Dominus
661 1693 810 1758 virtutem
830 1715 919 1758 suam
934 1689 1117 1770 coelestam,
1133 1717 1295 1782 perquam

259 1807 433 1873 liberemur
445 1828 463 1868 a
474 1802 549 1891 jugo
562 1802 718 1867 servitutis
729 1799 889 1867 Zabulioae
904 1825 912 1866 :
926 1824 996 1890 quae
1011 1802 1109 1868 virtus
1126 1804 1235 1870 omnia
1244 1825 1296 1891 pro

262 1911 354 1977 nobis
377 1921 447 1998 agat
469 1907 578 1972 dextra
600 1919 633 1971 et
652 1931 824 1996 prospero,
844 1931 915 1996 quae
935 1908 1029 1974 faciat
1047 1932 1107 1974 nos
1126 1909 1297 1999 relinquere

261 2019 346 2084 viam
363 2015 539 2090 sinistram,
556 2035 625 2101 quae
646 2013 733 2080 ducit
749 2013 781 2080 in
796 2014 1029 2103 perditionem,
1046 2027 1079 2080 et
1098 2031 1234 2084 revocet
1250 2041 1298 2082 nos

264 2125 305 2191 ad
316 2145 422 2190 veram
437 2123 540 2197 dam,
555 2119 646 2187 illum
663 2122 718 2209 qui
733 2121 809 2187 dicit
828 2123 939 2210 :tEgo
953 2144 1026 2188 sum
1041 2123 1110 2198 via,
1123 2137 1159 2190 et
1176 2126 1298 2198 veritas.

267 2243 321 2298 »et
341 2230 443 2306 vita⁸,
466 2256 479 2289 ι
498 2226 607 2294 desum
626 2228 788 2295 Christum
808 2229 981 2296 Dominum
1001 2242 1173 2308 nostrum,
1195 2235 1245 2300 oui
1261 2243 1301 2296 est

266 2339 366 2430 gloria
377 2350 410 2403 et
424 2336 594 2426 imperium
614 2335 647 2402 in
662 2334 776 2404 aaeoula
796 2335 993 2405 saeoulorum.
1013 2336 1130 2406 Amen.

265 2699 365 2724 ΜΜῊ
369 2696 1304 2725 ῊἫΜΛἎΜΜΑΜΜἈΜἊΜΜΜΜΜἫῊΜΜἋΜ

565 2923 759 2992 HOMILIA
788 2923 976 3011 QUARTA
989 2919 1014 2991 ‘.

333 3171 378 3228 De
390 3167 530 3244 Samagar
537 3205 549 3240 ‚
563 3175 593 3224 et
604 3164 690 3224 Jabin
701 3207 709 3239 ‚
722 3177 752 3224 et
766 3165 878 3234 Sisara,
893 3176 924 3223 et
938 3167 1053 3225 caeteris
1066 3165 1232 3243 judicibus
1242 3169 1265 3227 ⁶.

386 3378 557 3445 Videamus
567 3376 578 3410 ⁸
590 3399 676 3442 nuno
688 3373 780 3464 quale
792 3376 830 3441 sit
838 3377 934 3444 etiam
943 3378 1138 3468 principium
1149 3382 1315 3470 semegar..

276 3489 330 3580 qui
345 3489 570 3575 interpretatur
584 3483 627 3551 ibi
643 3485 773 3552 advena.
791 3483 911 3552 Verum
926 3498 974 3552 est
988 3487 1095 3566 enim,
1107 3489 1192 3584 ‚quia
1207 3507 1316 3556 omnes

313 3615 323 3648 ¹
336 3623 352 3680 4
370 3621 431 3681 Reg.
444 3633 498 3665 xxx.
509 3641 539 3650 -
552 3609 633 3662 ’sut
643 3631 684 3677 rr,
697 3631 722 3683 7.
732 3641 762 3652 —·
776 3609 871 3664 ΙΙοιιι.
884 3631 941 3679 ιιι,
952 3617 976 3666 6.

313 3707 404 3757 *Tum
414 3721 450 3767 ιι,
459 3719 514 3770 pag.
526 3704 657 3764 too-tos.

312 3801 322 3833 ὓ
334 3793 419 3844 Judio.
429 3807 462 3839 ιιι
472 3801 497 3838 et
507 3805 541 3836 rr.

313 3892 323 3924 ⁸
335 3886 366 3933 N.
378 3899 407 3932 ιι.
417 3879 476 3946 Ρις.
487 3877 548 3946 467,
560 3878 608 3926 col.
624 3895 646 3934 ι,
658 3879 685 3928 n.
