2748 4596
396 209 427 252 tlt
453 208 568 252 mutum
587 207 659 254 mu
683 209 766 252 MVE
790 210 863 254 nott.
892 214 913 254 Ι.
1041 257 1047 266 ‚
1156 215 1175 276 7

138 339 282 428 gentibus
296 333 463 424 effugatis,
482 334 612 402 taudem
635 347 720 401 terre
739 348 846 402 nostra
863 349 965 402 cesset
981 360 999 401 a
1015 336 1125 404 bellis?
1139 336 1179 404 m

139 449 208 513 ideo
218 444 378 534 Propheta
395 455 599 519 commouet,
614 455 648 508 ut
660 444 693 509 in
704 442 912 532 lege'lbomini
924 446 1116 512 meditemur
1127 447 1178 512 die

138 579 175 622 ac
201 566 296 620 nocte
313 553 337 618 ¹.
357 553 438 632 Quae
460 552 570 641 utique
593 552 775 620 divinorum
798 555 967 618 verborum
994 555 1177 630 meditatio,

141 660 224 728 velut
233 661 311 726 tuba
322 658 469 747 quaedum
482 669 532 724 est
546 658 669 724 animos
685 671 760 724 tuos
777 659 817 724 sd
831 657 975 747 pn‘elium
994 661 1177 736 concitans,

143 793 181 836 ue
196 769 278 834 sorte
297 767 475 833 adversario
499 764 646 854 vigilante
662 779 697 832 tu
712 767 861 831 dormias.
888 767 964 834 ldeo
980 791 1042 834 uec
1055 765 1123 832 dies
1140 769 1179 836 sd

143 877 358 944 meditandum
371 875 505 951 sufficit,
523 874 581 940 ssd
595 887 629 939 et
643 898 706 940 nox
721 875 915 964 adjungitur.
934 873 997 942 Vos
1012 876 1179 964 veroquid

143 986 278 1061 iacietis,
295 985 349 1073 qui
365 1009 431 1050 non
445 983 549 1052 solum
563 997 659 1050 nocte
675 984 838 1062 dormitis,
854 987 911 1051 sed
921 998 956 1051 et
973 998 1040 1052 tota
1054 987 1109 1053 die
1124 999 1180 1051 sut

142 1094 404 1183 occupationibus
418 1091 541 1168 saeouli,
560 1104 615 1158 aut
628 1093 732 1159 carnis
747 1092 866 1159 deliciis
889 1091 1067 1171 deservitis,
1081 1106 1114 1160 et
1129 1094 1181 1158 vix

143 1227 212 1270 raro
236 1202 277 1268 ad
297 1200 465 1266 ecclesiam
488 1201 600 1266 diebus
630 1200 825 1267 solemnibus
848 1202 1053 1268 convenitis?
1074 1201 1179 1290 Aliqui

145 1323 250 1377 autem
265 1331 305 1374 en
316 1308 405 1374 vobis
415 1308 512 1373 etiam
524 1308 685 1373 venientes
697 1331 761 1373 non
771 1309 918 1385 veniunt,
930 1310 1004 1398 quia
1019 1310 1180 1375 venientes

150 1443 214 1486 non
229 1420 326 1484 serbo
342 1419 419 1492 Dei,
436 1418 492 1483 sed
511 1416 624 1483 fabulis
644 1429 768 1483 vacant.
790 1418 923 1506 Propter
941 1420 1026 1508 quod
1048 1419 1124 1486 dicit
1141 1421 1181 1486 od

147 1549 202 1592 vos
214 1549 317 1590 sermo
329 1527 471 1591 divinusz
490 1527 639 1614 «Exurge
657 1525 711 1612 qui
726 1525 863 1601 tlermie,
879 1539 914 1591 et
926 1550 1043 1616 exurge
1058 1553 1076 1594 a
1094 1551 1181 1593 mor-

149 1637 230 1700 »tuis
242 1646 274 1699 et
288 1635 449 1722 continges
466 1632 628 1697 Christum
641 1631 663 1696 ².
685 1633 836 1720 »Exurge
852 1633 937 1698 enim
952 1659 970 1700 a
984 1635 1118 1699 mortuis
1131 1635 1181 1699 di-

146 1745 228 1810 citur
239 1744 275 1807 iis
290 1744 389 1830 quiin
400 1741 550 1829 operibus
562 1750 750 1828 permanent
760 1739 913 1815 mortuis,
924 1740 957 1806 iu
972 1741 1181 1808 immunditiis

143 1853 250 1918 suiset
262 1849 433 1916 sceleribus
441 1848 648 1936 perdurantes
660 1870 669 1912 z
680 1869 751 1936 quse
762 1845 836 1912 licet
850 1846 1034 1914 homiuibus
1042 1873 1107 1914 nou
1119 1850 1181 1915 sint

143 1959 327 2034 manifesta,
348 1959 416 2022 Deo
431 1968 538 2023 tamen
554 1967 627 2020 sunt
642 1956 779 2044 cognita.
799 1956 863 2022 Sed
878 1954 926 2022 vel
943 1939 981 2022 eir
998 1957 1062 2024 boc
1076 1959 1179 2047 pent·

143 2069 286 2137 tudinem
302 2067 402 2158 agite,
421 2078 452 2132 et
464 2065 684 2136 convertimini
698 2065 857 2132 edDeum
873 2088 912 2132 ex
927 2078 995 2132 toto
1007 2067 1105 2134 eorde
1115 2090 1181 2132 ves-

137 2191 214 2253 tro,
237 2187 343 2242 vacate
364 2174 579 2250 orationibus,
602 2184 712 2242 veeste
735 2174 832 2242 verbo
849 2173 920 2242 Dei.
943 2174 1029 2258 Quid
1052 2175 1181 2264 prodest

145 2286 171 2352 si
185 2286 362 2374 jejunamus
373 2306 431 2374 pro
443 2282 602 2372 peccatis,
614 2282 775 2350 etiterum
786 2293 917 2374 peecata
931 2283 1182 2352 committimus?

146 2393 232 2476 Quid
247 2393 374 2481 prodest
391 2391 521 2466 lesisse,
533 2402 566 2455 et
578 2391 610 2454 in
624 2412 716 2457 coeno
732 2389 838 2457 denuo
854 2387 1012 2458 volutari?
1027 2390 1183 2480 lejunusti

140 2501 303 2590 eliquanto
319 2499 484 2590 tempore?
495 2497 570 2566 Tale
582 2511 630 2564 est
641 2497 734 2587 quale
747 2499 771 2564 si
784 2498 911 2566 iuterim
923 2522 962 2564 ex
973 2499 1110 2589 AEgypto
1123 2500 1182 2568 dis»

141 2611 284 2681 cesseris.
294 2608 454 2700 ¹Transisti
469 2631 557 2676 mare
571 2609 728 2683 rubrum,
745 2619 871 2672 secutus
887 2630 921 2676 es
936 2607 1066 2696 Moysen
1076 2659 1089 2684 ,,
1099 2634 1183 2699 prse-

141 2732 234 2809 cepta
247 2715 368 2785 scilicet
379 2730 411 2782 et
426 2716 575 2782 mandata
592 2715 682 2804 Legis
694 2715 864 2783 observans
879 2737 887 2779 :
902 2715 956 2780 sed
967 2716 1033 2804 jam
1046 2728 1077 2782 te
1091 2743 1107 2782 a
1120 2717 1184 2784 Mo-

141 2853 197 2896 sco
212 2827 350 2916 suscepit
372 2826 483 2899 Jesus,
506 2824 559 2912 qui
581 2835 611 2889 te
631 2823 726 2892 etium
745 2823 953 2888 circumcidat
975 2825 1183 2919 secundo‚ia

140 2937 214 3004 loco
229 2936 283 3024 qui
300 2934 416 3002 dicitur
430 2931 519 3000 cellis
531 2933 769 3022 praeputiorum.
788 2931 1076 3000 Circumcidendus
1088 2933 1184 3023 igitur

140 3046 200 3116 tibi
220 3056 348 3110 estnon
370 3040 473 3106 solum
496 3038 656 3108 idolerum
676 3039 797 3115 cultus,
814 3062 910 3127 quem
929 3041 962 3106 in
978 3041 1074 3108 initiis
1092 3044 1184 3130 abje-
1249 3049 1250 3054 ’

141 3154 235 3230 cisti,
247 3151 304 3216 scd
319 3152 423 3217 denuo
438 3148 497 3214 tibi
512 3148 610 3214 etiam
621 3148 750 3214 avaritia
766 3147 1024 3217 circumcidenda
1036 3162 1099 3228 est,
1113 3173 1183 3238 qum

141 3271 192 3326 est
213 3256 372 3325 idolorum
391 3252 536 3320 subtilior
554 3251 668 3320 cultus.
692 3252 835 3340 Denique
855 3251 947 3318 Jesus
963 3255 1102 3322 secunda
1119 3256 1185 3321 cir-

143 3365 340 3434 cumcisione
350 3361 503 3452 populum
512 3360 744 3432 circumcidens
760 3361 805 3428 sie
819 3360 897 3426 dixit
911 3383 918 3426 :
931 3389 943 3420 a
954 3362 1057 3430 Hodie
1067 3362 1182 3431 abstuli

140 3499 185 3542 »a
202 3474 287 3540 vobis
309 3472 516 3562 opprobrium
537 3469 697 3558 AEgypti⁸.
715 3499 727 3530 ι
745 3468 855 3562 Donec
866 3492 1055 3559 peccamus,
1081 3472 1183 3540 donec

141 3594 276 3672 regnant
292 3581 427 3645 innubis
442 3579 722 3666 vitiapassioaum‚
739 3577 861 3643 etiamsi
875 3577 991 3644 relictis
1006 3579 1182 3645 simulacris

137 3690 329 3757 abscessisse
339 3688 499 3752 videamur
507 3709 545 3750 cx
557 3685 694 3774 AEgypto
705 3736 712 3759 ,
722 3687 929 3774 opprobrium
938 3697 1042 3752 taurea
1053 3687 1181 3777 lllgypti

179 3833 288 3882 'Psolnn
302 3847 318 3878 r.
331 3857 362 3867 -
374 3825 385 3859 ²
398 3829 483 3894 llplres.
496 3847 525 3890 v,
540 3838 577 3884 12¹0.
595 3857 613 3864 -ι
633 3825 706 3877 ³Jos.
719 3847 746 3889 v,
760 3847 783 3894 9.
