2692 4610
230 313 292 376 ²¹6
657 339 800 388 auronius

226 445 309 512 Vero
330 450 415 516 enim
440 451 471 514 in
493 455 644 540 sauguine
660 478 728 519 uvae
744 453 819 520 iavit
832 454 946 520 stoiam
961 475 1060 518 suam.
1078 450 1163 530 Quid
1179 471 1267 535 ergo

226 556 297 620 cati
313 558 468 646 Expectat
483 559 633 628 laetitiam.
659 563 797 641 Quando
814 561 984 650 expectat?
1004 560 1085 623 Cum
1103 579 1267 622 consum·
1326 613 1328 618 ,

225 667 488 754 meserodnquit,
500 691 580 757 opus
592 693 709 736 meum.
725 672 861 750 Quando
872 680 1072 735 consummat
1082 666 1144 731 boo
1154 661 1269 750 opus?

229 771 366 850 Quando
383 797 448 852 mo,
460 778 515 865 qai
533 801 604 858 sum
620 777 749 844 ultimus
763 791 795 844 et
810 779 944 865 nequior
958 775 1100 840 omnium
1111 782 1267 859 poccato-

228 903 313 954 rum,
326 896 582 950 consummatum
599 886 710 951 iecerit
721 900 754 950 ot
765 887 954 974 perfactam,
969 895 1046 948 tunc
1056 889 1268 946 consummat

226 1011 304 1076 opus
327 1015 431 1058 suum.
457 994 550 1060 Nunc
563 995 649 1060 enim
665 993 770 1060 adbuc
785 993 1006 1082 imperfectum
1020 1001 1067 1054 est
1082 1010 1161 1074 opas
1171 987 1265 1072 ejus,

227 1097 330 1163 donec
342 1123 400 1187 ego
415 1123 529 1166 maneo
540 1103 758 1190 imperfectus.

270 1254 378 1274 ........
384 1210 394 1242 ¹
404 1210 496 1276 Nunc
512 1223 619 1278 autem
635 1211 790 1299 spirituali
807 1196 1018 1300 multigenis*
1027 1207 1067 1272 de
1080 1204 1218 1271 mundis
1232 1217 1265 1269 ct

225 1317 397 1385 immundis
412 1319 601 1386 animalibus
616 1319 720 1407 aiique
735 1321 992 1408 perstringamus.

277 1454 289 1487 ι
305 1427 422 1504 Omne,
433 1432 558 1516 inquit,
574 1453 671 1519 pscas
682 1429 768 1518 quod
782 1427 931 1518 unguium
943 1427 1065 1502 diuidit,
1077 1440 1109 1492 et
1124 1423 1262 1512 ungulus

227 1535 364 1611 »habea
380 1549 413 1603 et
430 1539 555 1604 reducit
572 1538 817 1604 ruminationem
835 1538 868 1602 in
889 1536 1068 1624 pecoribus,
1086 1535 1156 1599 baec
1168 1555 1263 1597 mua·

227 1670 239 1701 r
256 1641 424 1708 ducnbitis.
446 1642 600 1708 Praetorea
620 1645 659 1708 ab
675 1643 724 1708 bis
743 1665 808 1708 non
829 1641 1060 1708 manducabitis
1075 1663 1145 1727 qaae
1159 1639 1260 1704 reda-

229 1761 336 1816 ·cunt
353 1750 611 1824 ruminationem.
630 1764 663 1815 ct
679 1775 744 1817 non
765 1751 911 1817 dividunt
927 1748 1071 1836 ungulas,
1089 1759 1121 1811 et
1136 1747 1263 1812 babent

142 1850 146 1856 ’
227 1888 240 1919 ι
256 1856 398 1946 ungulas.
414 1857 574 1934 Gamclus,
587 1859 737 1946 quoniam
749 1860 873 1925 reducit
883 1843 1143 1932 ruminationem,
1159 1869 1194 1920 et
1206 1879 1264 1920 un·

226 1965 361 2053 »gaiam
382 1990 445 2034 noa
461 1968 584 2043 dividit,
606 1969 807 2034 immundum
827 1969 886 2034 crit
903 1969 966 2034 boc
981 1967 1079 2032 vobis.
1098 1967 1139 2031 Et
1152 1965 1261 2052 lepus,

228 2105 240 2136 s
255 2075 404 2160 quoniam
425 2077 549 2141 reducit
564 2078 821 2151 ruminationem.
835 2087 868 2144 et
882 2074 1031 2165 ungulam
1050 2097 1112 2140 noa
1131 2074 1258 2146 dividit,

231 2211 243 2244 r
259 2183 459 2249 immundum
474 2183 538 2251 hoc
551 2185 612 2249 erit
626 2185 736 2250 vobis:
750 2197 782 2250 ot
796 2185 966 2260 erinacius,
978 2185 1052 2271 quia
1067 2182 1189 2248 reducit
1202 2205 1261 2246 ru-

232 2321 244 2352 »
259 2291 477 2368 minationem,
489 2304 522 2360 et
533 2291 683 2383 unguium
697 2317 764 2359 non
775 2294 897 2370 dividit,
910 2294 1109 2359 immundum
1124 2293 1186 2357 boc
1205 2315 1266 2356 vo·

228 2385 322 2474 »bist
337 2414 369 2467 et
379 2425 464 2478 sues,
476 2414 537 2470 etc.
549 2403 560 2436 ²
572 2432 585 2465 r
602 2402 752 2470 Decernit
763 2427 840 2492 ergo
852 2426 893 2468 ne
908 2401 1268 2487 manducentarbujus-

229 2510 315 2576 naudi
336 2510 481 2596 animalia
506 2535 576 2598 quae
599 2535 639 2576 ex
661 2523 750 2598 parte
771 2512 919 2578 videntur
937 2535 1006 2576 esse
1021 2509 1145 2582 manda,
1162 2521 1199 2571 et
1217 2533 1268 2575 ex

229 2629 318 2704 parto
333 2618 495 2682 immunda
515 2641 523 2681 :
544 2619 626 2682 sicut
643 2616 782 2682 camelus
797 2641 836 2683 cx
850 2641 889 2683 eo
903 2618 990 2705 quod
1006 2617 1142 2682 ruminat
1159 2639 1269 2682 mun-

229 2725 287 2789 das
303 2723 440 2798 videtur,
456 2747 496 2788 ex
508 2745 547 2787 eo
565 2735 673 2788 autem
688 2725 774 2810 quod
791 2723 922 2812 ungulas
937 2724 1051 2790 divisas
1064 2747 1127 2790 non
1146 2724 1266 2798 habea,

230 2833 413 2898 immundus
431 2833 559 2898 dicitur.
577 2831 652 2896 Post
670 2831 739 2898 baec
760 2834 825 2919 jam
849 2834 991 2898 nominat
1012 2845 1045 2898 et
1065 2833 1211 2920 leporem
1234 2847 1273 2902 ct

229 2941 416 3015 erinacium,
433 2943 489 3006 sed
499 2953 532 3006 et
546 2941 630 3028 ipsos
645 2941 723 3007 dicit
734 2944 893 3008 ruminare
905 2943 1047 3029 quidem.
1059 2944 1116 3008 sed
1127 2945 1274 3032 ungulas

229 3069 294 3112 non
314 3046 465 3112 dividere.
484 3045 591 3114 Aliam
606 3071 681 3112 vero
701 3049 845 3114 ordinem
860 3050 936 3115 iacit
951 3073 1063 3116 coram
1078 3053 1165 3140 quie
1182 3079 1275 3122 con-

230 3155 327 3219 trario
347 3153 497 3242 ungulum
517 3155 646 3243 quidam
662 3156 818 3232 dividunt,
834 3158 890 3223 sod
910 3180 974 3223 nan
997 3161 1169 3226 ruminant.
1198 3163 1277 3229 Pri-

231 3284 320 3327 mum
340 3285 416 3350 orgo
433 3262 594 3328 videamus
608 3263 662 3349 qui
683 3277 757 3328 sunt
776 3265 839 3339 isti,
857 3265 910 3352 qui
926 3267 1087 3332 ruminant
1108 3281 1142 3332 et
1158 3293 1277 3360 ungu-

230 3368 294 3434 ium
306 3368 462 3443 dividant,
474 3392 553 3456 quos
565 3368 700 3434 mundos
713 3369 857 3459 appellat.
871 3372 938 3459 ugo
950 3372 1086 3438 arbitror
1097 3372 1191 3440 iilum
1205 3380 1281 3446 dici

232 3479 392 3544 ruminare
408 3479 463 3564 qui
481 3501 611 3568 operam
632 3478 686 3542 dut
700 3478 850 3555 scientiae,
865 3492 899 3544 et
919 3481 951 3545 in
971 3479 1039 3570 lege
1055 3481 1187 3550 Domini
1206 3511 1285 3554 me-

231 3585 349 3652 ditatur
359 3586 409 3651 die
425 3610 463 3652 oc
478 3598 582 3652 nocte.
602 3585 666 3650 Sed
681 3586 755 3652 nudi
771 3587 931 3674 quomodo
945 3589 1067 3653 dictum
1081 3601 1132 3656 cst
1148 3617 1156 3656 ε
1171 3621 1188 3657 a
1205 3595 1282 3674 Qui

232 3723 245 3756 ι
260 3692 382 3768 dividit,
395 3695 519 3780 inquit,
534 3691 696 3781 ungulum,
709 3707 742 3760 ot
753 3707 880 3764 revocat
890 3695 1168 3768 ruminationem⁸.
1182 3731 1199 3764 ι
1213 3701 1283 3769 Re·

266 3855 317 3904 ¹N.
331 3855 390 3912 5,o.
402 3869 427 3916 p.
440 3851 496 3900 aab.
551 3869 555 3877 ·

263 3928 275 3961 ²
286 3928 367 3977 bonit.
381 3943 416 3984 ru,
428 3925 442 3972 b
454 3932 480 3972 ct
489 3939 562 3988 seqq.
576 3923 626 3962 -³
644 3923 713 3974 ibid.
