<?xml version="1.0" encoding="UTF-8"?>
<!DOCTYPE html PUBLIC "-//W3C//DTD XHTML 1.0 Transitional//EN"
    "http://www.w3.org/TR/xhtml1/DTD/xhtml1-transitional.dtd">
<html xmlns="http://www.w3.org/1999/xhtml" xml:lang="en" lang="en">
 <head>
  <title>
</title>
<meta http-equiv="Content-Type" content="text/html;charset=utf-8" />
  <meta name='ocr-system' content='tesseract 3.04.00' />
  <meta name='ocr-capabilities' content='ocr_page ocr_carea ocr_par ocr_line ocrx_word'/>
</head>
<body>
  <div class='ocr_page' id='page_1' title='image "./collectioselect01guilgoog_0979.png"; bbox 0 0 2660 4610; ppageno 0'>
   <div class='ocr_carea' id='block_1_1' title="bbox 317 269 1127 351">
    <p class='ocr_par' dir='ltr' id='par_1_1' title="bbox 317 269 1127 351">
     <span class='ocr_line' id='line_1_1' title="bbox 317 269 1127 351; baseline -0.001 -21"><span class='ocrx_word' id='word_1_1' title='bbox 317 291 348 332; x_wconf 84' lang='lat' dir='ltr'>m</span> <span class='ocrx_word' id='word_1_2' title='bbox 373 289 534 332; x_wconf 80' lang='lat' dir='ltr'>csnrrcuu</span> <span class='ocrx_word' id='word_1_3' title='bbox 559 289 762 332; x_wconf 80' lang='lat' dir='ltr'>esurrcoauu</span> <span class='ocrx_word' id='word_1_4' title='bbox 785 290 845 331; x_wconf 78' lang='lat' dir='ltr'>nra.</span> <span class='ocrx_word' id='word_1_5' title='bbox 877 291 896 330; x_wconf 86' lang='lat' dir='ltr'>r.</span> <span class='ocrx_word' id='word_1_6' title='bbox 1061 269 1127 351; x_wconf 71' lang='lat'>409</span> 
     </span>
    </p>
   </div>
   <div class='ocr_carea' id='block_1_2' title="bbox 1 412 1183 3830">
    <p class='ocr_par' dir='ltr' id='par_1_2' title="bbox 1 412 1183 3830">
     <span class='ocr_line' id='line_1_2' title="bbox 86 412 1129 500; baseline -0.004 -22"><span class='ocrx_word' id='word_1_7' title='bbox 86 424 161 478; x_wconf 89' lang='lat' dir='ltr'>rent</span> <span class='ocrx_word' id='word_1_8' title='bbox 176 412 328 478; x_wconf 75' lang='lat' dir='ltr'>uberibus</span> <span class='ocrx_word' id='word_1_9' title='bbox 339 413 429 499; x_wconf 85' lang='lat' dir='ltr'>ejus,</span> <span class='ocrx_word' id='word_1_10' title='bbox 452 413 524 499; x_wconf 70' lang='lat' dir='ltr'>(pria</span> <span class='ocrx_word' id='word_1_11' title='bbox 541 413 625 478; x_wconf 86' lang='lat' dir='ltr'>bona</span> <span class='ocrx_word' id='word_1_12' title='bbox 641 424 732 488; x_wconf 89' lang='lat' dir='ltr'>sunt,</span> <span class='ocrx_word' id='word_1_13' title='bbox 749 413 892 478; x_wconf 84' lang='lat' dir='ltr'>ridentes</span> <span class='ocrx_word' id='word_1_14' title='bbox 908 425 1015 478; x_wconf 84' lang='lat' dir='ltr'>tamen</span> <span class='ocrx_word' id='word_1_15' title='bbox 1031 433 1129 500; x_wconf 90' lang='lat' dir='ltr'>spon-</span> 
     </span>
     <span class='ocr_line' id='line_1_3' title="bbox 87 519 1183 609; baseline -0.003 -24"><span class='ocrx_word' id='word_1_16' title='bbox 87 544 158 586; x_wconf 82' lang='lat' dir='ltr'>ssm</span> <span class='ocrx_word' id='word_1_17' title='bbox 185 519 334 586; x_wconf 77' lang='lat' dir='ltr'>delectari</span> <span class='ocrx_word' id='word_1_18' title='bbox 360 531 392 585; x_wconf 91' lang='lat' dir='ltr'>et</span> <span class='ocrx_word' id='word_1_19' title='bbox 418 519 505 586; x_wconf 85' lang='lat' dir='ltr'>refici</span> <span class='ocrx_word' id='word_1_20' title='bbox 528 543 567 585; x_wconf 81' lang='lat' dir='ltr'>ex</span> <span class='ocrx_word' id='word_1_21' title='bbox 592 521 742 586; x_wconf 76' lang='lat' dir='ltr'>uberibus</span> <span class='ocrx_word' id='word_1_22' title='bbox 771 522 901 609; x_wconf 87' lang='lat' dir='ltr'>sponsi,</span> <span class='ocrx_word' id='word_1_23' title='bbox 925 543 964 585; x_wconf 85' lang='lat' dir='ltr'>ex</span> <span class='ocrx_word' id='word_1_24' title='bbox 990 519 1130 584; x_wconf 84' lang='lat' dir='ltr'>fontibus</span> <span class='ocrx_word' id='word_1_25' title='bbox 1180 565 1183 572; x_wconf 78' lang='lat'>·</span> 
     </span>
     <span class='ocr_line' id='line_1_4' title="bbox 90 627 1130 716; baseline -0.002 -24"><span class='ocrx_word' id='word_1_26' title='bbox 90 627 216 694; x_wconf 86' lang='lat' dir='ltr'>scilicet</span> <span class='ocrx_word' id='word_1_27' title='bbox 231 628 387 716; x_wconf 76' lang='lat' dir='ltr'>sapientiae</span> <span class='ocrx_word' id='word_1_28' title='bbox 399 640 431 694; x_wconf 88' lang='lat' dir='ltr'>et</span> <span class='ocrx_word' id='word_1_29' title='bbox 452 629 590 694; x_wconf 82' lang='lat' dir='ltr'>scientiae</span> <span class='ocrx_word' id='word_1_30' title='bbox 606 651 676 716; x_wconf 82' lang='lat' dir='ltr'>quae</span> <span class='ocrx_word' id='word_1_31' title='bbox 691 627 731 692; x_wconf 92' lang='lat' dir='ltr'>de</span> <span class='ocrx_word' id='word_1_32' title='bbox 750 629 901 693; x_wconf 80' lang='lat' dir='ltr'>uberibus</span> <span class='ocrx_word' id='word_1_33' title='bbox 923 629 992 716; x_wconf 87' lang='lat' dir='ltr'>ejus</span> <span class='ocrx_word' id='word_1_34' title='bbox 1007 627 1130 701; x_wconf 85' lang='lat' dir='ltr'>fluunt,</span> 
     </span>
     <span class='ocr_line' id='line_1_5' title="bbox 92 735 1133 825; baseline -0.001 -24"><span class='ocrx_word' id='word_1_35' title='bbox 92 749 129 801; x_wconf 93' lang='lat' dir='ltr'>et</span> <span class='ocrx_word' id='word_1_36' title='bbox 144 735 256 825; x_wconf 79' lang='lat' dir='ltr'>pocula</span> <span class='ocrx_word' id='word_1_37' title='bbox 278 735 413 804; x_wconf 85' lang='lat' dir='ltr'>coelestis</span> <span class='ocrx_word' id='word_1_38' title='bbox 432 736 584 802; x_wconf 83' lang='lat' dir='ltr'>doctrinas</span> <span class='ocrx_word' id='word_1_39' title='bbox 603 748 762 801; x_wconf 84' lang='lat' dir='ltr'>sumentes</span> <span class='ocrx_word' id='word_1_40' title='bbox 778 749 929 823; x_wconf 86' lang='lat' dir='ltr'>tanquam</span> <span class='ocrx_word' id='word_1_41' title='bbox 945 736 1133 801; x_wconf 77' lang='lat' dir='ltr'>imitatrices</span> 
     </span>
     <span class='ocr_line' id='line_1_6' title="bbox 94 840 1134 929; baseline -0.004 -23"><span class='ocrx_word' id='word_1_42' title='bbox 94 841 297 929; x_wconf 80' lang='lat' dir='ltr'>perfectiouis</span> <span class='ocrx_word' id='word_1_43' title='bbox 320 842 389 927; x_wconf 89' lang='lat' dir='ltr'>ejus</span> <span class='ocrx_word' id='word_1_44' title='bbox 404 852 437 904; x_wconf 92' lang='lat' dir='ltr'>et</span> <span class='ocrx_word' id='word_1_45' title='bbox 457 841 671 908; x_wconf 77' lang='lat' dir='ltr'>desiderantes</span> <span class='ocrx_word' id='word_1_46' title='bbox 692 840 811 906; x_wconf 88' lang='lat' dir='ltr'>eisdem</span> <span class='ocrx_word' id='word_1_47' title='bbox 832 841 965 928; x_wconf 84' lang='lat' dir='ltr'>vestigiis</span> <span class='ocrx_word' id='word_1_48' title='bbox 987 840 1134 905; x_wconf 83' lang='lat' dir='ltr'>incedere</span> 
     </span>
     <span class='ocr_line' id='line_1_7' title="bbox 92 946 1134 1037; baseline 0.001 -25"><span class='ocrx_word' id='word_1_49' title='bbox 92 949 290 1036; x_wconf 87' lang='lat' dir='ltr'>premittunt</span> <span class='ocrx_word' id='word_1_50' title='bbox 305 997 314 1024; x_wconf 92' lang='lat'>,</span> <span class='ocrx_word' id='word_1_51' title='bbox 331 960 363 1012; x_wconf 93' lang='lat' dir='ltr'>et</span> <span class='ocrx_word' id='word_1_52' title='bbox 386 948 497 1014; x_wconf 77' lang='lat' dir='ltr'>dicum</span> <span class='ocrx_word' id='word_1_53' title='bbox 515 972 522 1012; x_wconf 74' lang='grc' dir='ltr'><strong>ε</strong></span> <span class='ocrx_word' id='word_1_54' title='bbox 542 974 554 1007; x_wconf 76' lang='lat' dir='ltr'>t</span> <span class='ocrx_word' id='word_1_55' title='bbox 577 946 751 1036; x_wconf 83' lang='lat' dir='ltr'>Diligemus</span> <span class='ocrx_word' id='word_1_56' title='bbox 774 949 871 1014; x_wconf 83' lang='lat' dir='ltr'>ubere</span> <span class='ocrx_word' id='word_1_57' title='bbox 890 960 944 1014; x_wconf 83' lang='lat' dir='ltr'>tua</span> <span class='ocrx_word' id='word_1_58' title='bbox 968 971 1063 1037; x_wconf 88' lang='lat' dir='ltr'>super</span> <span class='ocrx_word' id='word_1_59' title='bbox 1088 947 1134 1013; x_wconf 91' lang='lat' dir='ltr'>vi-</span> 
     </span>
     <span class='ocr_line' id='line_1_8' title="bbox 89 1053 1137 1142; baseline 0.005 -28"><span class='ocrx_word' id='word_1_60' title='bbox 89 1077 193 1118; x_wconf 78' lang='lat' dir='ltr'>unum</span> <span class='ocrx_word' id='word_1_61' title='bbox 205 1101 215 1126; x_wconf 94' lang='lat'>,</span> <span class='ocrx_word' id='word_1_62' title='bbox 228 1080 243 1112; x_wconf 75' lang='grc' dir='ltr'><strong>ι</strong></span> <span class='ocrx_word' id='word_1_63' title='bbox 256 1053 291 1118; x_wconf 90' lang='lat' dir='ltr'>id</span> <span class='ocrx_word' id='word_1_64' title='bbox 309 1065 373 1128; x_wconf 86' lang='lat' dir='ltr'>est,</span> <span class='ocrx_word' id='word_1_65' title='bbox 390 1076 448 1118; x_wconf 88' lang='lat' dir='ltr'>nos</span> <span class='ocrx_word' id='word_1_66' title='bbox 464 1054 592 1142; x_wconf 87' lang='lat' dir='ltr'>quidem</span> <span class='ocrx_word' id='word_1_67' title='bbox 607 1054 751 1120; x_wconf 89' lang='lat' dir='ltr'>nondum</span> <span class='ocrx_word' id='word_1_68' title='bbox 768 1055 801 1118; x_wconf 90' lang='lat' dir='ltr'>in</span> <span class='ocrx_word' id='word_1_69' title='bbox 817 1055 849 1118; x_wconf 93' lang='lat' dir='ltr'>id</span> <span class='ocrx_word' id='word_1_70' title='bbox 867 1054 1070 1142; x_wconf 77' lang='lat' dir='ltr'>perfectionis</span> <span class='ocrx_word' id='word_1_71' title='bbox 1090 1077 1137 1121; x_wconf 87' lang='lat' dir='ltr'>as·</span> 
     </span>
     <span class='ocr_line' id='line_1_9' title="bbox 90 1160 1134 1250; baseline -0.001 -24"><span class='ocrx_word' id='word_1_72' title='bbox 90 1160 281 1235; x_wconf 67' lang='lat' dir='ltr'>medinam,</span> <span class='ocrx_word' id='word_1_73' title='bbox 303 1172 338 1224; x_wconf 92' lang='lat' dir='ltr'>ut</span> <span class='ocrx_word' id='word_1_74' title='bbox 359 1161 425 1248; x_wconf 89' lang='lat' dir='ltr'>jam</span> <span class='ocrx_word' id='word_1_75' title='bbox 444 1160 609 1250; x_wconf 82' lang='lat' dir='ltr'>diligemus</span> <span class='ocrx_word' id='word_1_76' title='bbox 630 1162 726 1226; x_wconf 91' lang='lat' dir='ltr'>ubera</span> <span class='ocrx_word' id='word_1_77' title='bbox 746 1173 802 1226; x_wconf 85' lang='lat' dir='ltr'>tue</span> <span class='ocrx_word' id='word_1_78' title='bbox 822 1160 989 1250; x_wconf 89' lang='lat' dir='ltr'>plusquam</span> <span class='ocrx_word' id='word_1_79' title='bbox 1005 1162 1134 1235; x_wconf 79' lang='lat' dir='ltr'>vinum,</span> 
     </span>
     <span class='ocr_line' id='line_1_10' title="bbox 90 1263 1135 1355; baseline 0.001 -26"><span class='ocrx_word' id='word_1_80' title='bbox 90 1263 142 1329; x_wconf 79' lang='lat' dir='ltr'>tel</span> <span class='ocrx_word' id='word_1_81' title='bbox 161 1275 250 1329; x_wconf 89' lang='lat' dir='ltr'>certe</span> <span class='ocrx_word' id='word_1_82' title='bbox 262 1265 358 1328; x_wconf 88' lang='lat' dir='ltr'>ubera</span> <span class='ocrx_word' id='word_1_83' title='bbox 376 1275 429 1330; x_wconf 87' lang='lat' dir='ltr'>tue</span> <span class='ocrx_word' id='word_1_84' title='bbox 448 1277 605 1352; x_wconf 77' lang='lat' dir='ltr'>quaesunt</span> <span class='ocrx_word' id='word_1_85' title='bbox 624 1288 720 1355; x_wconf 89' lang='lat' dir='ltr'>super</span> <span class='ocrx_word' id='word_1_86' title='bbox 734 1266 841 1330; x_wconf 84' lang='lat' dir='ltr'>vinum</span> <span class='ocrx_word' id='word_1_87' title='bbox 861 1289 869 1329; x_wconf 77' lang='lat' dir='ltr'><strong><em>z</em></strong></span> <span class='ocrx_word' id='word_1_88' title='bbox 888 1266 1035 1353; x_wconf 88' lang='lat' dir='ltr'>(utroque</span> <span class='ocrx_word' id='word_1_89' title='bbox 1050 1266 1135 1330; x_wconf 86' lang='lat' dir='ltr'>euim</span> 
     </span>
     <span class='ocr_line' id='line_1_11' title="bbox 93 1367 1137 1457; baseline 0 -24"><span class='ocrx_word' id='word_1_90' title='bbox 93 1367 192 1434; x_wconf 89' lang='lat' dir='ltr'>modo</span> <span class='ocrx_word' id='word_1_91' title='bbox 208 1390 317 1432; x_wconf 90' lang='lat' dir='ltr'>sensus</span> <span class='ocrx_word' id='word_1_92' title='bbox 335 1379 416 1434; x_wconf 89' lang='lat' dir='ltr'>stare</span> <span class='ocrx_word' id='word_1_93' title='bbox 431 1368 604 1457; x_wconf 85' lang='lat' dir='ltr'>videbitur]</span> <span class='ocrx_word' id='word_1_94' title='bbox 624 1370 763 1456; x_wconf 77' lang='lat' dir='ltr'>gerimus</span> <span class='ocrx_word' id='word_1_95' title='bbox 779 1381 885 1434; x_wconf 85' lang='lat' dir='ltr'>tumen</span> <span class='ocrx_word' id='word_1_96' title='bbox 901 1392 1009 1457; x_wconf 88' lang='lat' dir='ltr'>spem,</span> <span class='ocrx_word' id='word_1_97' title='bbox 1027 1381 1137 1457; x_wconf 83' lang='lat' dir='ltr'>utpote</span> 
     </span>
     <span class='ocr_line' id='line_1_12' title="bbox 98 1473 1138 1564; baseline -0.002 -22"><span class='ocrx_word' id='word_1_98' title='bbox 98 1473 360 1550; x_wconf 73' lang='lat' dir='ltr'>adolescentule,</span> <span class='ocrx_word' id='word_1_99' title='bbox 373 1475 405 1540; x_wconf 93' lang='lat' dir='ltr'>in</span> <span class='ocrx_word' id='word_1_100' title='bbox 422 1475 453 1540; x_wconf 92' lang='lat' dir='ltr'>id</span> <span class='ocrx_word' id='word_1_101' title='bbox 465 1475 563 1541; x_wconf 84' lang='lat' dir='ltr'>aetatis</span> <span class='ocrx_word' id='word_1_102' title='bbox 575 1475 752 1564; x_wconf 82' lang='lat' dir='ltr'>proficere,</span> <span class='ocrx_word' id='word_1_103' title='bbox 766 1499 829 1563; x_wconf 91' lang='lat' dir='ltr'>quo</span> <span class='ocrx_word' id='word_1_104' title='bbox 841 1477 997 1564; x_wconf 88' lang='lat' dir='ltr'>possimus</span> <span class='ocrx_word' id='word_1_105' title='bbox 1012 1499 1077 1540; x_wconf 87' lang='lat' dir='ltr'>nen</span> <span class='ocrx_word' id='word_1_106' title='bbox 1090 1500 1138 1541; x_wconf 75' lang='lat' dir='ltr'>sc</span> 
     </span>
     <span class='ocr_line' id='line_1_13' title="bbox 99 1576 1139 1672; baseline 0.002 -25"><span class='ocrx_word' id='word_1_107' title='bbox 99 1582 167 1648; x_wconf 91' lang='lat' dir='ltr'>lum</span> <span class='ocrx_word' id='word_1_108' title='bbox 181 1583 264 1670; x_wconf 88' lang='lat' dir='ltr'>pasci</span> <span class='ocrx_word' id='word_1_109' title='bbox 279 1594 311 1648; x_wconf 89' lang='lat' dir='ltr'>et</span> <span class='ocrx_word' id='word_1_110' title='bbox 324 1576 366 1650; x_wconf 82' lang='lat' dir='ltr'>‘ali</span> <span class='ocrx_word' id='word_1_111' title='bbox 381 1605 421 1648; x_wconf 83' lang='lat' dir='ltr'>ex</span> <span class='ocrx_word' id='word_1_112' title='bbox 433 1584 583 1651; x_wconf 86' lang='lat' dir='ltr'>uberibus</span> <span class='ocrx_word' id='word_1_113' title='bbox 600 1584 688 1650; x_wconf 86' lang='lat' dir='ltr'>verbi</span> <span class='ocrx_word' id='word_1_114' title='bbox 700 1585 778 1661; x_wconf 92' lang='lat' dir='ltr'>Dei,</span> <span class='ocrx_word' id='word_1_115' title='bbox 795 1583 894 1648; x_wconf 87' lang='lat' dir='ltr'>sedet</span> <span class='ocrx_word' id='word_1_116' title='bbox 911 1582 1040 1672; x_wconf 80' lang='lat' dir='ltr'>diligere</span> <span class='ocrx_word' id='word_1_117' title='bbox 1055 1583 1139 1650; x_wconf 85' lang='lat' dir='ltr'>slen-</span> 
     </span>
     <span class='ocr_line' id='line_1_14' title="bbox 101 1690 1142 1781; baseline 0.001 -26"><span class='ocrx_word' id='word_1_118' title='bbox 101 1709 177 1755; x_wconf 86' lang='lat' dir='ltr'>tem.</span> <span class='ocrx_word' id='word_1_119' title='bbox 198 1690 264 1755; x_wconf 74' lang='lat' dir='ltr'>lstse</span> <span class='ocrx_word' id='word_1_120' title='bbox 280 1703 353 1756; x_wconf 92' lang='lat' dir='ltr'>sunt</span> <span class='ocrx_word' id='word_1_121' title='bbox 369 1703 473 1758; x_wconf 86' lang='lat' dir='ltr'>autem</span> <span class='ocrx_word' id='word_1_122' title='bbox 489 1691 729 1758; x_wconf 75' lang='lat' dir='ltr'>adolescentulae</span> <span class='ocrx_word' id='word_1_123' title='bbox 746 1700 793 1777; x_wconf 78' lang='lat' dir='ltr'>(ut</span> <span class='ocrx_word' id='word_1_124' title='bbox 806 1716 889 1781; x_wconf 81' lang='lat' dir='ltr'>saepe</span> <span class='ocrx_word' id='word_1_125' title='bbox 905 1694 970 1779; x_wconf 84' lang='lat' dir='ltr'>jam</span> <span class='ocrx_word' id='word_1_126' title='bbox 985 1691 1142 1780; x_wconf 62' lang='lat' dir='ltr'>diximus)</span> 
     </span>
     <span class='ocr_line' id='line_1_15' title="bbox 100 1799 1138 1887; baseline 0 -25"><span class='ocrx_word' id='word_1_127' title='bbox 100 1800 234 1873; x_wconf 73' lang='lat' dir='ltr'>animae,</span> <span class='ocrx_word' id='word_1_128' title='bbox 259 1822 329 1884; x_wconf 85' lang='lat' dir='ltr'>quae</span> <span class='ocrx_word' id='word_1_129' title='bbox 349 1799 459 1887; x_wconf 90' lang='lat' dir='ltr'>primis</span> <span class='ocrx_word' id='word_1_130' title='bbox 482 1810 514 1864; x_wconf 89' lang='lat' dir='ltr'>et</span> <span class='ocrx_word' id='word_1_131' title='bbox 534 1800 623 1865; x_wconf 88' lang='lat' dir='ltr'>initio</span> <span class='ocrx_word' id='word_1_132' title='bbox 645 1799 818 1866; x_wconf 80' lang='lat' dir='ltr'>valentibus</span> <span class='ocrx_word' id='word_1_133' title='bbox 840 1799 1071 1864; x_wconf 86' lang='lat' dir='ltr'>eruditionibus</span> <span class='ocrx_word' id='word_1_134' title='bbox 1090 1799 1138 1862; x_wconf 59' lang='lat' dir='ltr'>vi.</span> 
     </span>
     <span class='ocr_line' id='line_1_16' title="bbox 95 1903 1139 1993; baseline -0.002 -23"><span class='ocrx_word' id='word_1_135' title='bbox 95 1904 218 1970; x_wconf 88' lang='lat' dir='ltr'>dentur</span> <span class='ocrx_word' id='word_1_136' title='bbox 236 1905 383 1980; x_wconf 77' lang='lat' dir='ltr'>imbute,</span> <span class='ocrx_word' id='word_1_137' title='bbox 401 1916 433 1968; x_wconf 88' lang='lat' dir='ltr'>et</span> <span class='ocrx_word' id='word_1_138' title='bbox 450 1903 535 1970; x_wconf 88' lang='lat' dir='ltr'>velut</span> <span class='ocrx_word' id='word_1_139' title='bbox 556 1906 628 1972; x_wconf 85' lang='lat' dir='ltr'>vino</span> <span class='ocrx_word' id='word_1_140' title='bbox 651 1906 788 1993; x_wconf 85' lang='lat' dir='ltr'>quedam</span> <span class='ocrx_word' id='word_1_141' title='bbox 809 1905 995 1981; x_wconf 73' lang='lat' dir='ltr'>laetificate,</span> <span class='ocrx_word' id='word_1_142' title='bbox 1017 1905 1139 1970; x_wconf 87' lang='lat' dir='ltr'>iustitu-</span> 
     </span>
     <span class='ocr_line' id='line_1_17' title="bbox 92 2012 1138 2102; baseline 0 -26"><span class='ocrx_word' id='word_1_143' title='bbox 92 2013 184 2076; x_wconf 90' lang='lat' dir='ltr'>tiune</span> <span class='ocrx_word' id='word_1_144' title='bbox 211 2023 353 2076; x_wconf 88' lang='lat' dir='ltr'>tutorum</span> <span class='ocrx_word' id='word_1_145' title='bbox 377 2012 547 2090; x_wconf 79' lang='lat' dir='ltr'>duntaxat,</span> <span class='ocrx_word' id='word_1_146' title='bbox 573 2027 819 2102; x_wconf 88' lang='lat' dir='ltr'>curatorumque</span> <span class='ocrx_word' id='word_1_147' title='bbox 839 2026 870 2080; x_wconf 92' lang='lat' dir='ltr'>et</span> <span class='ocrx_word' id='word_1_148' title='bbox 893 2014 1071 2102; x_wconf 65' lang='lat' dir='ltr'>paedagogi,</span> <span class='ocrx_word' id='word_1_149' title='bbox 1092 2023 1138 2076; x_wconf 89' lang='lat' dir='ltr'>ut-</span> 
     </span>
     <span class='ocr_line' id='line_1_18' title="bbox 94 2118 1137 2208; baseline 0.002 -25"><span class='ocrx_word' id='word_1_150' title='bbox 94 2131 173 2208; x_wconf 86' lang='lat' dir='ltr'>pote</span> <span class='ocrx_word' id='word_1_151' title='bbox 197 2118 353 2207; x_wconf 85' lang='lat' dir='ltr'>pervulae,</span> <span class='ocrx_word' id='word_1_152' title='bbox 376 2132 408 2184; x_wconf 90' lang='lat' dir='ltr'>ct</span> <span class='ocrx_word' id='word_1_153' title='bbox 427 2143 496 2207; x_wconf 86' lang='lat' dir='ltr'>quae</span> <span class='ocrx_word' id='word_1_154' title='bbox 517 2120 671 2186; x_wconf 88' lang='lat' dir='ltr'>haberent</span> <span class='ocrx_word' id='word_1_155' title='bbox 691 2121 819 2208; x_wconf 88' lang='lat' dir='ltr'>quidem</span> <span class='ocrx_word' id='word_1_156' title='bbox 839 2123 870 2187; x_wconf 91' lang='lat' dir='ltr'>in</span> <span class='ocrx_word' id='word_1_157' title='bbox 894 2121 1017 2186; x_wconf 79' lang='lat' dir='ltr'>viribus&#39;</span> <span class='ocrx_word' id='word_1_158' title='bbox 1032 2144 1137 2186; x_wconf 84' lang='lat' dir='ltr'>amare</span> 
     </span>
     <span class='ocr_line' id='line_1_19' title="bbox 93 2227 1137 2305; baseline -0.003 -11"><span class='ocrx_word' id='word_1_159' title='bbox 93 2228 227 2302; x_wconf 75' lang='lat' dir='ltr'>vinum,</span> <span class='ocrx_word' id='word_1_160' title='bbox 251 2250 316 2292; x_wconf 87' lang='lat' dir='ltr'>non</span> <span class='ocrx_word' id='word_1_161' title='bbox 337 2237 443 2292; x_wconf 88' lang='lat' dir='ltr'>tamen</span> <span class='ocrx_word' id='word_1_162' title='bbox 460 2227 613 2292; x_wconf 84' lang='lat' dir='ltr'>heberent</span> <span class='ocrx_word' id='word_1_163' title='bbox 633 2229 666 2294; x_wconf 91' lang='lat' dir='ltr'>in</span> <span class='ocrx_word' id='word_1_164' title='bbox 685 2240 796 2305; x_wconf 87' lang='lat' dir='ltr'>aetate,</span> <span class='ocrx_word' id='word_1_165' title='bbox 817 2240 852 2291; x_wconf 91' lang='lat' dir='ltr'>ut</span> <span class='ocrx_word' id='word_1_166' title='bbox 875 2251 982 2292; x_wconf 87' lang='lat' dir='ltr'>amore</span> <span class='ocrx_word' id='word_1_167' title='bbox 1001 2229 1137 2292; x_wconf 91' lang='lat' dir='ltr'>uberum</span> 
     </span>
     <span class='ocr_line' id='line_1_20' title="bbox 97 2312 1137 2422; baseline 0 -26"><span class='ocrx_word' id='word_1_168' title='bbox 97 2334 205 2420; x_wconf 89' lang='lat' dir='ltr'>sponsi</span> <span class='ocrx_word' id='word_1_169' title='bbox 223 2312 343 2400; x_wconf 81' lang='lat' dir='ltr'>moveri</span> <span class='ocrx_word' id='word_1_170' title='bbox 362 2346 416 2398; x_wconf 85' lang='lat' dir='ltr'>eut</span> <span class='ocrx_word' id='word_1_171' title='bbox 432 2334 560 2400; x_wconf 86' lang='lat' dir='ltr'>excitari</span> <span class='ocrx_word' id='word_1_172' title='bbox 577 2344 713 2422; x_wconf 87' lang='lat' dir='ltr'>possent.</span> <span class='ocrx_word' id='word_1_173' title='bbox 736 2333 799 2400; x_wconf 89' lang='lat' dir='ltr'>Sed</span> <span class='ocrx_word' id='word_1_174' title='bbox 818 2332 872 2397; x_wconf 90' lang='lat' dir='ltr'>ubi</span> <span class='ocrx_word' id='word_1_175' title='bbox 892 2332 1019 2398; x_wconf 86' lang='lat' dir='ltr'>advenit</span> <span class='ocrx_word' id='word_1_176' title='bbox 1035 2329 1137 2419; x_wconf 91' lang='lat' dir='ltr'>pleni-</span> 
     </span>
     <span class='ocr_line' id='line_1_21' title="bbox 98 2440 1137 2529; baseline -0.002 -25"><span class='ocrx_word' id='word_1_177' title='bbox 98 2440 178 2504; x_wconf 88' lang='lat' dir='ltr'>tudo</span> <span class='ocrx_word' id='word_1_178' title='bbox 192 2453 373 2529; x_wconf 88' lang='lat' dir='ltr'>temporum</span> <span class='ocrx_word' id='word_1_179' title='bbox 385 2491 394 2516; x_wconf 90' lang='lat'>,</span> <span class='ocrx_word' id='word_1_180' title='bbox 407 2454 438 2506; x_wconf 88' lang='lat' dir='ltr'>et</span> <span class='ocrx_word' id='word_1_181' title='bbox 450 2441 593 2506; x_wconf 88' lang='lat' dir='ltr'>Christus</span> <span class='ocrx_word' id='word_1_182' title='bbox 609 2441 641 2506; x_wconf 91' lang='lat' dir='ltr'>in</span> <span class='ocrx_word' id='word_1_183' title='bbox 656 2442 701 2505; x_wconf 89' lang='lat' dir='ltr'>eis</span> <span class='ocrx_word' id='word_1_184' title='bbox 716 2441 849 2528; x_wconf 79' lang='lat' dir='ltr'>proiecit</span> <span class='ocrx_word' id='word_1_185' title='bbox 864 2451 955 2506; x_wconf 73' lang='lat' dir='ltr'>astate</span> <span class='ocrx_word' id='word_1_186' title='bbox 967 2452 999 2504; x_wconf 93' lang='lat' dir='ltr'>et</span> <span class='ocrx_word' id='word_1_187' title='bbox 1011 2440 1137 2527; x_wconf 90' lang='lat' dir='ltr'>sapien-</span> 
     </span>
     <span class='ocr_line' id='line_1_22' title="bbox 95 2547 1137 2636; baseline 0.001 -25"><span class='ocrx_word' id='word_1_188' title='bbox 95 2547 161 2624; x_wconf 87' lang='lat' dir='ltr'>tia,</span> <span class='ocrx_word' id='word_1_189' title='bbox 179 2548 292 2636; x_wconf 86' lang='lat' dir='ltr'>etjam</span> <span class='ocrx_word' id='word_1_190' title='bbox 308 2549 423 2612; x_wconf 86' lang='lat' dir='ltr'>sentire</span> <span class='ocrx_word' id='word_1_191' title='bbox 439 2549 592 2636; x_wconf 87' lang='lat' dir='ltr'>coeperint</span> <span class='ocrx_word' id='word_1_192' title='bbox 611 2548 689 2635; x_wconf 89' lang='lat' dir='ltr'>quid</span> <span class='ocrx_word' id='word_1_193' title='bbox 708 2548 770 2612; x_wconf 88' lang='lat' dir='ltr'>sint</span> <span class='ocrx_word' id='word_1_194' title='bbox 789 2549 887 2612; x_wconf 91' lang='lat' dir='ltr'>ubera</span> <span class='ocrx_word' id='word_1_195' title='bbox 904 2547 1030 2634; x_wconf 86' lang='lat' dir='ltr'>spousi,</span> <span class='ocrx_word' id='word_1_196' title='bbox 1050 2569 1137 2632; x_wconf 87' lang='lat' dir='ltr'>quae-</span> 
     </span>
     <span class='ocr_line' id='line_1_23' title="bbox 92 2651 1137 2746; baseline -0.001 -28"><span class='ocrx_word' id='word_1_197' title='bbox 92 2678 161 2746; x_wconf 90' lang='lat' dir='ltr'>que</span> <span class='ocrx_word' id='word_1_198' title='bbox 183 2656 216 2720; x_wconf 92' lang='lat' dir='ltr'>in</span> <span class='ocrx_word' id='word_1_199' title='bbox 233 2656 280 2720; x_wconf 90' lang='lat' dir='ltr'>his</span> <span class='ocrx_word' id='word_1_200' title='bbox 295 2656 447 2743; x_wconf 87' lang='lat' dir='ltr'>perfectio</span> <span class='ocrx_word' id='word_1_201' title='bbox 462 2656 548 2720; x_wconf 86' lang='lat' dir='ltr'>verbi</span> <span class='ocrx_word' id='word_1_202' title='bbox 565 2657 641 2731; x_wconf 89' lang='lat' dir='ltr'>Dei,</span> <span class='ocrx_word' id='word_1_203' title='bbox 657 2666 689 2720; x_wconf 89' lang='lat' dir='ltr'>et</span> <span class='ocrx_word' id='word_1_204' title='bbox 705 2655 858 2720; x_wconf 84' lang='lat' dir='ltr'>doctrinae</span> <span class='ocrx_word' id='word_1_205' title='bbox 873 2653 1020 2742; x_wconf 88' lang='lat' dir='ltr'>spiritalis</span> <span class='ocrx_word' id='word_1_206' title='bbox 1035 2651 1137 2741; x_wconf 86' lang='lat' dir='ltr'>pieni-</span> 
     </span>
     <span class='ocr_line' id='line_1_24' title="bbox 92 2761 1136 2852; baseline -0.002 -24"><span class='ocrx_word' id='word_1_207' title='bbox 92 2763 179 2828; x_wconf 92' lang='lat' dir='ltr'>tudo</span> <span class='ocrx_word' id='word_1_208' title='bbox 203 2763 395 2852; x_wconf 82' lang='lat' dir='ltr'>designetur,</span> <span class='ocrx_word' id='word_1_209' title='bbox 416 2763 510 2828; x_wconf 87' lang='lat' dir='ltr'>etiam</span> <span class='ocrx_word' id='word_1_210' title='bbox 528 2765 735 2850; x_wconf 89' lang='lat' dir='ltr'>promittunt,</span> <span class='ocrx_word' id='word_1_211' title='bbox 752 2763 826 2850; x_wconf 87' lang='lat' dir='ltr'>quin</span> <span class='ocrx_word' id='word_1_212' title='bbox 842 2762 1009 2851; x_wconf 89' lang='lat' dir='ltr'>plusquam</span> <span class='ocrx_word' id='word_1_213' title='bbox 1028 2761 1136 2826; x_wconf 82' lang='lat' dir='ltr'>viuum</span> 
     </span>
     <span class='ocr_line' id='line_1_25' title="bbox 90 2869 1137 2960; baseline 0 -24"><span class='ocrx_word' id='word_1_214' title='bbox 90 2872 188 2960; x_wconf 83' lang='lat' dir='ltr'>quod</span> <span class='ocrx_word' id='word_1_215' title='bbox 205 2894 292 2936; x_wconf 89' lang='lat' dir='ltr'>nunc</span> <span class='ocrx_word' id='word_1_216' title='bbox 310 2883 459 2958; x_wconf 87' lang='lat' dir='ltr'>tanquam</span> <span class='ocrx_word' id='word_1_217' title='bbox 475 2869 613 2959; x_wconf 79' lang='lat' dir='ltr'>parvulae</span> <span class='ocrx_word' id='word_1_218' title='bbox 632 2871 765 2945; x_wconf 92' lang='lat' dir='ltr'>bibunt,</span> <span class='ocrx_word' id='word_1_219' title='bbox 783 2869 945 2936; x_wconf 60' lang='lat' dir='ltr'>dilectura}</span> <span class='ocrx_word' id='word_1_220' title='bbox 959 2870 1022 2934; x_wconf 85' lang='lat' dir='ltr'>sint</span> <span class='ocrx_word' id='word_1_221' title='bbox 1040 2873 1137 2936; x_wconf 88' lang='lat' dir='ltr'>ubera</span> 
     </span>
     <span class='ocr_line' id='line_1_26' title="bbox 1 2977 1138 3070; baseline -0.004 -23"><span class='ocrx_word' id='word_1_222' title='bbox 1 2977 2 2996; x_wconf 66' lang='lat'>³</span> <span class='ocrx_word' id='word_1_223' title='bbox 91 2981 207 3070; x_wconf 87' lang='lat' dir='ltr'>sponsi</span> <span class='ocrx_word' id='word_1_224' title='bbox 227 3003 234 3042; x_wconf 94' lang='lat'><strong>:</strong></span> <span class='ocrx_word' id='word_1_225' title='bbox 253 2979 284 3044; x_wconf 89' lang='lat' dir='ltr'>id</span> <span class='ocrx_word' id='word_1_226' title='bbox 300 2992 347 3044; x_wconf 88' lang='lat' dir='ltr'>est</span> <span class='ocrx_word' id='word_1_227' title='bbox 362 2980 582 3068; x_wconf 87' lang='lat' dir='ltr'>propensiores</span> <span class='ocrx_word' id='word_1_228' title='bbox 601 2979 714 3044; x_wconf 81' lang='lat' dir='ltr'>iuturae</span> <span class='ocrx_word' id='word_1_229' title='bbox 732 3002 806 3066; x_wconf 84' lang='lat' dir='ltr'>erga</span> <span class='ocrx_word' id='word_1_230' title='bbox 824 2979 980 3065; x_wconf 79' lang='lat' dir='ltr'>perfecta,</span> <span class='ocrx_word' id='word_1_231' title='bbox 999 2990 1031 3043; x_wconf 91' lang='lat' dir='ltr'>et</span> <span class='ocrx_word' id='word_1_232' title='bbox 1052 2981 1138 3044; x_wconf 74' lang='lat' dir='ltr'>oriani</span> 
     </span>
     <span class='ocr_line' id='line_1_27' title="bbox 90 3086 1140 3180; baseline 0 -28"><span class='ocrx_word' id='word_1_233' title='bbox 90 3086 297 3180; x_wconf 89' lang='lat' dir='ltr'>plenitudine</span> <span class='ocrx_word' id='word_1_234' title='bbox 312 3088 439 3154; x_wconf 89' lang='lat' dir='ltr'>decreta</span> <span class='ocrx_word' id='word_1_235' title='bbox 454 3088 601 3175; x_wconf 82' lang='lat' dir='ltr'>dogmata</span> <span class='ocrx_word' id='word_1_236' title='bbox 614 3087 749 3164; x_wconf 87' lang='lat' dir='ltr'>Christi,</span> <span class='ocrx_word' id='word_1_237' title='bbox 764 3111 858 3174; x_wconf 87' lang='lat' dir='ltr'>quem</span> <span class='ocrx_word' id='word_1_238' title='bbox 875 3089 939 3175; x_wconf 85' lang='lat' dir='ltr'>jam</span> <span class='ocrx_word' id='word_1_239' title='bbox 951 3099 1043 3153; x_wconf 90' lang='lat' dir='ltr'>antea</span> <span class='ocrx_word' id='word_1_240' title='bbox 1054 3138 1064 3163; x_wconf 92' lang='lat'>‚</span> <span class='ocrx_word' id='word_1_241' title='bbox 1076 3089 1140 3152; x_wconf 86' lang='lat' dir='ltr'>sive</span> 
     </span>
     <span class='ocr_line' id='line_1_28' title="bbox 90 3194 1139 3284; baseline -0.003 -21"><span class='ocrx_word' id='word_1_242' title='bbox 90 3201 132 3264; x_wconf 93' lang='lat' dir='ltr'>in</span> <span class='ocrx_word' id='word_1_243' title='bbox 151 3197 377 3262; x_wconf 89' lang='lat' dir='ltr'>communibus</span> <span class='ocrx_word' id='word_1_244' title='bbox 395 3195 524 3270; x_wconf 87' lang='lat' dir='ltr'>studiis,</span> <span class='ocrx_word' id='word_1_245' title='bbox 541 3196 605 3261; x_wconf 87' lang='lat' dir='ltr'>sive</span> <span class='ocrx_word' id='word_1_246' title='bbox 622 3195 654 3260; x_wconf 89' lang='lat' dir='ltr'>in</span> <span class='ocrx_word' id='word_1_247' title='bbox 675 3194 751 3284; x_wconf 81' lang='lat' dir='ltr'>legis</span> <span class='ocrx_word' id='word_1_248' title='bbox 770 3208 803 3259; x_wconf 89' lang='lat' dir='ltr'>et</span> <span class='ocrx_word' id='word_1_249' title='bbox 822 3195 1049 3283; x_wconf 83' lang='lat' dir='ltr'>prophetarum</span> <span class='ocrx_word' id='word_1_250' title='bbox 1067 3197 1139 3262; x_wconf 80' lang='lat' dir='ltr'>visse</span> 
     </span>
     <span class='ocr_line' id='line_1_29' title="bbox 95 3304 1108 3396; baseline -0.004 -26"><span class='ocrx_word' id='word_1_251' title='bbox 95 3316 178 3396; x_wconf 83' lang='lat' dir='ltr'>sunt</span> <span class='ocrx_word' id='word_1_252' title='bbox 193 3305 441 3376; x_wconf 87' lang='lat' dir='ltr'>institutionibus</span> <span class='ocrx_word' id='word_1_253' title='bbox 456 3304 605 3370; x_wconf 85' lang='lat' dir='ltr'>extitisse.</span> <span class='ocrx_word' id='word_1_254' title='bbox 1106 3306 1108 3312; x_wconf 84' lang='grc'><strong>’</strong></span> 
     </span>
     <span class='ocr_line' id='line_1_30' title="bbox 157 3411 1139 3503; baseline -0.002 -25"><span class='ocrx_word' id='word_1_255' title='bbox 157 3415 320 3503; x_wconf 78' lang='lat' dir='ltr'>‹AEq&#39;uitas</span> <span class='ocrx_word' id='word_1_256' title='bbox 330 3413 437 3482; x_wconf 72' lang='lat' dir='ltr'>dilexit</span> <span class='ocrx_word' id='word_1_257' title='bbox 445 3426 476 3478; x_wconf 87' lang='lat' dir='ltr'>te</span> <span class='ocrx_word' id='word_1_258' title='bbox 484 3413 506 3480; x_wconf 88' lang='lat'>¹.</span> <span class='ocrx_word' id='word_1_259' title='bbox 518 3441 530 3474; x_wconf 77' lang='lat' dir='ltr'>a</span> <span class='ocrx_word' id='word_1_260' title='bbox 540 3415 643 3480; x_wconf 87' lang='lat' dir='ltr'>Etiam</span> <span class='ocrx_word' id='word_1_261' title='bbox 653 3413 713 3478; x_wconf 90' lang='lat' dir='ltr'>hoc</span> <span class='ocrx_word' id='word_1_262' title='bbox 721 3413 797 3478; x_wconf 90' lang='lat' dir='ltr'>mibi</span> <span class='ocrx_word' id='word_1_263' title='bbox 808 3411 1139 3477; x_wconf 80' lang='lat' dir='ltr'>videaturadolescen·</span> 
     </span>
     <span class='ocr_line' id='line_1_31' title="bbox 1 3519 1142 3613; baseline -0.009 -20"><span class='ocrx_word' id='word_1_264' title='bbox 1 3520 2 3554; x_wconf 66' lang='lat'><em>³</em></span> <span class='ocrx_word' id='word_1_265' title='bbox 91 3523 177 3592; x_wconf 85' lang='lat' dir='ltr'>tuiae</span> <span class='ocrx_word' id='word_1_266' title='bbox 188 3523 352 3613; x_wconf 89' lang='lat' dir='ltr'>proloqui,</span> <span class='ocrx_word' id='word_1_267' title='bbox 370 3521 455 3590; x_wconf 81' lang='lat' dir='ltr'>velut</span> <span class='ocrx_word' id='word_1_268' title='bbox 469 3523 692 3589; x_wconf 80' lang='lat' dir='ltr'>satisfacientes</span> <span class='ocrx_word' id='word_1_269' title='bbox 698 3545 756 3609; x_wconf 86' lang='lat' dir='ltr'>pre</span> <span class='ocrx_word' id='word_1_270' title='bbox 764 3544 803 3586; x_wconf 89' lang='lat' dir='ltr'>eo</span> <span class='ocrx_word' id='word_1_271' title='bbox 815 3521 901 3608; x_wconf 88' lang='lat' dir='ltr'>quod</span> <span class='ocrx_word' id='word_1_272' title='bbox 911 3519 1080 3585; x_wconf 82' lang='lat' dir='ltr'>dilecturus</span> <span class='ocrx_word' id='word_1_273' title='bbox 1092 3543 1142 3584; x_wconf 84' lang='lat' dir='ltr'>su-</span> 
     </span>
     <span class='ocr_line' id='line_1_32' title="bbox 1 3628 1143 3725; baseline -0.009 -24"><span class='ocrx_word' id='word_1_274' title='bbox 1 3654 3 3665; x_wconf 66' lang='lat'><em>*</em></span> <span class='ocrx_word' id='word_1_275' title='bbox 88 3658 155 3725; x_wconf 88' lang='lat' dir='ltr'>per</span> <span class='ocrx_word' id='word_1_276' title='bbox 172 3633 281 3698; x_wconf 86' lang='lat' dir='ltr'>vinum</span> <span class='ocrx_word' id='word_1_277' title='bbox 293 3656 325 3698; x_wconf 88' lang='lat' dir='ltr'>se</span> <span class='ocrx_word' id='word_1_278' title='bbox 341 3633 555 3720; x_wconf 89' lang='lat' dir='ltr'>promiserunt</span> <span class='ocrx_word' id='word_1_279' title='bbox 571 3633 668 3696; x_wconf 87' lang='lat' dir='ltr'>ubera</span> <span class='ocrx_word' id='word_1_280' title='bbox 680 3630 786 3719; x_wconf 87' lang='lat' dir='ltr'>sponsi</span> <span class='ocrx_word' id='word_1_281' title='bbox 798 3679 807 3704; x_wconf 90' lang='lat'>,</span> <span class='ocrx_word' id='word_1_282' title='bbox 820 3641 852 3695; x_wconf 91' lang='lat' dir='ltr'>et</span> <span class='ocrx_word' id='word_1_283' title='bbox 867 3652 932 3696; x_wconf 89' lang='lat' dir='ltr'>non</span> <span class='ocrx_word' id='word_1_284' title='bbox 944 3629 1008 3717; x_wconf 92' lang='lat' dir='ltr'>jam</span> <span class='ocrx_word' id='word_1_285' title='bbox 1021 3628 1052 3692; x_wconf 88' lang='lat' dir='ltr'>in</span> <span class='ocrx_word' id='word_1_286' title='bbox 1065 3651 1143 3716; x_wconf 86' lang='lat' dir='ltr'>prae·</span> 
     </span>
     <span class='ocr_line' id='line_1_33' title="bbox 1 3737 1143 3830; baseline -0.011 -17"><span class='ocrx_word' id='word_1_287' title='bbox 1 3738 2 3760; x_wconf 65' lang='lat'>³</span> <span class='ocrx_word' id='word_1_288' title='bbox 86 3743 180 3812; x_wconf 89' lang='lat' dir='ltr'>senti</span> <span class='ocrx_word' id='word_1_289' title='bbox 199 3740 348 3830; x_wconf 80' lang='lat' dir='ltr'>diligant,</span> <span class='ocrx_word' id='word_1_290' title='bbox 363 3765 464 3830; x_wconf 88' lang='lat' dir='ltr'>neque</span> <span class='ocrx_word' id='word_1_291' title='bbox 472 3742 627 3829; x_wconf 79' lang='lat' dir='ltr'>integram</span> <span class='ocrx_word' id='word_1_292' title='bbox 645 3740 707 3805; x_wconf 89' lang='lat' dir='ltr'>vim</span> <span class='ocrx_word' id='word_1_293' title='bbox 720 3738 880 3806; x_wconf 86' lang='lat' dir='ltr'>charitatis</span> <span class='ocrx_word' id='word_1_294' title='bbox 894 3737 1070 3804; x_wconf 85' lang='lat' dir='ltr'>ostendant.</span> <span class='ocrx_word' id='word_1_295' title='bbox 1087 3737 1143 3801; x_wconf 81' lang='lat' dir='ltr'>Est</span> 
     </span>
    </p>
   </div>
   <div class='ocr_carea' id='block_1_3' title="bbox 131 3893 304 3954">
    <p class='ocr_par' dir='ltr' id='par_1_3' title="bbox 131 3893 304 3954">
     <span class='ocr_line' id='line_1_34' title="bbox 131 3893 304 3954; baseline -0.012 -14"><span class='ocrx_word' id='word_1_296' title='bbox 131 3893 230 3941; x_wconf 80' lang='lat' dir='ltr'>¹Cent.</span> <span class='ocrx_word' id='word_1_297' title='bbox 243 3907 269 3954; x_wconf 84' lang='lat'>1,</span> <span class='ocrx_word' id='word_1_298' title='bbox 281 3896 304 3951; x_wconf 76' lang='grc'>4,</span> 
     </span>
    </p>
   </div>
   <div class='ocr_carea' id='block_1_4' title="bbox 0 0 1337 4610">
    <p class='ocr_par' dir='ltr' id='par_1_4' title="bbox 0 0 1337 4610">
     <span class='ocr_line' id='line_1_35' title="bbox 0 0 1337 4610; baseline 0 0"><span class='ocrx_word' id='word_1_299' title='bbox 0 0 1337 4610; x_wconf 95' lang='lat' dir='ltr'> </span> 
     </span>
    </p>
   </div>
  </div>
 </body>
</html>
