2702 4610
385 305 418 346 m
443 305 719 350 reseruassemus
744 309 810 351 vm.
1045 299 1102 372 ¹¹45

62 426 293 514 eesPropbete
300 448 380 513 quos
391 425 707 512 videthejuseemedi
714 428 924 494 inconsuetis
932 425 1102 506 fluetmre,

60 536 203 602 etdieit:
219 533 736 623 :Ve2depiiceseerdeetenimob
747 566 760 598 ι
770 537 953 604 Etiteremr
964 539 1106 628 «Usque-

62 641 815 734 »quoeleudicetisutrisquegenibusvestris¹is
825 647 1104 738 Sedetbpestobes

65 755 216 822 lacobus
228 755 300 822 dicit
313 777 322 819 ι
340 754 421 820 «Vir
437 753 554 845 duplex
569 756 676 824 animo
690 757 873 824 ineenstsns
888 771 936 826 est
951 761 983 826 in
999 765 1104 827 emni-

72 867 163 930 »bus
173 865 256 930 viis⁸.
270 894 283 926 ι
297 864 415 930 Sumus
425 887 501 953 ergo
517 887 587 939 nos,
600 865 653 952 qui
668 887 735 930 non
748 867 869 955 integre
885 889 946 934 ree
964 869 1102 957 perfecte

70 972 138 1039 tide
151 976 309 1064 sequimur
320 975 425 1040 Deum
437 985 594 1052 nestrum,
609 987 641 1042 et
656 976 697 1040 eb
707 973 818 1041 alienis
832 977 1020 1044 recessimus
1030 981 1102 1056 diis,

71 1081 202 1148 velutin
217 1083 323 1149 medio
339 1082 482 1170 quodem
501 1083 642 1150 confinio
657 1084 749 1171 positi
758 1109 768 1157 ;
787 1097 820 1150 et
834 1087 875 1152 eb
890 1084 1001 1152 alienis
1014 1091 1105 1176 qussi

65 1193 189 1283 fugaces
205 1194 373 1267 eedimur,
387 1205 419 1259 et
432 1217 448 1258 e
462 1205 570 1258 nestro
585 1193 724 1261 Domine
738 1205 889 1282 tunquam
900 1197 1061 1264 instabiles
1070 1212 1104 1264 et
1159 1227 1162 1234 ’

61 1302 150 1368 dubii
174 1325 242 1368 non
264 1301 477 1368 defendimur.
492 1302 609 1368 Annon
625 1304 688 1370 boe
703 1316 764 1380 est,
780 1305 867 1392 quod
885 1317 920 1369 et
935 1305 1101 1395 Prophetae

61 1412 744 1502 spiritualiterimeginenturdeamatoribus
754 1415 1105 1492 Hierusalemmumdi-

66 1521 257 1600 eunt,Quie
268 1533 418 1587 amatores
431 1521 477 1587 tui
491 1523 547 1610 ipsi
558 1521 680 1590 inimici
693 1523 766 1590 tacti
777 1536 851 1590 sunt
862 1525 1016 1593 tibi¹i1ta
1027 1550 1105 1618 ergo

70 1630 212 1720 inteliige
226 1643 257 1696 et
270 1631 379 1697 enimae
393 1643 455 1699 tuae
468 1631 585 1698 multos
597 1633 693 1698 fuisse
704 1645 874 1710 amatores,
887 1635 943 1722 qui
954 1634 1105 1702 delectati

67 1755 142 1807 sunt
161 1742 276 1808 decere
295 1744 378 1829 ejus,
394 1765 470 1809 eum
485 1745 600 1830 quibus
621 1745 822 1812 meretricata
844 1759 902 1812 est.
923 1747 971 1812 De
985 1748 1102 1835 quibus

62 1864 93 1918 et
109 1852 371 1918 dicebetrcPost
386 1863 542 1918 arnstores
558 1877 646 1924 meos
663 1857 729 1930 ibo,
747 1855 890 1944 quidam
901 1857 979 1923 mihi
991 1859 1103 1925 virum

60 1991 73 2024 ι
87 1985 212 2037 meum,
226 1973 260 2028 et
272 1959 380 2028 eleum
394 1963 534 2039 meum⁸‚
549 1976 606 2029 »et
621 1978 747 2032 cetere.
763 1965 827 2031 Sed
843 1968 928 2032 venit
941 1969 1009 2056 jem
1022 1968 1102 2036 iiied

59 2085 203 2162 tempus.
223 2083 258 2137 ut
273 2073 394 2138 diceret
410 2093 419 2136 ι
436 2099 450 2132 ι
465 2071 616 2139 Revertar
638 2073 679 2138 sd
696 2075 797 2140 virum
820 2099 927 2142 meum
946 2079 1101 2166 priorem,

62 2211 77 2242 ι
89 2183 168 2269 quis
189 2179 302 2248 meiius
321 2181 398 2248 mihi
419 2193 488 2247 eret
514 2195 591 2250 tunc
612 2197 707 2271 quam
735 2184 841 2250 modo.
863 2214 875 2248 ι
895 2185 1047 2275 Regressa
1067 2213 1102 2254 es

68 2311 147 2378 erge
161 2289 314 2355 advirum
330 2303 422 2355 tuum
441 2291 593 2378 priorem,
609 2291 775 2358 ostendisti
788 2294 854 2358 sine
869 2293 969 2360 debie
983 2309 1100 2364 amste-

68 2421 120 2464 res
132 2411 204 2464 tues
215 2419 288 2463 eum
299 2401 411 2486 quibes
426 2398 581 2466 adulteria
596 2401 831 2467 committebas.
848 2401 912 2468 Nisi
924 2427 1002 2492 erge
1012 2428 1100 2472 nune

61 2520 127 2572 tote
143 2506 210 2574 fide
226 2527 408 2596 permaneas
425 2529 500 2572 cum
513 2508 580 2576 vire
596 2521 665 2584 tuo,
678 2521 711 2573 et
723 2520 791 2574 toto
805 2510 835 2573 ei
850 2532 907 2574 ore
921 2509 1100 2598 glutineris.

55 2641 95 2683 ex
111 2616 225 2683 multis
239 2617 414 2683 sceleribus
426 2639 496 2704 ques
510 2617 710 2688 eommisisti.
723 2629 870 2706 suspeete
885 2641 919 2684 es
933 2619 963 2683 ei
971 2643 984 2692 ι
997 2621 1101 2686 omnis

52 2739 163 2792 motus
188 2737 265 2790 tues
281 2737 315 2790 et
330 2737 475 2814 aspectus
489 2737 577 2801 tuus,
593 2727 661 2814 ipse
675 2727 771 2793 etism
791 2727 946 2803 ineam,
962 2729 988 2794 si
1005 2729 1101 2802 suerit

52 2833 285 2925 negligentior,
298 2833 487 2922 displicebit.
506 2833 593 2900 Nihil
614 2833 694 2900 ultre
714 2836 747 2901 in
764 2845 794 2900 te
809 2835 964 2904 leseirem
977 2838 1099 2916 ridere.

53 2944 131 3012 nibil
148 2943 346 3011 dissolutum
356 2957 389 3009 et
399 2945 568 3033 prodigum
583 2958 699 3033 potest.
715 2945 756 3012 dt
770 2923 824 3011 stit
839 2969 955 3034 perum
969 2949 1099 3036 qtridem

53 3083 69 3122 ι
85 3058 155 3122 viro
169 3067 233 3122 tue
247 3053 420 3120 deverteris
434 3053 557 3130 oeulos,
578 3055 684 3120 statim
702 3077 834 3122 neeesse
844 3068 895 3121 est
909 3061 1096 3128 memoriam

54 3169 121 3235 tieri
137 3169 299 3259 priorum.
314 3165 356 3230 Ut
370 3187 446 3254 ergo
459 3165 564 3253 priore
581 3163 698 3239 deiees,
715 3175 749 3230 et
764 3164 842 3230 fides
857 3166 916 3232 tibi
931 3170 1028 3255 possit
1043 3171 1097 3238 he·

55 3279 122 3344 beri
137 3279 172 3344 in
189 3274 334 3364 reliquis,
352 3297 416 3340 non
431 3275 527 3342 mede
545 3275 704 3364 egendum
721 3275 778 3339 tibi
797 3273 876 3340 nihii
891 3289 939 3341 est
956 3279 1095 3367 impudi-

59 3413 145 3464 cum,
158 3388 216 3455 sed
227 3410 269 3452 ne
281 3385 487 3476 cogitandum
498 3384 638 3473 quidem.
651 3383 734 3451 Vide
743 3386 830 3451 enim
842 3387 931 3474 qued
940 3389 1095 3478 scriptum

61 3508 123 3560 est.
143 3497 265 3572 «Cum,
282 3494 407 3582 inquit,
426 3493 608 3560 immundus
626 3483 756 3581 spiritus
767 3494 879 3560 exierit
895 3499 935 3563 eb
950 3497 1095 3574 homine.

63 3635 77 3664 ι
91 3605 173 3671 redit
194 3629 250 3696 per
276 3603 347 3670 toea
375 3603 475 3679 eride,
498 3603 610 3691 quaerit
632 3604 791 3692 requiem,
816 3619 849 3671 et
873 3629 936 3674 non
960 3609 1090 3676 invenit.

57 3715 176 3784 »Tunc
191 3716 269 3794 dieit
284 3739 294 3780 r
312 3715 466 3782 Revertar
481 3715 514 3780 in
529 3714 660 3782 demum
681 3737 785 3781 meem
801 3702 886 3784 ende
900 3719 993 3786 exiri.
1011 3722 1050 3786 Et
1067 3723 1094 3788 si
1129 3757 1135 3775 ι

87 3872 191 3919 *Facit
206 3889 235 3930 ιι,
249 3869 348 3930 ιιὶ.--ι
362 3871 377 3917 5
390 3871 451 3936 Rrg.
467 3887 538 3930 ιιιιι,
550 3887 589 3920 ιι,
608 3870 659 3909 —-¹
690 3871 764 3919 acob.
780 3891 801 3930 ι,
816 3872 839 3921 8.
854 3901 883 3910 -
898 3874 907 3906 ⁸
921 3875 1011 3925 Tbrcn.
1033 3895 1050 3924 ι.
1063 3905 1093 3914 -

54 3945 133 3994 Ὀιο.
150 3965 180 4004 ιι,
192 3947 216 3994 5.

191 4055 230 4095 11.
901 4055 938 4095 10
