2748 4596
234 199 275 284 78
680 215 822 262 crucum

232 344 361 430 ejicere.
374 342 441 407 Hoc
450 337 534 406 idem
545 351 651 405 autom
666 341 803 406 ctiomiu
818 339 855 405 iis
867 341 921 427 qui
929 339 1124 408 fructificant
1132 344 1275 409 sentien-

234 451 311 516 dum
319 463 382 524 est,
395 449 449 536 qui
458 448 576 514 Effrem
584 447 929 539 filiinomiuantur,qui
942 463 974 516 ct
986 451 1043 540 ipsi
1052 451 1274 528 Channnaecs,

235 561 329 624 idest
347 581 438 644 vegas
455 569 488 620 ct
507 555 645 622 lubricas
661 557 865 645 cogitationes
883 581 1008 648 sempor
1020 559 1141 626 debem
1156 561 1277 649 ejicere
1357 613 1358 622 ,

235 665 274 734 de
287 667 451 733 animabus
464 665 536 730 suis.
553 666 667 730 Potens
679 677 726 730 cst
738 678 844 732 sutem
855 665 940 732 Deus
955 668 1053 754 quiet
1068 667 1276 734 Jcbusaeoset
1357 671 1358 684 ³

236 775 450 849 Chananeus,
465 773 612 860 subjiciat
625 773 735 848 nobis,
752 773 833 839 sicut
847 774 999 863 scriptum
1014 787 1062 839 cst
1077 799 1111 840 :e
1128 777 1278 863 Subjecit

236 895 364 948 »eutem
381 881 575 950 Chennnaeos
594 879 666 945 filiis
682 880 833 946 Effrem¹.
853 881 989 970 »Ipsum
1004 905 1080 971 ergo
1098 883 1276 948 Dominum

236 991 462 1080 deprecemur,
479 1001 513 1053 ut
529 988 658 1075 ejiciens
678 1009 696 1052 a
713 989 804 1054 nobis
821 987 920 1055 malos
935 991 1163 1078 cogitationes,
1178 991 1275 1056 bonus

235 1099 366 1174 inseret,
382 1098 492 1186 dignos
507 1094 683 1162 Jerusalem
702 1096 828 1162 civitate
845 1095 984 1174 coelesti,
1004 1097 1037 1162 iu
1054 1097 1175 1184 quibus
1201 1096 1276 1163 nihii

236 1205 620 1297 pollutuminveninturct
630 1203 807 1280 sordidum,
824 1204 910 1291 quod
927 1228 984 1270 nos
1000 1207 1032 1270 in
1048 1205 1100 1270 die
1109 1206 1227 1292 judicii
1241 1229 1276 1269 cr

236 1314 438 1384 conscientiae
453 1312 694 1400 cogitationibus
713 1323 841 1400 arguet,
858 1313 914 1377 scd
931 1313 1112 1379 invenietur
1133 1314 1167 1378 in
1185 1313 1276 1377 uobis

237 1424 357 1512 puritas
373 1421 478 1488 cordis
492 1421 526 1484 in
541 1418 667 1485 Christo
684 1418 760 1484 Jesu
775 1420 913 1484 Domino
927 1432 1055 1497 nostro,
1073 1420 1128 1486 cui
1143 1433 1195 1484 est
1216 1417 1277 1508 gio

239 1533 284 1596 rin
295 1542 328 1596 ct
343 1529 513 1617 imperium
524 1527 558 1590 iu
569 1525 682 1592 saecula
694 1524 893 1592 seculorum.
912 1527 1025 1594 Amen.

239 1783 1276 1814 ΜΜΜΜΜΜΜΜΜΜΜΜΜΜΜΜΜΜΜΜᾺἉ

393 2004 591 2072 HOMILIA
615 2003 775 2074 TERTIA
802 2005 858 2072 ET
880 2005 1133 2075 VICESIMA².

253 2265 298 2320 De
313 2263 431 2321 ratione
447 2263 573 2322 sortium
589 2259 639 2320 ubi
655 2273 769 2340 septem
785 2261 879 2321 tribus
893 2264 1015 2340 capirmt
1025 2260 1269 2320 hereditatem&

285 2447 342 2514 lu‘
359 2447 589 2514 consuetudine
600 2446 767 2514 hominum
783 2470 857 2514 cum
873 2446 990 2537 aliquid
1005 2461 1091 2514 sorte
1108 2448 1280 2523 dividitur,

240 2555 370 2622 fortuitu
387 2557 511 2623 videtur
525 2578 592 2619 sors
604 2553 655 2620 illa
668 2554 830 2632 edilium,
843 2553 892 2622 vel
903 2553 963 2622 alia
974 2555 1016 2623 ud
1028 2555 1128 2622 olium
1141 2557 1259 2623 cadero
1272 2579 1281 2620 :

241 2663 446 2750 inscriptura
458 2671 564 2725 autum
579 2653 687 2725 saneta
699 2661 818 2726 nonita
833 2673 891 2726 cst.
910 2659 1084 2750 Aliquoties
1096 2663 1281 2748 quaerebam

243 2770 327 2857 apud
341 2768 584 2856 memetipsum,
600 2767 624 2832 si
645 2767 685 2832 de
700 2791 734 2834 re
749 2780 836 2834 tantu
852 2790 888 2833 uc
904 2767 957 2834 tali
972 2781 1079 2858 potres
1094 2770 1201 2836 sancti
1216 2793 1285 2836 sor-

242 2876 327 2940 tibus
341 2875 495 2963 judicium
512 2875 759 2951 commisissent,
776 2876 861 2964 quod
877 2877 902 2940 si
917 2888 998 2942 esset
1013 2876 1078 2944 hoc
1093 2877 1181 2966 opud
1197 2901 1285 2944 sanc

243 2998 291 3050 tos
307 2985 349 3050 itu
363 2998 504 3075 gestum,
524 2987 589 3075 jam
607 2986 645 3050 de
661 2986 728 3052 aliis
747 2987 930 3056 hominibus
946 2988 994 3054 vel
1009 2985 1190 3059 Gentilibus
1207 2989 1286 3058 nihii

243 3095 359 3160 mirum
376 3095 554 3170 rideretur,
570 3095 595 3158 si
613 3094 692 3162 nihil
705 3095 877 3164 baberetur
891 3098 1041 3166 eximium
1057 3097 1090 3166 in
1105 3101 1165 3175 iis,
1183 3125 1286 3188 quaes

244 3203 360 3268 sunctis
372 3214 455 3268 sorte
468 3203 619 3268 dicuntur
631 3204 739 3270 diviso.
752 3205 815 3270 Sed
826 3205 988 3272 videamus
1000 3207 1026 3272 si
1038 3207 1121 3274 forte
1132 3208 1166 3274 in
1178 3209 1286 3297 Scrip-

245 3312 324 3374 turis
339 3309 515 3378 invenimus
534 3309 650 3400 aliquid
670 3312 826 3401 positum,
850 3313 937 3400 quod
957 3315 1051 3382 nobis
1067 3314 1144 3401 quid
1161 3315 1285 3382 virtutis

246 3419 446 3486 contincatur
457 3421 490 3487 in
502 3421 639 3488 sortibus
654 3420 843 3488 manifestet.
861 3421 1054 3512 Incipiamus
1072 3445 1150 3513 ergo
1163 3447 1180 3489 o
1191 3424 1286 3492 Leri-

283 3541 354 3591 ί.Ιοι.
370 3561 438 3605 xvir,
458 3547 497 3592 13.

251 3617 253 3620 ⁵
281 3634 374 3683 ¹'l'orn.
386 3650 419 3688 11,
427 3648 499 3702 pagg.
510 3631 578 3696 450-
588 3632 646 3692 cta.

283 3718 356 3770 Uos.
367 3739 443 3770 xum.

285 3813 350 3860 ‘Nn
363 3829 425 3860 r-n.
