2702 4610
413 239 445 281 sn
470 237 594 280 nxouuu
618 237 745 281 nonum
772 239 826 281 vu.
1073 221 1131 282 135

88 362 243 428 salsum
256 362 370 426 odorat
384 381 457 433 noa,
474 379 548 423 cuna
564 357 642 422 dicit
654 351 876 447 de'sdpiantio,
894 358 967 445 quia
983 357 1128 446 «lignum

89 503 102 534 a
118 474 192 538 vitae
208 482 260 536 ost
275 468 422 534 omnibus
439 466 704 556 amplectentibus
719 453 848 533 euml.»
866 468 898 534 si
914 491 990 558 ergo
1006 467 1127 558 lignum

89 580 262 670 sapientias
272 577 413 644 Christus
428 577 561 642 missum
576 575 670 640 luerit
686 576 718 640 in
730 575 825 664 Lege,
839 587 872 641 st
887 575 1062 641 ostenderit
1075 599 1129 642 no·

95 693 146 757 bis
170 689 334 779 quomodo
350 685 483 776 intelligi
507 687 621 768 dabant
643 687 856 762 circumcisio,
873 688 1035 776 quomodo
1054 689 1128 752 sab·
1150 671 1155 682 ¹

101 801 191 873 bata,
211 796 366 884 quomodo
387 793 439 859 lox
456 793 552 882 leprae
572 795 724 860 servanda
742 793 794 869 sit,
813 793 949 882 qualitor
964 795 1076 860 mundi
1096 806 1128 859 at

102 905 255 971 immundi
269 905 439 970 disorimen
459 902 631 976 habeatnr:
650 915 729 968 tunc
746 902 883 968 afficitur
897 925 976 991 nqna
996 903 1130 968 Morrbae

102 1014 213 1089 dulcis,
226 1026 260 1078 et
277 1012 456 1078 amaritudo
471 1009 584 1077 litteras
603 1011 694 1100 Legis
716 1013 912 1077 convertitur
933 1013 965 1077 in
983 1011 1131 1078 dulcedi·

98 1147 168 1189 nam
184 1121 402 1210 intelligentia
415 1119 599 1209 spiritualis,
612 1131 645 1185 st
659 1133 738 1187 tune
750 1129 853 1209 potest
869 1122 979 1187 bibero
994 1118 1130 1210 populus
1192 1184 1199 1198 ,

94 1233 236 1303 baim...

139 1341 206 1406 Sed
218 1341 296 1428 quid
308 1337 448 1404 addidit²
458 1339 476 1416 i’,
484 1339 653 1425 Postquam
671 1337 775 1425 posuit
793 1336 837 1402 illi
855 1319 939 1403 Deus
954 1338 1132 1426 institisset

99 1448 278 1534 iudicia...
296 1447 370 1533 quid
387 1447 432 1511 ais
451 1447 649 1535 promittitur
664 1446 688 1510 si
705 1447 892 1511 serventur?
911 1445 986 1523 «si,
1003 1449 1127 1534 inquit,

106 1557 331 1622 narraveritis
348 1569 502 1644 praeooptn
523 1577 606 1631 mea,
626 1576 689 1620 non
708 1551 859 1620 inducam
879 1577 974 1642 super
995 1579 1049 1620 vos
1067 1579 1134 1620 om-

105 1695 118 1728 ι
134 1688 190 1730 nos
200 1663 399 1753 aegritudines
409 1684 490 1752 ‘quas
505 1664 614 1728 induxi
631 1663 817 1753 AEgyptiis⁸.
834 1693 846 1724 ι
865 1663 952 1743 Quid
963 1688 1039 1754 ergo
1051 1665 1135 1730 vide·

102 1789 156 1840 tnr
167 1775 290 1840 dicare:
307 1773 340 1839 Si
352 1775 423 1862 quis
434 1785 536 1839 sorvst
548 1774 708 1848 mandata,
719 1771 839 1838 nnllam
851 1773 1069 1861 aegritudinem
1081 1797 1135 1862 pa-

100 1882 221 1950 tiatur?
231 1883 295 1948 boo
310 1894 372 1958 ost,
385 1901 488 1970 noque
504 1881 629 1958 sobriat,
642 1905 744 1969 neque
760 1879 837 1946 ulios
852 1878 977 1947 dolores
993 1883 1134 1971 corporis

98 1993 205 2059 iurati
226 1992 297 2058 Non
321 2003 400 2081 puto
416 1991 501 2078 quod
522 1991 591 2056 boc
610 1991 673 2056 sint
692 2011 761 2077 quse
782 1991 1008 2079 promittantur
1028 1993 1133 2061 divina

102 2101 250 2167 mandata
262 2099 472 2166 servantibus.
487 2099 634 2188 Alioquin
650 2099 768 2166 indicio
783 2101 874 2166 nobis
889 2111 937 2166 eat
951 2101 1013 2168 Job
1029 2103 1133 2190 justis-

106 2211 219 2285 simus,
237 2223 269 2275 st
289 2209 386 2274 totius
408 2210 533 2296 pietatis
559 2211 867 2285 observantissimus,
892 2211 964 2298 quia
989 2235 1005 2275 a
1030 2213 1133 2301 capito

108 2319 270 2407 usquead
291 2321 382 2407 podes
400 2317 541 2406 repletur
559 2317 666 2384 ulcero
689 2319 834 2406 pessimo.
862 2315 931 2384 Non
953 2317 1002 2384 his
1026 2341 1134 2386 carere

102 2429 260 2494 dicuntur
278 2427 512 2492 infirmitatibus
534 2427 587 2514 qui
610 2426 758 2491 mandata
780 2426 978 2502 custodiunt,
995 2428 1050 2493 sod
1070 2451 1134 2493 non

96 2539 270 2606 babebnnt
284 2535 352 2601 illas
367 2535 566 2601 infirmitates
582 2557 659 2622 quas
673 2533 813 2623 AEgyptii
835 2534 962 2600 habent.
981 2533 1136 2623 AEgyptus

95 2669 243 2735 namque
258 2643 397 2710 mundus
413 2643 586 2733 figuraliter
602 2642 787 2732 appellatur.
803 2641 941 2732 Diligere
956 2665 1032 2733 ergo
1047 2667 1137 2710 mun-

93 2757 194 2832 dum,
207 2769 241 2820 ot
255 2777 292 2819 aa
309 2777 379 2842 qnae
393 2753 557 2820 inmundo
573 2763 659 2827 sunt,
672 2751 839 2842 AEgyptius
851 2751 985 2842 languor
992 2763 1048 2819 est.
1064 2749 1138 2819 Dies

92 2868 288 2939 observare,
304 2875 337 2929 ot
350 2885 488 2940 mansos,
507 2875 541 2929 ot
560 2874 716 2951 tempora,
733 2863 820 2952 signa
840 2861 1018 2949 requirere,
1035 2861 1137 2928 stellu-

93 2999 174 3042 rum
198 2973 347 3041 cursibus
364 2974 539 3046 adbaerero.
560 2973 725 3061 AEgyptius
741 2970 875 3060 languor
895 2983 952 3036 ost.
972 2971 1137 3038 Desorvira

93 3087 210 3154 curnis
225 3084 371 3162 luxurias,
386 3097 419 3150 ot
440 3082 653 3171 voluptatibus
675 3103 803 3170 operam
820 3078 908 3157 dare,
926 3099 1038 3146 vacare
1063 3081 1138 3147 deli·

96 3197 171 3272 uiis,
195 3193 366 3283 AEgyptius
387 3191 520 3281 languor
539 3203 596 3256 ost.
624 3190 718 3254 Caret
734 3211 809 3278 ergo
830 3188 879 3254 bis
902 3187 1140 3256 infirmitatibus

100 3317 134 3369 et
149 3301 376 3392 languoribus,
393 3300 447 3389 qui
463 3299 610 3365 mandata
627 3297 775 3363 custodit.
967 3295 968 3300 ’

146 3413 224 3478 Post
247 3411 319 3478 haec
342 3411 431 3486 dicit,
452 3411 524 3498 quia
540 3435 553 3470 a
569 3418 725 3474 nonerunt
747 3407 778 3470 in
798 3403 915 3481 Helim‚
931 3419 964 3471 ot
986 3420 1076 3473 orant
1098 3409 1141 3475 ibi

111 3521 311 3588 »duodecim
328 3519 430 3585 sontes
445 3539 612 3606 uquarum,
629 3525 660 3580 et
676 3537 734 3581 axx
748 3515 877 3579 arbores
894 3512 1102 3602 palmarnm¹.
1120 3545 1134 3578 a

137 3717 144 3748 ¹
163 3716 236 3764 l’roa.
249 3729 289 3770 ru,
301 3711 341 3762 18.

136 3787 191 3837 ²ll.
207 3805 231 3846 a,
244 3786 270 3835 5.
287 3801 312 3850 p.
331 3785 385 3832 2⁵2.

135 3861 243 3910 ³and.
257 3874 300 3916 av,
313 3859 352 3906 iu.
362 3884 391 3894 -
402 3856 411 3888 ⁴
424 3855 493 3904 lbid.
509 3871 548 3917 ²7·
