2660 4610
167 235 233 314 456
618 255 760 300 ostentus

166 384 253 472 prius
269 406 333 449 non
348 382 468 458 fuerat,
492 405 551 473 per
563 381 713 449 Ecclesiae
728 404 824 472 genas
845 347 986 472 specioso
1006 382 1128 448 decore
1143 380 1205 448 dii-

15 585 20 598 ·
92 529 96 542 ι
165 493 233 558 fusa
249 504 306 560 est.
326 493 405 572 Quae
420 502 527 558 tamen
542 515 694 581 genarum
716 493 855 581 species,
872 492 907 556 id
926 503 976 558 est
994 492 1162 581 pudicitiae
1175 502 1207 555 et

164 600 335 676 eastitatis,
351 599 527 664 turturibus
542 611 755 689 comparatur.
774 600 952 666 Turturum
967 599 1078 666 ferunt
1094 599 1208 686 hujus-

163 709 251 780 modi
267 721 411 775 naturam
422 732 506 785 esse,
520 721 555 773 ut
570 732 673 796 neque
686 705 846 775 masculus
857 720 973 798 praeter
989 731 1093 774 unam
1108 707 1208 773 t'oemi-

164 841 239 884 nam
262 817 353 883 adeat
374 814 488 892 aliam,
513 840 573 883 nec
597 816 727 882 soemina
747 815 917 906 plusquam
938 839 1043 886 unum
1069 817 1208 905 patiatur

163 949 286 992 marem
301 950 308 991 ι
326 926 369 992 ita
387 937 422 990 ut
437 926 462 990 si
478 925 602 993 accidat
618 923 717 992 altero
739 925 918 1015 intercepto
935 948 1113 1014 superesse
1133 923 1208 990 alte-

163 1058 235 1100 rum
244 1083 253 1112 ,
262 1034 380 1123 pariter
393 1056 469 1100 cum
484 1035 620 1122 conjuge
630 1034 789 1098 extinctus
803 1034 844 1099 ait
853 1034 883 1098 ei
895 1033 1202 1099 concubitusamor.

164 1142 397 1212 Convenienter
421 1165 496 1230 ergo
526 1139 699 1206 similitudo
727 1142 858 1207 turturis
884 1153 1016 1230 aptatur
1040 1139 1205 1214 Ecclesia,

162 1249 251 1341 quod
269 1248 318 1315 vel
341 1248 467 1316 alterius
493 1249 550 1314 viri
576 1261 648 1339 post
669 1248 831 1315 Christum
859 1249 1055 1338 conjugium
1072 1250 1206 1324 nesciat,

167 1357 217 1424 vel
232 1357 319 1448 quod
333 1357 536 1424 continentiae
552 1368 584 1422 et
598 1357 759 1445 pudicitiae
772 1357 804 1422 in
822 1380 859 1422 ea
875 1370 1035 1446 tanquam
1049 1369 1204 1424 turturum

165 1465 275 1532 volitet
294 1464 477 1532 multitudo.
506 1465 692 1532 Secundum
720 1464 803 1532 hanc
834 1464 1091 1555 intelligentiam
1122 1467 1201 1532 etiam

167 1576 322 1644 cervicem
339 1598 459 1664 sponsae
476 1574 677 1664 accipiamus.
693 1575 773 1654 Quae
788 1574 855 1640 sine
874 1573 977 1640 dubio
998 1573 1069 1640 iliae
1085 1574 1199 1664 intelligi

171 1685 288 1752 debent
318 1683 444 1758 animae,
472 1707 543 1771 quaa
566 1681 685 1748 Christi
709 1683 821 1772 jugum
845 1683 1034 1772 suscipiunt
1059 1683 1195 1750 dicaam:
1304 1727 1305 1736 ι

178 1789 361 1879 «suscipite
386 1809 480 1876 super
503 1809 556 1851 vos
576 1787 688 1876 jugum
708 1809 839 1864 meum,
862 1787 934 1874 quia
964 1788 1090 1877 jugum
1109 1811 1188 1854 arem

172 1921 288 1964 »suave
302 1895 404 1963 esst»
426 1895 616 1961 Obadientia
632 1918 708 1985 ergo
722 1896 791 1984 ejus
803 1895 941 1962 cervices
957 1896 1044 1983 ejus
1058 1896 1177 1985 appadan-

173 2018 235 2070 tur.
252 2004 365 2070 Cervix
380 2027 456 2094 ergo
470 2004 540 2094 ejus
552 2003 692 2093 speciosa
704 2004 785 2069 sacta
799 2015 847 2069 est
857 2003 940 2068 sicut
957 2003 1182 2078 redimentes

154 2109 156 2116 ’
173 2113 299 2181 merito.
318 2113 423 2192 Quam
438 2111 523 2178 enim
539 2111 626 2201 prius
636 2111 900 2203 prevaricationis
911 2110 1135 2180 inobedientia
1146 2124 1197 2178 tur·

176 2244 251 2313 pem
264 2220 400 2297 fecerat,
420 2242 506 2285 nunc
522 2219 702 2286 obedientia
718 2218 792 2284 fidei
807 2219 983 2308 speciosam
1003 2220 1090 2287 fecit
1102 2233 1132 2288 et
1143 2219 1202 2310 pui·
1312 2279 1313 2282 ,

177 2330 299 2397 ohram.
319 2328 432 2394 Cervix
442 2350 518 2417 ergo
530 2340 583 2392 tua
595 2327 735 2415 speciosa
751 2327 833 2394 tacta
849 2338 897 2392 est
912 2328 999 2394 sicut
1014 2327 1210 2396 redimicula.

179 2438 229 2506 Ad
244 2449 414 2524 utrumque
429 2435 514 2500 enim
527 2433 732 2511 subauditur,
745 2434 885 2523 speciosa
900 2433 985 2501 iacta
1001 2449 1067 2502 est.
1086 2438 1216 2504 Redimi·

181 2547 253 2616 cula
267 2547 321 2613 hic
333 2545 411 2612 dicit
425 2545 665 2612 constrictiones
681 2543 730 2611 vel
736 2545 961 2611 connectiones
969 2546 1144 2614 monilium
1152 2571 1230 2646 que

181 2659 214 2724 in
225 2655 401 2723 cervicibus
414 2654 524 2719 sedere
534 2651 654 2729 solent,
665 2677 705 2719 ex
716 2654 829 2742 quibus
844 2653 1029 2730 deducitur,
1041 2667 1076 2721 et
1088 2656 1225 2723 deseen-

182 2767 229 2832 dit
241 2789 299 2854 per
312 2787 407 2830 omno
421 2760 540 2828 collum
555 2759 695 2850 reliquus
707 2774 845 2832 ornatus.
866 2761 929 2851 Ipsi
940 2786 1017 2852 ergo
1026 2781 1224 2833 ornamento

182 2875 268 2963 quod
293 2873 466 2940 cervicibus
488 2883 521 2936 et
542 2869 625 2937 collo
647 2871 767 2960 imponi
790 2869 886 2946 solet,
914 2872 1079 2938 cervicem
1095 2897 1223 2964 sponsa

144 3012 145 3018 ¹
182 2983 386 3071 comparavit.
406 2981 502 3061 Quod
524 2980 646 3046 dictum
659 2979 703 3044 ita
723 2978 923 3048 advertimus.
945 2979 1118 3048 Cervioem
1136 2984 1225 3050 dixi-

182 3115 254 3158 mus
269 3089 499 3178 subjectionem
521 3101 554 3153 et
569 3086 781 3152 obedientiam
797 3087 877 3162 dici,
893 3111 952 3176 pro
970 3111 1010 3154 eo
1025 3092 1119 3178 quod
1139 3095 1222 3181 quasi

146 3209 149 3216 '
183 3202 295 3290 jugum
307 3197 424 3263 Christi
439 3196 605 3286 suscipiat,
621 3207 654 3260 et
669 3193 743 3260 fidei
754 3195 823 3284 ejus
838 3195 1054 3262 obedientiam
1067 3202 1215 3288 [ιι-ιω.

184 3305 415 3373 Ornamentum
432 3325 507 3390 ergo
522 3300 652 3366 cervicis
668 3300 736 3389 ejus
753 3324 823 3389 quae
838 3311 885 3364 est
896 3299 1100 3380 obedientia,
1115 3307 1226 3372 Chris·

184 3427 234 3480 tus
245 3423 304 3478 est.
316 3413 386 3500 lpse
397 3411 482 3476 enim
497 3410 584 3499 prior
602 3408 727 3475 «iactus
742 3419 785 3474 est
798 3407 949 3474 obediens
961 3433 1066 3498 usque
1083 3413 1126 3478 ad
1138 3439 1225 3482 mor-
1313 3485 1314 3492 χ

183 3535 290 3589 rtem:
307 3532 339 3585 et
350 3520 433 3584 sicut
446 3541 504 3607 per
516 3516 667 3594 unius²‚»
688 3515 763 3583 Adae
779 3514 919 3591 scilicet,
946 3516 1229 3592 «inobedientiam

183 3642 388 3722 »peccatores
403 3627 565 3693 constituti
576 3637 648 3694 sunt
663 3612 773 3691 multi:
788 3625 830 3690 ita
845 3637 877 3689 et
892 3647 951 3714 per
959 3627 1054 3694 unius
1066 3631 1230 3699 obedien-

182 3743 319 3818 ‚tiam,»
349 3736 464 3803 Christi
490 3737 661 3810 duntaxat,
679 3763 691 3796 a
699 3733 775 3824 justi
799 3733 1037 3810 constituuntur
1060 3737 1221 3808 multi³.1

218 3891 324 3952 tMatth.
340 3906 380 3949 ar,
394 3903 434 3952 ²9·
448 3914 479 3922 -
491 3881 502 3915 ²
513 3885 622 3960 Pbitipp.
634 3903 668 3948 ιι,
680 3884 703 3938 8.
719 3914 748 3922 -
763 3879 852 3934 ⁸hom.
865 3901 890 3946 v,
907 3899 945 3958 ¹3·
