2744 4600
273 279 335 342 560
712 291 855 337 oaroaars
957 264 959 269 ’

229 457 232 464 -
275 438 332 502 per
349 411 539 483 (lharadath,
557 407 642 497 quod
654 408 685 472 iu
701 421 806 472 nostra
826 407 931 494 lingua
953 417 1044 470 sonat
1060 404 1190 470 idoneus
1205 407 1297 474 effes>

272 537 323 588 tus
336 545 344 586 ι
360 521 501 609 profecto
514 531 591 585 utet
602 518 773 607 ipsedicat,
784 517 879 603 quia«
891 516 1020 580 idoneos
1032 535 1088 582 uos
1100 515 1175 582 feeit
1188 517 1299 582 minis-

271 661 285 692 »
302 645 365 696 tros
377 629 448 695 novi
461 628 638 694 testamenti
650 627 672 692 ¹.
689 655 702 690 i
721 627 799 693 Inde
815 627 934 692 mansio
949 626 1085 692 habetur
1099 629 1185 715 apud
1196 627 1301 694 Maea-
1353 683 1354 688 ,

273 735 352 811 toth,
369 736 454 822 quod
473 735 696 823 interpretatur
715 735 754 798 ab
777 732 876 798 initio.
899 732 1141 822 Contemplator
1159 759 1300 823 namque

272 849 329 936 qui
341 849 382 916 ad
395 845 693 936 contemplationem
709 846 821 921 tendit,
835 846 960 912 initium
975 869 1095 920 rerum.
1112 846 1178 912 imo
1193 847 1300 935 potius
1350 797 1355 898 i

272 972 387 1025 cuncta
399 959 439 1024 ed
450 981 525 1024 eum
537 957 631 1023 refert
643 957 695 1044 qui
707 973 775 1024 erat
786 957 817 1022 iu
829 956 998 1044 principio,
1012 977 1072 1022 nae
1083 957 1124 1022 ab
1135 957 1198 1022 isto
1212 957 1300 1024 initio
1353 963 1355 1030 ἶ

270 1067 438 1156 aliquando
454 1067 596 1134 discedit.
612 1067 686 1132 Post
699 1067 766 1132 haec
783 1065 819 1133 stt
834 1067 955 1132 mansio
970 1067 1003 1132 in
1017 1066 1130 1140 Caatb,
1147 1068 1244 1153 quod
1258 1081 1299 1134 est
1352 1051 1355 1094 ⁴

269 1175 481 1250 confirmatio,
499 1174 546 1242 vel
562 1175 721 1262 patientia.
741 1175 874 1242 Necesse
894 1187 942 1240 est
957 1175 1042 1242 enirn
1062 1198 1138 1242 enm
1155 1177 1215 1264 qui
1240 1179 1295 1242 suit

268 1290 365 1356 etiam
379 1285 447 1353 aliis
465 1287 625 1376 prodesse,
642 1283 740 1352 multa
757 1286 834 1374 pati,
851 1298 884 1350 et
898 1299 1013 1356 cuncta
1032 1286 1115 1354 ferre
1126 1289 1288 1375 patienter,

271 1400 352 1466 sicut
366 1395 513 1466 dePaulo
526 1397 705 1464 dictumest
722 1419 730 1460 ε
752 1422 765 1456 e
779 1397 847 1483 Ego
860 1396 949 1461 enim
961 1397 1126 1464 ostendam
1138 1399 1171 1462 ei
1183 1409 1291 1484 quanta

271 1536 284 1569 a
299 1518 443 1595 oporteat
454 1527 528 1574 eum
539 1504 733 1593 pronomine
742 1504 805 1592 pati
815 1527 885 1570 meo
899 1503 922 1568 ².
933 1533 946 1566 s
956 1505 1034 1570 lade
1046 1505 1290 1580 seniturTbara.

247 1605 249 1610 ’
269 1618 355 1706 quod
365 1618 515 1705 apudnos
530 1613 944 1703 intelligitureontompiatio
957 1616 1103 1704 stuporis.
1124 1617 1213 1704 [Non
1226 1641 1291 1706 poa·

270 1751 378 1794 sumus
397 1727 430 1792 in
448 1724 558 1792 Latina
579 1724 685 1813 lingua
707 1749 770 1790 uno
792 1748 937 1792 sermone
963 1727 1140 1814 exprimere
1164 1730 1289 1792 verbum

206 1887 212 1902 .
268 1837 417 1902 Graecum
432 1832 517 1922 quod
539 1831 583 1898 illi
606 1836 713 1904 ἴκςασω
730 1846 854 1908 vocant,
870 1834 978 1910 idest,
994 1857 1069 1900 eom
1086 1857 1144 1924 pro
1156 1836 1283 1922 aiicujus

269 1965 389 2030 magnae
404 1942 450 2007 rei
464 1941 670 2008 admiratione
685 1942 879 2030 obstupescit
893 1944 1048 2031 animus]
1065 1946 1138 2012 Hoo
1156 1959 1205 2012 eat
1215 1969 1285 2034 ergo

266 2051 354 2140 quod
369 2051 445 2116 dicit
461 2049 685 2139 contemplatio
700 2051 849 2139 stuporis.
862 2075 937 2118 cum
953 2053 985 2118 in
996 2055 1158 2141 agnitione
1171 2079 1282 2144 magur-

268 2183 339 2224 rum
353 2169 386 2224 et
396 2157 627 2224 admirabilium
639 2181 746 2224 rerum
758 2182 847 2226 meos
863 2161 995 2226 attonita
1006 2173 1122 2250 stupet.
1141 2165 1280 2232 Postimc

267 2271 391 2338 venitur
402 2269 442 2336 ad
453 2269 607 2344 Matbeca,
617 2271 702 2356 quod
713 2270 937 2358 iuterpretatur
950 2294 1033 2340 mora
1045 2295 1137 2342 nora.
1156 2276 1289 2356 Queast

194 2427 198 2436 ·
268 2403 348 2446 crosa
370 2378 478 2444 morsi
492 2378 619 2466 quando
642 2378 767 2446 Christo
785 2381 1013 2446 commorimur
1035 2393 1070 2450 ut
1088 2395 1122 2450 et
1143 2389 1290 2452 convisu-

267 2515 337 2560 mus
352 2493 391 2556 ei.
412 2489 489 2556 inde
507 2489 630 2554 deonna
646 2490 782 2565 venitur,
799 2491 884 2576 quod
899 2513 935 2556 os
950 2490 1000 2558 vel
1016 2515 1085 2560 ossa
1108 2495 1289 2583 significare

267 2604 391 2670 dicitur.
409 2601 516 2670 Virtus
531 2623 587 2688 per
602 2599 681 2674 haec.
694 2599 761 2665 siae
772 2601 883 2679 dubio.
897 2615 931 2667 et
946 2605 1044 2672 robur
1060 2606 1225 2692 patientias
1240 2611 1293 2675 de-

265 2712 412 2778 claratur.
431 2711 504 2778 Jam
519 2708 750 2774 biuo'babetur
768 2710 887 2776 mansio
906 2711 992 2799 apud
1013 2709 1192 2792 Mesoroth,
1209 2718 1295 2806 quad

263 2821 440 2911 significare
466 2829 595 2907 putatur
620 2815 799 2884 excludens.
820 2819 901 2897 Quae
925 2818 1096 2888 excludens
1128 2825 1203 2889 asti’
1228 2829 1296 2894 sine

266 2934 363 3004 dubio
377 2929 528 3019 malignas
544 2929 755 3017 suggestiones
770 2930 920 2994 contrarii
931 2931 1058 3018 spiritua
1070 2932 1110 2998 de
1122 2936 1296 3024 cogitatio-

265 3044 358 3108 nibus
370 3042 443 3106 suis.
459 3039 513 3106 Sia
524 3039 609 3104 eninr
620 3051 652 3104 et
662 3037 823 3126 Sapientia
837 3040 894 3106 Dei
908 3039 984 3108 dicit
998 3065 1006 3106 a
1018 3069 1030 3102 ι
1042 3041 1077 3108 Si
1088 3041 1231 3132 Spiritus
1239 3071 1297 3134 po

265 3183 278 3215 a
296 3161 439 3218 testatem
454 3148 787 3215 habentisascenalerit
800 3161 951 3236 superte,
965 3149 1070 3216 locutu
1087 3165 1230 3220 tuumne
1245 3155 1297 3220 di.

263 3257 457 3328 amittasflr
472 3256 640 3325 Tenendus
666 3265 714 3322 est
735 3279 809 3345 ergo
831 3255 933 3332 locus,
954 3272 988 3326 et
1010 3259 1231 3330 excludendus
1245 3277 1294 3330 est
1353 3275 1358 3376 p

262 3369 471 3442 adversarius,
487 3387 527 3432 ne
541 3366 679 3434 inveniat
693 3363 799 3444 locum
814 3365 846 3432 iu
861 3367 959 3432 corde
971 3381 1093 3442 nostro.
1105 3372 1193 3440 siout
1204 3375 1292 3462 Apo-

262 3453 1219 3548 statuum:«notissimumeamean010⁴.‚r0euaea
1235 3481 1289 3548 a*

262 3591 347 3658 naim
366 3587 500 3659 venitur,
519 3585 605 3678 quod
624 3583 725 3648 sontes
747 3583 913 3672 signifieat,
935 3585 985 3652 vei
1003 3586 1283 3663 excolationesaid

258 3712 322 3775 eat,
335 3697 388 3764 ubi
404 3695 582 3772 divinorum
596 3695 764 3758 verborum
780 3693 882 3760 sontes
897 3693 1003 3762 haurit
1015 3721 1181 3788 usquequo
1197 3721 1282 3768 exaa-

262 3812 304 3877 let
319 3833 372 3876 eos
387 3803 535 3872 bibendo.
555 3801 684 3870 Excolat
701 3816 807 3870 autem
822 3804 939 3870 dicitur
950 3805 1034 3872 hice
1052 3807 1204 3887 colando,
1224 3836 1286 3878 non

293 3929 673 3992 ¹aCorinth.ru‚6.-²Act.
687 3951 720 3992 rs,
736 3933 772 3982 16.
788 3933 1164 4002 -³Eccl.·1,4.-⁴prea.
1178 3953 1263 4001 may.

1349 4045 1358 4360 t
