2748 4596
306 289 338 330 ιιι
365 259 478 330 sunnon
501 287 570 328 assu
596 287 677 328 ιιιιι
701 287 776 329 ιιοιι.
802 288 891 332 xxrn·
1081 286 1122 348 79

73 420 157 490 rico,
173 415 226 480 ubi
239 413 395 500 scriptum
409 423 456 476 est
472 435 480 475 ι
498 438 512 472 ι
527 413 567 476 llt
582 410 756 498 accipient,
776 410 889 495 inquit,
911 406 989 474 duos
1006 421 1115 473 sortes.

79 526 179 591 »Sors
192 545 255 588 una
267 519 425 594 Domino,
439 530 472 583 et
486 541 552 583 sors
564 541 627 583 una
641 517 867 606 Apopomp'eo,
884 518 937 581 boe
948 529 1002 590 est,
1023 529 1122 581 trans-

76 629 232 696 »missori
249 629 291 694 Et
305 649 401 714 super
423 649 660 714 quemcumque
681 625 802 691 venerit
825 647 892 689 sors
915 624 1122 712 Apopompaei

78 768 92 801 a
104 739 238 826 accipiet
248 736 374 802 hircum
386 732 492 809 illum,
507 746 540 798 et
551 733 688 798 adducet
699 730 788 797 illum
800 732 832 796 iu
844 753 985 796 eremum
1000 732 1119 804 virum,

80 857 138 910 »et
154 845 289 910 dimittet
304 840 395 908 illum
411 841 455 906 ibi
471 841 503 905 in
520 840 701 905 dimissione
717 838 807 905 sua‘.
826 837 953 904 »allium
966 861 1041 903 vero
1053 839 1122 903 hir·
1185 900 1192 915 ,

79 974 158 1020 eum
172 948 383 1016 immolabunt
398 948 556 1023 Domino,
573 945 761 1033 etreliqua,
783 969 852 1034 quae
873 947 917 1010 ibi
933 959 1016 1011 siant.
1041 947 1123 1026 Quae

79 1060 191 1147 utique
204 1059 310 1122 sciunt
323 1057 379 1145 qui
394 1054 513 1144 legunt.
534 1056 574 1119 Et
589 1055 706 1120 iterum
718 1055 773 1120 ubi
784 1053 907 1142 Moyses
918 1067 1003 1119 sorte
1017 1051 1122 1119 divisit

77 1165 179 1232 tribui
188 1165 304 1232 Ruben
316 1214 325 1240 ,
338 1175 371 1229 et
382 1164 479 1228 tribui
489 1162 558 1228 Gad
568 1212 578 1238 ,
590 1173 622 1227 et
634 1162 771 1228 dimidiae
782 1161 879 1226 tribui
889 1161 1043 1239 Manasse,
1053 1185 1123 1250 quae

78 1283 293 1363 poposcerant
307 1284 394 1336 trans
409 1270 583 1336 Jordanem
599 1271 743 1359 accipere
768 1282 885 1335 terram
909 1269 1013 1344 illam,
1029 1291 1125 1357 quam

83 1392 277 1468 acceperunt
291 1377 347 1444 lilii
361 1376 468 1443 lsrael.
491 1378 586 1443 Dedit
600 1390 706 1443 autem
723 1379 819 1444 etiam
842 1377 933 1442 Jesus
948 1377 1126 1443 secundum

35 1527 43 1538 ι
84 1482 868 1575 praeceptumDeiCalebfilioleffonetribusludae
884 1497 1013 1550 sortem.
1032 1485 1127 1550 Dedit

86 1605 196 1660 autem
210 1605 244 1656 et
259 1592 352 1658 tribui
363 1591 503 1668 Effrem,
519 1603 552 1656 et
566 1589 611 1656 illi
627 1615 697 1679 quse
710 1605 893 1682 supererat,
913 1592 1052 1660 dimidiae
1068 1595 1126 1658 tri-

84 1701 145 1768 bui
159 1699 309 1766 Manasse.
335 1701 374 1766 Et
393 1711 465 1788 post
483 1701 552 1766 baee
573 1701 794 1789 congregavit,
813 1701 933 1789 inquit,
950 1700 1127 1767 Ecclesiam

82 1807 228 1874 liliorum
244 1805 358 1881 lsrael,
376 1819 409 1872 et
426 1807 505 1872 dixit
517 1831 551 1871 :a
566 1806 689 1872 Mittam
710 1821 847 1885 sortem,
870 1819 903 1873 et
921 1809 1079 1895 proferam
1094 1809 1128 1874 in

82 1925 284 2002 ›conspectu
303 1913 431 1978 Domini
451 1925 589 1988 sortem,
606 1913 631 1979 si
646 1915 733 2003 prius
753 1915 967 1982 describentes
987 1930 1127 1992 terrum,

82 2019 277 2088 »attuleritis
291 2021 537 2108 descriptionem
552 2021 622 2108 ejus
632 2019 655 2086 ².
675 2051 688 2082 ι
704 2025 743 2088 Et
759 2023 801 2088 ita
816 2036 887 2110 post
904 2023 973 2090 haee
988 2023 1127 2088 sortibus

80 2129 188 2196 missis
203 2128 371 2194 haereditas
389 2126 508 2216 populo
530 2127 588 2194 Dei
612 2129 829 2205 distribuitur,
853 2142 885 2194 et
907 2133 1043 2220 agitatur
1059 2155 1128 2198 sors

82 2238 148 2302 ista
163 2258 228 2301 non
241 2235 391 2310 fortuitu,
408 2235 463 2300 sed
479 2237 656 2302 seeundum
671 2237 753 2312 hoe,
770 2237 855 2324 quod
871 2239 1128 2325 praedestinatum

82 2354 137 2408 est
151 2366 168 2407 ιι
184 2341 260 2408 Deo.
278 2342 421 2430 Denique
440 2343 543 2407 tribus
560 2343 730 2431 benjamin
746 2344 848 2432 prima
864 2344 908 2410 ibi
924 2345 1046 2432 accepit
1061 2367 1130 2409 sor-

80 2463 155 2516 tem
171 2449 225 2515 ubi
240 2461 309 2514 erat
322 2447 519 2526 Jerusalem,
533 2462 604 2538 poet
616 2449 698 2516 hane
710 2452 811 2516 tribus
825 2452 954 2517 Simeon
973 2452 1132 2528 secunda,

78 2571 159 2650 post
183 2556 268 2624 hane
287 2557 451 2632 lseachar,
468 2557 583 2622 deinde
602 2555 770 2632 Zabulon,
798 2559 912 2624 deinde
938 2558 1035 2634 Aser,
1061 2571 1133 2647 post

79 2667 184 2732 etiam
198 2663 417 2752 Nephthulim,
439 2665 514 2730 intle
529 2665 609 2731 Dan.
630 2666 667 2731 ln
683 2666 799 2753 quibus
815 2667 983 2731 novissime
1000 2667 1132 2731 veniunt

81 2787 154 2842 tres
168 2770 229 2838 ttlae
245 2773 367 2848 tribus,
383 2795 452 2859 quse
464 2797 502 2838 ex
518 2773 704 2840 concubinis
716 2774 945 2840 descenderant
960 2772 1072 2840 Jacob.

135 2879 216 2960 Quae
230 2902 306 2969 ergo
329 2879 369 2944 sit
385 2881 465 2945 ratio
487 2881 619 2946 sortium
638 2881 724 2970 apud
744 2881 966 2968 memetipsum
986 2881 1131 2969 require-

84 2991 185 3063 bam,
196 3001 230 3053 ut
243 3012 283 3052 es
293 2985 401 3053 miultis
412 2988 599 3053 testimoniis
611 2989 783 3078 Scripturm
795 2989 883 3078 qnod
894 2988 1013 3055 latebat
1026 3012 1134 3077 agnos-

80 3118 209 3163 cerem.
227 3095 431 3162 lnveuiebam
447 3096 568 3161 sanein
580 3097 751 3184 Scripturis
767 3097 864 3162 etiam
880 3096 1020 3163 Gentiles
1034 3096 1137 3162 homi-
1245 3121 1249 3130 ·

78 3227 145 3270 nes
165 3226 237 3268 usos
251 3226 321 3268 esse
329 3203 489 3278 sortibus,
508 3215 587 3268 tunc
601 3227 676 3270 cum
697 3205 858 3293 navigaret
875 3205 992 3280 Jonas,
1009 3217 1041 3269 et
1056 3217 1136 3270 tern-

80 3323 198 3402 pestus
210 3324 343 3398 urgeret.
363 3311 462 3377 Aiunt
477 3335 615 3400 namque
630 3313 651 3377 ii
662 3314 716 3400 qui
731 3313 920 3400 navigabant
931 3336 939 3377 ι
952 3313 1136 3379 «tristamus

81 3427 236 3483 »sortem
246 3466 256 3491 ,
266 3429 297 3482 et
312 3418 475 3484 videamus
491 3421 581 3508 eujus
596 3443 691 3486 cansa
706 3419 774 3484 haee
786 3430 873 3485 tanta
883 3419 1002 3487 malitia
1013 3421 1095 3497 est⁸,
1113 3449 1128 3482 r
1174 3435 1178 3452 ⁸

81 3525 186 3616 quasi
209 3546 274 3590 sors
295 3537 421 3592 tantum
445 3526 580 3602 valeret,
604 3540 638 3591 ut
653 3527 787 3616 prodere
805 3551 880 3593 eum
895 3539 1021 3617 posset,
1042 3530 1138 3617 eujus

80 3652 194 3722 eausa
203 3628 383 3718 perieulum
396 3631 616 3721 navigantibus
627 3631 818 3698 immineret.
835 3634 875 3698 Et
891 3633 1035 3721 quamvis
1048 3634 1137 3698 Gen-

75 3737 162 3805 tiles
180 3749 305 3814 essent,
328 3749 361 3802 et
383 3737 476 3804 alieni
498 3764 515 3805 a
537 3739 716 3829 cognitione
728 3741 806 3815 Dei,
823 3763 886 3806 non
903 3752 1010 3806 tamen
1026 3740 1059 3806 in
1075 3739 1138 3804 hec

122 3882 308 3946 aberrem,
320 3882 336 3932 8
347 3918 354 3944 ,
367 3899 405 3933 ro.
420 3887 624 3937 -2Jos.1rnr.
639 3916 665 3924 -
679 3883 756 3935 'Jon
769 3903 794 3948 ι,
812 3902 836 3953 7.
