2744 4624
382 323 414 366 tu
440 323 573 369 cursem
596 285 724 369 ueururr
749 327 795 369 ur.
1067 331 1103 396 ¹7
1172 391 1175 400 1

86 443 122 508 uls
140 441 184 508 his
205 439 353 506 omuibus
376 439 519 505 continet
540 463 576 506 os
597 465 703 517 suum,
727 453 761 506 et
782 439 922 532 disponit
942 467 1105 512 sermones

84 575 152 618 sues
167 552 197 616 iu
211 549 361 638 judicio¹‚
375 551 599 617 verbositatem
610 552 767 642 reprimit,
780 551 920 643 linguam
932 566 1104 645 temperet.

85 663 175 728 verbo
197 661 394 732 medereturs
411 659 471 726 iste
497 661 611 726 merito
633 663 848 736 circumcisus.
862 662 954 729 labiis
975 664 1103 732 dicitur.
1221 747 1226 754 .

88 771 150 838 sed
162 784 192 837 ct
204 771 251 858 qui
272 771 475 859 iniquitatem
490 772 521 836 iu
537 770 662 837 excelse
676 771 864 861 loquuntur,
881 784 913 838 et
929 763 1105 845 extendunt

92 881 122 946 iu
138 879 237 946 cetum
250 879 392 969 linguam
404 878 770 955 suem²,sicuthaeretici
787 880 921 958 fuciunt,
939 881 1108 950 incircum·
1157 880 1163 886 ’

93 990 151 1063 cisi,
166 1001 195 1054 ct
213 989 368 1056 immundi
384 988 478 1054 labiis
498 987 622 1054 dicendi
641 1002 725 1054 suut.
748 989 964 1056 Circumcisus
983 1013 1056 1056 vere
1074 1003 1109 1057 et
1188 1027 1191 1030 ·

88 1097 213 1162 muudus
232 1109 293 1174 est,
315 1099 370 1186 qui
392 1099 667 1184 semperverhum
690 1097 748 1164 Dei
772 1096 926 1186 loquitur,
945 1113 979 1165 et
1000 1123 1110 1167 sunem

86 1207 252 1274 «lectricum
266 1205 462 1296 Evangelicis
478 1219 511 1271 et
523 1206 712 1296 Apostolicis
727 1208 884 1275 munitum
899 1208 1016 1298 regulis
1033 1233 1109 1298 pro·

8 1333 10 1344 ’
86 1315 152 1380 lert.
169 1318 236 1382 lloc
250 1339 325 1406 ergo
338 1316 435 1384 mode
450 1329 483 1382 et
498 1317 698 1388 circumcisio
711 1317 870 1384 lubiorum
885 1318 980 1392 detur
997 1319 1030 1384 iu
1046 1321 1109 1386 Ee·

8 3883 10 3974 l

90 1424 261 1492 clcsiellei.
981 1517 986 1525 ¹

138 1532 229 1598 Nunc
243 1557 316 1600 vcro
330 1530 500 1603 secuudum
523 1527 782 1626 pollicitationem
806 1551 960 1620 nestrum,
978 1537 1113 1627 qualiter

96 1640 185 1706 etium
201 1643 301 1708 cernis
318 1645 514 1712 circumcisio
536 1647 652 1738 suscipi
671 1646 798 1721 debeat,
815 1646 988 1714 videamus.
1010 1647 1112 1722 Mem,-

89 1753 178 1816 lirum
192 1753 264 1830 hoc,
281 1755 314 1822 in
329 1779 392 1844 quo
407 1756 598 1845 praeputium
615 1757 739 1822 videtur
753 1781 835 1833 csse,
854 1758 967 1824 officiis
982 1773 1113 1825 naturu-

88 1857 165 1926 libus
180 1863 279 1928 coitus
293 1875 326 1930 ct
339 1866 537 1954 generationi
554 1865 711 1931 deservire
726 1888 820 1931 neme
835 1866 953 1954 estqui
973 1867 1108 1934 dubitet.

87 1967 119 2033 Si
134 1971 199 2056 quis
209 1971 303 2060 igitur
317 1997 391 2064 crgo
400 1974 624 2064 hujuscemodi
639 1985 744 2041 motus
756 1997 820 2042 neu
832 1961 1034 2064 importunus
1045 1977 1113 2043 exi-

86 2090 156 2152 stet,
174 2104 231 2147 uec
252 2093 389 2150 statutos
409 2083 854 2173 legibustermiuessupcrct‚
870 2081 1040 2174 peculium
1058 2085 1114 2150 loe-

87 2189 199 2254 minam
213 2215 310 2279 quam
325 2193 497 2282 conjugem
512 2192 683 2280 legitimum
697 2192 832 2268 neverit,
846 2205 879 2258 et
894 2193 926 2258 in
936 2216 973 2258 ea
986 2184 1113 2282 quoque

90 2298 153 2384 ipsa
166 2302 353 2386 posteritatis
368 2303 593 2368 tantummodo
608 2323 701 2367 ceusu
715 2301 810 2366 certis
821 2312 854 2365 et
871 2299 1018 2390 legitimis
1029 2313 1114 2368 temn

80 2406 210 2492 poribus
224 2422 318 2499 eguts
332 2411 390 2478 iste
406 2411 613 2478 circumcisus
633 2411 786 2499 praeputie
801 2412 904 2476 cornis
919 2433 984 2476 suae
1003 2411 1113 2478 dicen-

78 2514 135 2580 ‹lus
148 2531 205 2582 cst.
222 2519 288 2599 Qui
308 2543 384 2586 rere
395 2520 429 2585 in
442 2541 569 2586 ornucm
581 2517 741 2586 lascivium
754 2518 889 2606 proruit,
903 2529 935 2582 ct
946 2541 1003 2606 per
1015 2518 1115 2584 diver·

75 2647 124 2689 ses
138 2638 171 2690 et
192 2625 328 2695 illicitos
349 2631 464 2717 passim
485 2627 602 2717 pendet
619 2626 793 2716 amplexus,
813 2637 908 2714 etque
931 2627 963 2692 iu
986 2649 1116 2693 omnem

74 2731 212 2802 libidinis
236 2740 403 2827 gurgitem
426 2738 527 2808 fertur
549 2737 697 2809 iulrcnis;
720 2737 778 2801 iste
800 2735 1040 2802 incircumcisus
1066 2748 1115 2804 est

68 2849 226 2935 praeputie
243 2850 355 2914 cernis
371 2871 448 2915 susc.
470 2847 593 2914 Ver-um
612 2845 752 2912 Ecclesia
773 2843 903 2920 Christi,
927 2847 1026 2935 gretie
1046 2847 1116 2934 ejus

69 2955 120 3043 qui
142 2980 206 3046 pro
228 2981 264 3022 se
288 2957 463 3024 crucifixus
486 2970 534 3022 est
557 2957 718 3029 roboreto,
734 2977 799 3019 neu
820 2951 922 3019 selum
935 2957 983 3020 'ub
1000 2952 1117 3021 illicitis

68 3066 282 3157 nefandisque
311 3067 485 3143 cubilibus.
507 3089 617 3132 verum
641 3063 737 3130 etiam
760 3087 776 3128 o
801 3064 959 3130 concessis
973 3074 1006 3129 et
1021 3061 1117 3130 licitis

68 3186 239 3267 temperet.
258 3191 420 3265 tunquam
443 3179 507 3265 jem
523 3177 613 3265 virge
633 3183 747 3263 spensa
765 3171 882 3240 Christi
899 3173 992 3240 castis
1011 3185 1044 3238 st
1061 3195 1118 3262 pu-

68 3284 142 3350 dicis
157 3289 347 3376 virginibus
362 3285 469 3361 fleret.
487 3286 603 3374 quibus
618 3305 692 3348 vera
708 3281 909 3347 circumcisio
920 3282 1024 3350 curnis
1040 3305 1119 3370 prse-

72 3398 143 3481 putii
165 3397 254 3464 secte
274 3407 344 3471 est,
361 3407 394 3460 et
414 3417 487 3460 vere
504 3403 730 3460 testamcutum
750 3389 821 3466 Dei,
842 3401 874 3454 ct
892 3400 1118 3458 testamentum

78 3515 221 3572 eremum
239 3507 276 3572 in
296 3515 456 3570 aternum
471 3504 503 3569 in
515 3525 628 3568 eorum
644 3499 831 3566 circumciso
848 3521 943 3564 cerne
963 3513 1115 3566 serretur.

73 3609 221 3702 Superest
237 3614 342 3680 nobis
356 3613 453 3678 etiam
472 3612 635 3700 designare
657 3607 933 3676 circumcisionem
948 3610 1064 3676 cerdis.
1085 3609 1120 3674 si

70 3722 138 3808 quis
155 3735 205 3787 est
222 3723 285 3810 qui
304 3721 465 3786 obscoenis
481 3719 645 3786 desideriis
661 3729 693 3784 et
708 3717 799 3784 loeslis
815 3717 1041 3804 cupiditatibus
1058 3739 1120 3781 ‹es-

72 3843 153 3904 tuut.
168 3845 214 3908 et,
237 3845 278 3898 ut
310 3831 450 3896 breviter
471 3830 586 3904 dicum,
605 3831 658 3915 qui
684 3826 862 3891 moechutur
882 3824 913 3890 in
932 3825 1046 3896 corde-3
1065 3825 1120 3891 hic
1223 3913 1226 3918 Ι

8 4015 9 4026 ¹
105 3959 113 3992 ¹
128 3959 191 4011 l’sol.
202 3978 261 4028 css,
275 3963 343 4011 5.-
356 3959 367 3993 ²
385 3961 447 4009 Psal.
461 3975 537 4017 mu,
549 3977 571 4022 7.

206 4072 252 4113 ιχ,
948 4061 964 4104 9.
