2682 4594
162 225 170 238 ·
221 195 285 272 ΜΒ
506 263 508 268 ,
666 217 808 260 oniensis

214 361 227 422 r
235 332 346 422 plenos
355 379 357 382 -
366 334 500 409 invidio,
513 333 692 399 homicidiis
703 382 712 409 ,
725 334 948 412 contentione,
965 335 1058 412 dolo,
1075 349 1246 404 susurrato-

180 489 185 494 .
212 466 305 519 ares,
322 443 534 518 detractores,
556 444 624 508 Deo
637 441 790 519 odibiles,
804 444 1069 523 contumeliosos„
1081 448 1247 536 superbos,

218 549 338 618 »elatos
349 552 381 628 ¹,
399 581 412 612 s
433 563 466 618 et
480 563 591 620 erotem
610 551 794 642 hujusmodi
809 551 892 620 molo
907 576 965 644 pro
982 554 1096 642 quibus
1115 549 1148 620 et
1162 555 1249 622 dere·

213 635 312 746 linqui
325 671 520 727 meruerunt.
541 654 620 740 Quae
636 659 787 746 quoniam
805 658 906 726 alieno
925 673 1029 728 sunta
1047 662 1151 750 justo,
1161 685 1249 751 prop

201 775 301 829 terea
316 765 411 844 dicit,
427 765 499 852 quia
518 787 606 830 «uon
623 765 685 832 vidi
704 767 823 866 justum
840 763 1050 844 derelictum,
1066 791 1127 837 neo
1145 791 1250 838 semen

214 874 306 960 »ejus
319 897 461 964 quaerens
476 896 601 962 punem.
618 874 766 943 »lterum
782 876 807 942 si
824 876 912 943 audis
925 900 1035 944 semen
1045 879 1136 966 ejus,
1152 877 1194 945 ad
1208 901 1250 944 so

213 1001 287 1046 men
302 1002 492 1069 corporeum
510 980 669 1046 rediturus
681 1005 714 1046 es
725 981 739 1046 ἱ)
752 984 792 1046 Et
807 985 972 1072 quomodo
984 1007 1097 1052 verum
1113 985 1250 1052 invenies

214 1081 277 1148 hoc
299 1083 386 1170 quod
406 1107 514 1150 semen
532 1083 608 1172 justi
630 1108 696 1153 non
719 1098 840 1173 quaerot
857 1110 974 1175 pones,
989 1111 1066 1156 cum
1085 1089 1192 1156 videos
1211 1091 1251 1154 ls

211 1188 293 1255 muel
312 1189 402 1260 illum
422 1191 460 1255 de
484 1191 605 1259 semine
620 1203 732 1259 notum
746 1191 903 1268 Ahrohae,
919 1195 1037 1283 quique
1063 1218 1138 1261 eum
1154 1207 1252 1262 mater

210 1299 279 1386 ejus
290 1299 413 1390 fugiens
428 1299 591 1400 dominam
603 1326 693 1368 suam
706 1303 816 1372 Soram
828 1319 970 1394 portaret
980 1331 1054 1378 eum
1065 1311 1100 1376 in
1112 1311 1251 1382 deserto.

209 1416 241 1466 et
261 1427 374 1492 aquam
401 1407 510 1492 utique
525 1407 687 1494 quaerebnt
702 1421 733 1472 et
748 1410 888 1498 panes²?
913 1413 977 1480 Sed
999 1426 1032 1482 et
1048 1417 1132 1484 Esaii
1149 1417 1189 1482 de
1208 1420 1252 1486 ria

210 1511 342 1600 veniens
361 1509 529 1580 deficiebat
545 1512 668 1597 inedie,
685 1527 717 1579 et
731 1516 891 1586 intantum
906 1519 997 1592 famis
1012 1523 1099 1590 rubie
1108 1527 1251 1616 praeeipi

212 1628 295 1682 tatus
307 1629 374 1694 est,
387 1631 423 1684 ut
437 1621 591 1708 primatus
608 1645 680 1686 suos
695 1619 787 1691 lentis
803 1624 876 1689 cibo
889 1626 1068 1694 distraxerit
1078 1630 1101 1694 ³.
1118 1631 1251 1720 Oportet

211 1746 289 1812 ergo
311 1748 369 1789 nos
391 1727 566 1793 secuudum
585 1738 621 1793 eo
638 1753 708 1820 quae
729 1753 824 1818 supra
846 1732 983 1799 diximus
1000 1785 1008 1808 ‚
1028 1737 1125 1804 etiam
1144 1762 1248 1806 semen

210 1830 286 1916 justi
298 1829 472 1920 intelligere
488 1832 637 1926 spiritale.
656 1837 695 1900 Et
707 1837 784 1926 quid
799 1837 885 1903 uliud
900 1864 1011 1908 semen
1027 1844 1104 1931 justi
1121 1846 1246 1936 dignum

210 1946 259 1997 est
270 1947 399 2022 poturo,
421 1936 479 2002 nisi
496 1938 685 2029 discipulum
698 1944 795 2031 justi.
812 1946 867 2033 qui
887 1961 1035 2038 suscepto
1054 1953 1148 2020 abeo
1164 1957 1244 2022 verbi

209 2040 267 2105 Dei
286 2041 423 2118 semine,
442 2044 481 2108 ad
493 2045 590 2111 vitam
598 2062 767 2136 generatur
783 2055 955 2120 aeternamt
970 2055 1069 2124 Verbi
1085 2061 1193 2148 gretia,
1210 2062 1238 2128 si

208 2146 403 2214 orationibus
418 2151 527 2215 vestris
550 2175 690 2220 mererer
706 2180 774 2222 esse
792 2159 913 2248 justus,
930 2175 963 2227 et
984 2165 1131 2258 recipere
1150 2167 1236 2234 eitr-

208 2251 297 2316 miuo
312 2255 445 2342 gretiam
465 2257 497 2322 in
511 2259 609 2324 verbo
622 2263 782 2354 sapientise
796 2278 829 2330 et
849 2268 1003 2348 scientiae,
1016 2273 1060 2340 ito
1073 2287 1109 2339 ut
1124 2299 1242 2364 possem

209 2360 386 2428 seeundum
401 2364 534 2452 gratiam
549 2391 646 2458 quom
661 2371 731 2460 ipse
748 2397 765 2437 a
780 2373 918 2446 Domino
938 2381 1147 2460 meruissem,
1162 2387 1247 2454 voltis

208 2490 334 2556 quoque
352 2470 532 2540 ministrare
552 2475 682 2543 verbum
703 2477 784 2554 Dei,
800 2492 833 2544 et
857 2504 961 2547 serere
983 2483 1063 2550 illud
1078 2488 1114 2552 in
1137 2491 1249 2556 animr-

207 2576 267 2641 hns
284 2577 392 2642 vestris
408 2602 416 2643 τ
433 2590 503 2644 tum
518 2579 632 2648 deinde
644 2583 801 2674 ingressus
814 2611 918 2655 sermo
930 2590 987 2656 Dei
1000 2593 1033 2658 in
1045 2595 1172 2663 animos
1184 2621 1248 2664 res-

209 2695 301 2762 tras,
325 2696 357 2749 et
377 2685 501 2753 haerens
522 2690 554 2753 in
574 2689 670 2756 corde
686 2706 791 2762 restro
811 2695 962 2764 formaret
981 2714 1107 2768 mentes
1132 2719 1247 2772 vestras

161 2819 170 2832 ·
210 2791 385 2858 secu-udum
404 2795 540 2886 speciem
559 2797 646 2863 verbi
658 2799 774 2887 ipsius,
797 2801 829 2867 id
852 2817 918 2884 est,
935 2818 970 2871 ut
983 2807 1047 2874 hoo
1059 2810 1205 2890 velletis,
1218 2827 1247 2880 et
1328 2873 1329 2882 ,

209 2899 270 2964 hoc
286 2901 419 2988 egeretis
431 2903 517 2991 quod
533 2905 666 2975 verbum
681 2907 739 2972 Dei
758 2907 840 2986 vult,
857 2924 889 2976 et
903 2936 960 3001 per
974 2903 1038 2980 hoc
1058 2916 1130 3005 ipse
1146 2921 1247 2986 Chris

205 3017 256 3070 tus
268 3001 459 3074 formaretur
470 3010 502 3082 in
514 3010 603 3078 vobis
618 3035 626 3079 ε
645 3024 723 3080 tune
734 3037 807 3081 vere
818 3015 1024 3090 efficeremini
1037 3019 1244 3115 semeu'justi,

204 3113 290 3202 quod
306 3138 370 3179 non
386 3116 497 3204 quaerit
512 3141 647 3205 ponem,
662 3119 816 3188 habentes
832 3125 953 3192 seilicet
965 3127 997 3193 in
1014 3131 1105 3197 vobis
1121 3156 1245 3226 semper

203 3245 318 3310 penem
336 3219 425 3287 illum
449 3225 502 3310 qui
519 3221 559 3289 de
583 3225 664 3294 eoelo
686 3225 858 3297 deseendit.
884 3235 979 3318 Quod
1002 3235 1027 3300 si
1051 3243 1244 3330 respondeas

202 3327 299 3402 mihi,
319 3341 351 3392 et
371 3327 455 3394 dions
470 3353 478 3398 t
496 3333 605 3418 quanti
627 3333 794 3408 audierunt
808 3337 937 3405 Petrum
961 3355 994 3406 et
1011 3340 1169 3426 Paulum,
1192 3350 1244 3438 qui

206 3436 314 3522 utiquo
329 3449 418 3500 erunt
429 3438 592 3524 justissimi
607 3441 770 3521 doctores,
788 3457 819 3510 et
835 3458 941 3516 tumen
959 3469 1197 3538 peccaverunt,
1211 3471 1242 3522 et

204 3543 366 3632 quomodo
381 3568 457 3638 ergo
472 3569 580 3613 semen
591 3549 667 3637 justi
680 3548 847 3618 dicentur?
858 3555 922 3622 Sed
934 3557 1005 3624 vide
1014 3583 1055 3626 ue
1067 3559 1153 3629 forte
1165 3565 1242 3632 siout

1324 2983 1329 3098 t

1323 3113 1329 3304 t

202 3675 266 3718 non
282 3675 392 3717 omnes
410 3653 463 3740 qui
481 3677 520 3720 ex
541 3656 701 3726 Abraham
722 3673 814 3738 sunt,
836 3663 932 3731 etiem
949 3689 1059 3734 semen
1082 3671 1239 3742 Abraham
1328 3721 1329 3748 ;

239 3801 333 3856 tuom.
347 3816 372 3863 r,
387 3800 427 3852 28.
438 3829 470 3840 -
482 3798 493 3832 ²
503 3805 565 3852 Gon.
576 3821 632 3894 151.
644 3832 677 3842 —
690 3802 748 3856 ³Id.
763 3825 825 3860 xxv.

1324 3785 1329 3878 4

1324 3963 1329 4070 t
