2744 4600
249 253 311 336 490
691 272 833 316 onrcnnls

1358 273 1362 346 t

250 418 263 450 ι
280 392 308 455 ei
328 389 453 466 fratres,
473 377 587 457 dabitis
605 391 823 457 hereditatem
840 389 928 455 fratri
944 389 1041 477 petris
1056 389 1134 475 ejus.
1152 387 1290 468 Quodsi
1361 417 1362 420 ¹

251 530 264 560 ι
280 525 343 567 non
358 501 476 566 fuerint
487 502 515 566 ei
527 502 637 566 frotres
652 502 749 590 putris
765 503 847 589 ejus,
865 500 980 566 dabitis
996 499 1215 564 hoereditatem
1233 499 1286 564 do

184 672 191 682 ,
252 611 410 678 »ωθειίοο
429 611 483 700 qui
500 611 600 678 fuerit,
608 612 817 700 propinquior
836 608 879 676 illi
892 635 932 676 ex
949 611 1035 675 tribu
1051 633 1121 685 sus,
1132 622 1168 674 et
1182 610 1285 696 capiet

253 749 265 780 ι
281 720 499 786 hereditatem
511 722 591 810 ejus.
605 723 646 787 Et
657 721 719 786 erit
729 720 792 787 hoc
804 718 875 786 filiis
892 717 988 785 Isrndl
1004 717 1190 806 justificatio
1207 719 1286 804 judi-

251 857 263 889 »
281 830 334 906 cii,
348 829 430 895 sicut
442 830 605 896 constitnit
616 830 771 896 Dominus
783 829 883 917 Moysi
893 829 915 892 ¹.
928 830 1024 895 »Haec
1035 829 1218 894 secundum
1229 827 1285 892 hie

252 939 365 1004 toriam
379 939 456 1026 quid
470 941 583 1029 rigoris
596 939 749 1016 habeant,
761 940 910 1005 omnihus
926 937 1031 1027 poium
1046 951 1094 1003 est
1110 939 1166 1025 qui
1184 939 1285 1002 sciunt

252 1046 335 1135 logos
346 1048 420 1112 istas
438 1071 502 1114 non
519 1047 621 1114 solum
637 1048 720 1137 opud
736 1046 817 1114 filios
835 1046 932 1113 Isrndl
951 1047 1116 1123 custodiri,
1128 1048 1189 1112 sed
1203 1047 1284 1134 apud

252 1179 362 1222 omnes
384 1158 542 1234 hominos,
562 1158 616 1246 qui
638 1170 746 1224 tomen
764 1154 887 1246 legibus
907 1157 1026 1222 vivunt.
1044 1155 1134 1220 Unde
1154 1167 1284 1244 apparet

251 1266 338 1354 quod
356 1265 484 1333 libertos
503 1267 640 1334 filiorum
657 1267 808 1355 Saiphont
830 1290 894 1332 non
917 1264 1018 1331 solum
1035 1266 1108 1354 ipsis
1123 1264 1285 1330 haeredite

247 1387 315 1440 'tem
327 1375 509 1452 contulerit,
523 1378 578 1442 sed
590 1388 623 1442 et
634 1389 786 1465 perpetue
800 1374 924 1440 vivendi
936 1375 1005 1463 jura
1019 1371 1135 1440 saeculo
1147 1373 1280 1438 dederit.

250 1478 344 1550 Vides
364 1498 480 1573 quantu
499 1486 540 1550 sit
557 1487 654 1551 etiam
673 1485 812 1550 historiae
829 1484 929 1572 ipsius
946 1481 1062 1546 utilitas
1077 1481 1111 1546 in
1127 1479 1199 1569 lege
1216 1481 1284 1546 Dei.

252 1593 332 1672 Quis
352 1607 457 1682 potest
478 1591 562 1682 leges
586 1595 660 1660 istos
683 1593 853 1680 aliquando
873 1589 1055 1665 dissolvere,
1076 1591 1195 1677 quibus
1218 1591 1286 1654 uni·

250 1725 357 1769 versus
373 1703 472 1766 utitur
486 1703 650 1768 mundusi
652 1751 720 1769 .....

294 1812 369 1877 Post
381 1810 466 1877 haec²
478 1811 607 1876 historie
621 1813 769 1888 refertur,
783 1813 1006 1904 etnnorrntione
1018 1808 1189 1884 mirabilis,
1199 1823 1231 1875 et
1245 1812 1288 1874 in-

252 1916 381 1984 tellectu
397 1919 575 2009 magnifico.
595 1921 729 1986 Ponitur
744 1923 830 1987 enim
845 1921 1005 2008 quomodo
1021 1919 1107 1984 Deus
1120 1918 1238 1984 dixerit
1250 1919 1286 1984 od

251 2027 381 2114 Moysen
400 2039 433 2091 ut
448 2029 633 2094 ascenderet
650 2031 681 2094 in
702 2041 859 2106 montem,
874 2043 907 2095 et
928 2029 1002 2095 inde
1023 2052 1098 2095 cum
1115 2030 1289 2118 prospexis-

251 2147 311 2210 set,
327 2149 360 2200 et
380 2137 512 2202 intuitus
531 2138 641 2204 fuisset
665 2163 794 2205 omnem
812 2154 931 2206 terrem
954 2139 1227 2228 repromissionis,
1247 2137 1287 2202 ihi

252 2243 486 2334 defungeretur.
511 2247 575 2313 Sed
597 2247 649 2313 ille
669 2250 723 2335 qui
745 2247 852 2338 popuii
875 2272 984 2316 euram
1005 2249 1104 2336 mngis
1123 2270 1223 2336 quem
1244 2247 1289 2312 sui

250 2369 386 2444 gereret,
402 2370 472 2423 oret
487 2359 527 2424 od
543 2358 647 2424 Deum
665 2371 700 2424 ut
716 2360 879 2448 provideat
893 2359 1057 2425 hominem
1067 2359 1123 2447 qui
1135 2372 1228 2447 regat
1239 2381 1292 2447 po-

251 2465 364 2554 pulum
378 2466 475 2533 Israel
488 2490 496 2532 ε
510 2495 522 2528 ι
535 2469 581 2534 Ne
600 2469 668 2545 fiat,
687 2472 810 2556 inquit,
833 2493 990 2559 synagoge
1013 2470 1082 2534 haec
1109 2469 1195 2534 sicut
1217 2491 1291 2534 oves

251 2576 392 2663 »quibus
412 2589 540 2641 nonest
555 2577 696 2664 pastor⁸.
713 2576 815 2644 »Vide
835 2600 911 2665 ergo
929 2577 1196 2666 primoomnium
1212 2601 1293 2664 quo-

251 2684 347 2750 modo
363 2685 417 2771 qui
432 2685 592 2773 perfectus
608 2699 642 2751 et
655 2689 768 2752 beatus
785 2699 845 2763 est,
862 2710 926 2752 non
944 2687 976 2750 in
994 2685 1085 2760 vnfle,
1102 2707 1163 2752 nec
1183 2688 1216 2752 in
1234 2685 1292 2751 afi-

251 2816 313 2879 quo
325 2806 416 2859 terrac
428 2793 570 2882 planitie,
589 2809 644 2860 out
658 2797 693 2888 in
706 2796 788 2862 colle
803 2794 922 2884 aliquo,
936 2796 991 2861 sed
1003 2796 1172 2870 in'monte,
1186 2796 1219 2861 id
1231 2807 1295 2870 est,

252 2901 283 2966 in
295 2899 360 2966 alto
372 2913 403 2966 et
415 2903 447 2967 in
463 2905 563 2969 arduo
575 2903 758 2993 defungitur
773 2904 855 2970 ioco.
875 2904 954 2970 Vitae
970 2927 1108 2991 nomque
1124 2905 1197 2992 ejus
1212 2927 1295 2970 con·

253 3011 422 3076 summotio
438 3025 470 3077 et
484 3013 636 3101 perfectio
656 3014 835 3079 hebebatur
854 3013 886 3078 in
902 3011 1037 3080 excelso.
1064 3011 1129 3077 Sed
1142 3025 1177 3075 et
1193 3010 1296 3078 oculis

252 3119 316 3184 suis
331 3124 474 3188 contueri
489 3125 621 3212 jubetur
635 3147 766 3191 omnem
782 3137 900 3189 terrem
916 3121 1185 3213 repromissionis,
1199 3136 1235 3189 et
1251 3124 1296 3189 di·

253 3228 386 3317 ligenter
400 3254 439 3296 en
455 3227 606 3299 eminenti
623 3234 759 3300 statione
776 3245 891 3299 cuncte
905 3232 1096 3322 perspicere.
1112 3231 1296 3320 Oportebat

252 3339 337 3403 enim
358 3365 515 3408 summam
532 3343 735 3431 perfectionis
757 3356 969 3409 consecuturo
989 3339 1066 3407 nihii
1092 3342 1298 3431 incognitum

252 3471 428 3527 remanere,
439 3451 494 3516 sed
507 3467 697 3519 cunctorum
710 3478 780 3542 quae
793 3454 979 3519 ridenturet
989 3451 1164 3516 audiuntur
1174 3451 1298 3518 habere

252 3560 408 3637 notitiam,
425 3564 465 3627 ob
488 3562 563 3639 hoc,
580 3565 690 3658 credo,
706 3579 741 3630 ut
758 3565 901 3631 omnium
924 3585 994 3652 queo
1009 3562 1041 3628 in
1060 3585 1157 3628 cerno
1171 3564 1300 3650 positus

284 3754 289 3783 ¹
306 3755 382 3804 Num.
397 3773 475 3816 xxvii,
490 3777 513 3822 7,
527 3759 553 3818 8,
565 3776 591 3823 9,
606 3776 642 3816 ro,
660 3777 696 3807 rr.

284 3825 336 3876 ²N.
349 3829 373 3888 ³,
385 3828 409 3886 d.
422 3845 447 3893 p.
458 3831 517 3889 3⁵5,
529 3831 584 3882 356.

279 3901 380 3953 tltum.
395 3919 473 3961 urii,
492 3920 527 3969 ¹7·
