2744 4600
358 283 388 327 ru
414 283 553 332 uuunms
576 283 704 328 nourars
728 285 809 346 qur.
1038 268 1101 352 deq

71 400 255 476 exereitum,
274 411 307 464 et
327 421 385 487 pro
402 400 484 464 bene
498 400 593 487 gestis
607 400 703 466 rebus
718 423 851 467 munera
865 401 1003 468 offerunt
1019 403 1100 479 Deo,

1 571 3 580 ,
73 511 208 576 dicentes
232 532 241 572 τ
261 508 324 573 Nos
343 508 434 595 pueri
459 509 503 570 tui
522 531 644 582 sumus,
669 509 722 595 qui
743 510 924 598 accepimus
943 535 1101 578 summam

72 617 259 684 bellatorum
273 615 413 682 liliorum
424 615 532 681 lsrael.
552 617 669 684 Dieunt
686 629 790 684 autem
804 641 962 686 summam
973 621 1103 687 bellate·

1 706 6 726 ¹
74 751 145 794 rum
158 725 283 791 illorum
292 723 462 790 duodecim
475 723 572 790 millia
585 725 725 792 virorum
733 727 787 813 qui
799 726 892 793 eleeti
904 739 979 794 sunt
990 753 1029 795 ex
1037 752 1102 795 om·

1 831 6 878 ¹.
74 838 168 902 nibus
183 836 327 901 tribubus
343 832 454 909 lsrael,
470 844 505 897 ut
519 833 729 921 confligerent
743 834 895 900 adsersus
906 835 1102 902 Madianitas,

1 933 6 1026 ‚⁸
76 943 158 1009 Sunt
173 965 247 1031 orgo
262 943 294 1008 in
310 939 427 1030 populo
444 941 501 1006 Dei
520 939 689 1007 bellatores
705 941 810 1018 multi,
830 956 904 1010 sunt
917 958 949 1010 et
961 945 1104 1012 imbelles

4 1051 5 1056 ’
73 1053 199 1142 plurimi
219 1063 277 1116 :et
295 1074 404 1116 rursus
420 1050 503 1114 inter
518 1049 685 1116 bellatores
703 1063 778 1117 sunt
789 1053 918 1138 quidam
929 1055 984 1141 qui
1000 1055 1106 1143 appel-

71 1163 179 1229 lantur
193 1183 319 1226 summa
332 1157 535 1230 bellatorum,
553 1159 778 1227 eminentiores
800 1161 867 1226 sine
886 1163 983 1229 dubio
999 1164 1035 1228 iis
1050 1165 1104 1250 qui

0 1271 2 1278 ’
71 1271 239 1340 bellatores
260 1271 421 1346 dicuntur,
440 1269 522 1334 siout
544 1282 576 1332 et
594 1269 819 1336 eminentiores
840 1273 972 1337 suntab
995 1273 1105 1338 imbel-

72 1380 156 1449 libus
174 1379 353 1446 bellatores.
376 1381 416 1444 Et
436 1401 545 1444 rursus
562 1390 636 1444 sunt
655 1377 751 1466 aliqui
766 1378 913 1446 celsiores
930 1383 969 1446 ab
995 1383 1031 1447 iis
1050 1385 1106 1470 qui

0 1567 1 1570 Ἴ
72 1512 200 1554 summa
210 1487 398 1554 bellatorum
411 1486 487 1552 dieti
504 1498 578 1550 sunt
592 1509 600 1550 ε
615 1487 636 1550 ii
652 1486 773 1554 seilicet
787 1487 841 1575 qui
857 1491 1019 1556 constituti
1033 1505 1108 1557 sunt

1 1603 3 1614 '
71 1621 172 1686 super
186 1619 240 1662 eos
253 1597 423 1685 principes,
443 1607 476 1660 et
498 1593 619 1682 praelati
634 1595 763 1684 singulis
779 1597 955 1684 quibusque
967 1597 1106 1666 millibus

72 1707 264 1773 electorum.
282 1707 338 1770 Est
353 1727 429 1793 ergo
444 1702 542 1768 multa
560 1704 721 1770 diversitas
743 1707 774 1770 in
791 1729 830 1772 eo
845 1707 956 1772 ordine
972 1710 1025 1795 qui
1042 1707 1108 1774 bel-

69 1816 189 1882 latores
211 1812 421 1902 appellantur.
441 1811 504 1878 Sed
526 1824 558 1876 et
577 1812 659 1876 inter
677 1813 760 1901 ipsos
780 1811 935 1890 imbelles,
955 1825 1003 1879 est
1021 1815 1107 1881 nihi-

67 1924 213 1990 lominus
226 1920 331 2008 aliqua
347 1920 535 1986 differentia.
558 1919 625 2030 Nee
644 1920 702 2009 ipsi
718 1921 803 1986 euim
818 1921 981 2009 equaliter
995 1937 1028 1988 et
1043 1947 1107 1990 uno

67 2027 521 2118 ordineomnesappellantur
536 2026 689 2094 imbelles.
714 2029 853 2107 Quidam
874 2033 959 2097 enirn
984 2032 1025 2096 ita
1051 2034 1108 2099 im-

64 2140 176 2208 belles
190 2153 276 2216 sunt,
297 2152 332 2204 ut
346 2161 511 2226 nunquam
526 2138 647 2226 possint
667 2137 735 2204 lieri
750 2137 931 2215 bellatores,
948 2153 984 2205 ut
998 2155 1046 2206 ost
1057 2165 1107 2206 so-

63 2251 152 2322 nilis
163 2263 250 2326 aetas,
262 2261 294 2314 et
304 2250 405 2314 omnis
418 2248 584 2313 loemineus
596 2271 700 2321 sexus,
714 2247 769 2312 sed
781 2259 813 2313 et
824 2249 963 2314 eonditio
975 2248 1105 2314 servilis.

60 2357 214 2430 Puerilis
230 2379 300 2424 sero
311 2370 384 2423 aetas
402 2358 445 2423 ita
461 2353 596 2420 imbellis
610 2365 671 2430 est,
687 2366 721 2419 ut
731 2377 820 2442 spem
836 2368 924 2443 gerat
940 2354 1108 2444 aliqnando

1 2497 10 2558 ρ
53 2471 145 2542 fieri
160 2466 320 2544 bellatrix,
337 2466 458 2534 seilicet
473 2488 548 2532 eum
567 2465 742 2530 occurrerit
753 2465 786 2529 in
800 2465 902 2530 virum
917 2465 1107 2553 perlectum,

1 2591 7 2614 ²
51 2585 100 2648 in
127 2600 314 2646 mensuram
336 2575 453 2648 aetatis3
486 2585 562 2639 tuno
585 2595 650 2637 non
677 2570 779 2638 solum
803 2570 969 2638 bellatores
985 2573 1054 2640 fieri
1069 2599 1110 2640 ex

1 2723 3 2748 r
44 2687 197 2783 pueris,
213 2686 312 2752 sedet
327 2686 360 2750 in
376 2705 531 2750 summam
548 2680 739 2748 bellatorum
756 2682 861 2746 venire
877 2705 909 2748 se
925 2693 1064 2771 sperant,
1077 2695 1111 2748 et

11 2835 15 2844 ·
45 2823 143 2868 esse
162 2795 271 2871 electi,
294 2806 326 2860 et
346 2793 380 2858 in
399 2791 568 2858 duodecim
592 2790 731 2856 millibus
750 2791 922 2867 numerari,
943 2791 993 2856 vel
1014 2793 1110 2859 etiam

4 2953 10 2964 2
38 2907 233 3004 praeferri,
245 2916 277 2969 et
292 2927 360 2970 esse
376 2903 536 2991 principes
553 2899 739 2968 electorum.

5 3045 15 3081 .·
110 3017 162 3084 ll.
185 3012 359 3079 Considera
377 3033 464 3076 nuno
480 3009 643 3098 presentis
655 3007 760 3074 saeouli
777 3020 906 3085 statum,
919 3023 951 3075 et
962 3012 1032 3079 vide
1046 3035 1111 3091 om-

1 3185 13 3198 ,
32 3132 120 3200 nia
143 3120 239 3192 bellis
254 3119 389 3209 repleto,
403 3140 596 3204 omnemque
607 3117 779 3183 humanam
791 3118 887 3182 vitam
905 3119 1112 3188 invisibilibus

9 3211 192 3335 vpraeliis
205 3244 236 3297 et
252 3228 542 3318 impugnationibus
560 3226 741 3292 daemonum
754 3228 933 3322 perurgeri3
948 3230 980 3294 in
995 3231 1112 3320 populo

9 3367 153 3418 'vero
168 3341 232 3406 Dei
243 3363 309 3404 esse
324 3337 478 3425 quosdam
494 3335 536 3400 ita
549 3337 695 3402 robustos
710 3335 788 3411 fide,
804 3348 1004 3425 armatosque
1021 3341 1113 3406 virtu·

7 3461 102 3530 ,fib
111 3473 181 3524 us,
203 3458 237 3510 nt
252 3447 417 3512 adversum
434 3444 618 3531 hujusmodi
634 3444 741 3510 hostes
756 3445 897 3530 quotidie
917 3445 999 3511 bella
1015 3449 1114 3515 confi-

48 3569 181 3636 ianr,
199 3567 232 3619 et
247 3577 370 3642 semper
386 3555 418 3618 in
434 3553 603 3642 procinctu
615 3551 709 3640 positi
724 3575 789 3618 non
804 3551 1113 3644 solum'semetipsos,

12 3717 31 3743 2,
45 3712 51 3721 -
68 3675 107 3744 d
125 3677 276 3736 caeteros
287 3664 341 3752 qui
353 3661 402 3730 vel
414 3687 471 3751 per
482 3685 604 3736 sexum,
618 3658 666 3726 vel
678 3683 735 3749 per
747 3662 1008 3752 aetatem,velper
1022 3669 1115 3731 serri-

28 3786 141 3862 utis
162 3775 386 3845 conditionem
403 3795 544 3863 pugnare
559 3793 624 3838 non
640 3782 784 3860 possunt,
797 3772 836 3836 ab
852 3772 990 3838 hostium
1007 3785 1114 3840 tuean-

6 3925 93 3976 ειη·
112 3886 278 3964 insidiis,
294 3886 392 3952 verbo
408 3883 560 3950 doetrinae
576 3905 644 3960 eos,
661 3880 869 3971 exemploque
885 3882 967 3956 vitae,
983 3887 1015 3946 et
1026 3907 1116 3950 com·

229 4017 274 4060 rx.
942 3992 983 4070 dl
