2702 4610
380 341 413 382 nt·
438 339 563 382 nxonuu
585 337 714 392 nontam
740 340 808 382 viu.
929 321 933 328 '
1042 318 1101 396 145

69 463 176 537 dibus,
193 460 317 526 etiamsi
331 458 453 546 virgam
470 468 577 523 teneas
592 459 624 521 iu
638 479 748 532 manu,
761 469 793 521 et
808 457 906 522 azima
925 479 999 521 curn
1016 479 1103 522 arna-

69 571 212 636 ritudiae
223 569 379 634 eomedas.
394 567 436 631 Et
451 565 526 653 quid
542 567 613 632 dieo
629 567 661 631 in
676 565 814 654 AEgypto
832 566 952 653 positus
968 565 1036 632 haee
1051 590 1103 631 au-

72 681 142 747 dire
162 703 227 748 non
246 677 390 768 poteras?
407 676 473 743 Sed
491 701 533 743 ne
551 679 626 743 inde
645 679 773 765 quidem
786 677 947 766 profectus
959 677 991 742 in
1004 680 1105 766 prima

79 791 186 856 statim
200 790 355 857 mansione
375 788 445 854 haec
462 789 574 853 audire
590 789 732 877 potuisti,
754 811 815 853 nec
830 789 861 853 iu
876 788 1029 863 secunda,
1047 812 1106 854 nee

81 901 114 965 ia
131 899 229 977 tertia,
241 923 299 965 nec
313 921 389 964 cum
406 899 554 963 transires
563 897 708 962 Rubrum
725 919 825 971 usare,
838 897 961 962 etiamsi
977 897 1017 961 ad
1027 896 1107 962 Mer-

84 1013 170 1078 rbam
183 1012 313 1086 veneris,
331 1022 363 1074 et
378 1009 475 1076 luerit
489 1010 532 1075 ibi
548 1009 727 1075 amaritudo
744 1010 775 1073 in
791 1007 1106 1085 dulcedinemversa,

80 1122 194 1186 etiamsi
212 1123 244 1185 in
265 1119 370 1184 llelim
387 1119 511 1184 veneris
536 1120 576 1184 ad
593 1119 763 1184 duodecim
783 1117 885 1183 sontes
905 1143 1058 1206 aquarum
1076 1131 1108 1184 et

77 1254 134 1296 axx
149 1233 279 1296 arbores
299 1229 493 1318 palmarum,
511 1228 632 1293 etiamsi
648 1227 817 1316 Raphidim
835 1227 1034 1314 prater-ieris,
1051 1252 1110 1293 οω-

74 1353 222 1428 torosque
242 1340 403 1428 proiectus
424 1339 632 1404 ascenderis:
659 1337 801 1402 nondum
824 1336 865 1400 ad
886 1336 1108 1423 hujuscemodi

81 1449 175 1514 rerba
202 1449 335 1513 idoneus
355 1448 518 1535 judicaris,
538 1446 595 1512 sed
616 1469 689 1512 cum
710 1445 891 1534 perveneris
910 1445 950 1509 ad
968 1458 1109 1511 montem

87 1557 173 1622 Sina.
187 1557 293 1623 blultis
306 1581 377 1646 ergo
393 1571 469 1622 ante
488 1555 650 1623 laboribus
665 1553 815 1643 peractis,
834 1551 941 1618 multis
961 1556 1110 1619 aerumnis

88 1679 118 1731 et
128 1667 347 1732 tentationibus
358 1667 526 1756 superatis,
537 1663 765 1752 vixaliquando
773 1662 945 1727 mereberis
955 1677 1112 1752 praecepta

84 1779 241 1867 suscipere
255 1777 422 1852 libertatis,
441 1788 473 1842 et
491 1777 601 1842 audire
621 1799 636 1839 a
660 1775 822 1841 Domino:
842 1801 854 1832 u
871 1773 937 1861 Ego
956 1796 1027 1838 sum
1048 1773 1114 1838 Do-

81 1916 94 1948 ·
109 1887 214 1953 minus
228 1888 315 1952 Deus
330 1898 418 1962 tuns,
432 1887 486 1974 qui
497 1884 590 1950 eduxi
610 1895 640 1948 to
655 1885 791 1948 deterre
807 1879 949 1970 AEgypti,
963 1881 1003 1946 de
1019 1881 1115 1946 domo

82 1997 308 2064 nserntntis.»
330 1995 451 2062 Verum
474 1994 527 2060 bic
555 2015 660 2059 sermo
684 1992 827 2057 nondum
848 2013 952 2054 sermo
974 1991 1116 2056 mandati

80 2119 140 2182 est,
156 2106 294 2194 sedquis
306 2106 346 2170 sit
361 2105 415 2193 qni
433 2104 564 2170 mandat
579 2101 727 2167 ostendit.
754 2101 846 2167 Nunc
860 2123 936 2190 ergo
953 2101 1116 2176 videamus

86 2214 163 2301 quid
177 2214 217 2281 sit
237 2214 362 2278 initium
378 2213 490 2278 decem
505 2209 728 2276 mendatorum
746 2210 837 2298 Legis
853 2233 860 2274 :
883 2222 915 2274 et
931 2209 956 2274 si
980 2231 1044 2274 non
1060 2233 1117 2275 oc-

94 2325 251 2388 currimus
269 2325 306 2388 ad
323 2323 444 2397 omnia,
461 2321 548 2386 initia
570 2317 681 2385 saltem
701 2332 797 2409 prout
820 2319 975 2385 Dominus
997 2319 1120 2384 dederit

90 2431 293 2521 explicemus.

129 2544 273 2609 Primum
295 2527 372 2632 ergo
395 2543 580 2607 mandatum
597 2556 671 2608 est:
698 2543 795 2609 «Non
817 2555 911 2609 erunt
928 2545 984 2610 tibi
1007 2544 1050 2609 dii
1072 2545 1122 2610 alii

83 2683 96 2716 ι
114 2667 234 2743 preater
250 2676 312 2718 me.
327 2682 341 2714 ι
358 2653 397 2716 Et
412 2664 485 2744 post
500 2654 561 2718 hoc
577 2654 739 2741 sequitur:
763 2653 858 2720 «Non
874 2652 969 2720 facies
984 2653 1041 2720 tibi
1059 2655 1124 2718 ido-

83 2792 98 2825 »
111 2763 197 2840 lum,
208 2787 314 2850 neque
327 2761 423 2827 ullam
435 2760 686 2838 similitudinem,
698 2785 907 2850 quecumque
920 2763 952 2827 in
964 2761 1046 2829 eoelo
1058 2788 1124 2828 sur-

83 2895 188 2939 »sum
204 2883 295 2947 sunt,
312 2883 344 2936 et
358 2893 567 2959 quaecumque
583 2873 615 2936 in
633 2883 715 2937 terra
731 2867 881 2937 deorsum
898 2885 984 2946 sunt,
996 2885 1028 2939 et
1041 2898 1123 2961 quae·

85 3014 96 3046 ι
115 3006 261 3072 cumque
273 2995 348 3048 sunt
359 2984 392 3048 iu
403 2983 493 3070 aquis
505 2983 616 3048 subtus
626 2994 742 3047 terram
750 3007 760 3055 ;
775 2993 807 3066 et
819 3005 882 3047 non
895 2983 1041 3049 adorabis
1057 2984 1124 3060 illa,

88 3125 101 3154 ι
117 3117 225 3184 neque
239 3092 325 3159 coles
338 3091 400 3157 illa.
415 3093 482 3180 Ego
494 3094 579 3158 euim
593 3115 663 3158 sum
676 3092 830 3158 Dominus
843 3093 929 3158 Dens
942 3105 1027 3169 tuus,
1040 3096 1126 3160 Deus

92 3231 104 3262 ι
119 3199 244 3277 zelans,
261 3201 316 3288 qui
331 3199 432 3265 reddo
448 3210 577 3286 peccata
594 3213 722 3287 patrum
738 3201 770 3264 in
785 3199 878 3276 filios,
896 3202 928 3266 in
948 3203 1074 3268 tertiam
1094 3215 1126 3268 et

96 3341 107 3372 ι
122 3323 270 3399 quartam
286 3308 471 3398 progeniem
493 3309 529 3372 iis
545 3308 599 3395 qui
616 3308 752 3373 oderunt
770 3332 835 3384 me,
851 3322 883 3374 et
898 3310 1015 3376 luciane
1030 3311 1128 3390 mise·

102 3420 298 3486 nteordiam
319 3419 351 3483 in
375 3416 484 3492 millia,
501 3417 537 3482 iis
560 3419 614 3504 qui
637 3417 771 3507 diligunt
794 3442 845 3482 mo
868 3432 900 3486 et
927 3422 979 3507 qui
1003 3435 1130 3488 serrant

108 3543 281 3616 »precepta
305 3524 408 3590 mea'.
427 3553 501 3590 »....
521 3523 591 3589 Tibi
611 3547 699 3612 ergo,
717 3549 735 3588 o
753 3524 887 3613 populus
909 3550 998 3592 meus
1019 3529 1130 3605 lsrael,

104 3637 154 3724 qui
168 3663 237 3726 pars
253 3637 313 3703 Dei
329 3659 377 3711 es,
394 3636 448 3724 qui
468 3635 626 3702 funiculus
641 3634 830 3702 baereditatis
851 3617 920 3726 ejus
935 3637 1067 3705 effeetus
1082 3627 1129 3716 es,

109 3773 192 3816 «non
213 3761 323 3820 eruut,
338 3748 462 3834 inqru't,
479 3744 531 3810 alii
555 3745 597 3811 dii
614 3759 727 3834 praeter
750 3771 801 3812 ure
817 3771 824 3811 ε
841 3749 938 3835 »quia
960 3773 1030 3814 vere
1046 3751 1133 3816 Deus
1175 3767 1177 3778 '

103 3883 180 3924 ursus
195 3873 241 3923 est
256 3859 359 3930 Deus,
372 3868 403 3922 et
420 3879 491 3922 tere
506 3856 660 3921 Dominus
681 3881 761 3922 unus
778 3869 826 3922 est
841 3857 1047 3924 Dominus...
1067 3859 1130 3926 Ve-

137 3982 144 4013 ¹
156 3983 232 4034 Exotl.
246 3985 320 4045 xx‚5‚
332 3985 356 4043 4,
369 3985 392 4042 5,
403 3983 428 4032 6.
