2706 4624
346 260 828 446 'numurus
1136 487 1140 495 ἱ

203 620 332 796 ru
399 613 1018 794 Numeros
1152 533 1154 543 ‘

470 949 747 1038 HOMILIAE.

113 1205 1123 1256 »bubbwbbamnmudfffflssmffld

189 1417 673 1529 rrouoousnurrur
699 1415 1052 1520 rururrrurrs

452 1637 506 1692 AD
534 1635 761 1692 Uttsaclunt
776 1645 808 1690 ¹:

419 1804 809 1858 ..ζώω-...-

146 1996 185 2052 Ut
198 1991 293 2050 verbis
311 1989 376 2062 tibi,
398 1990 497 2062 irater,
512 1987 589 2047 beati
608 1989 745 2066 martyris
764 1989 876 2067 loquar,
897 1987 965 2046 dene
979 1989 1125 2056 admones,

110 2085 218 2138 Donate
229 2081 399 2138 ciorurime.
410 2081 484 2136 Nam
496 2089 524 2136 et
537 2077 703 2154 promisisse
716 2096 763 2135 me
773 2077 898 2147 memini,
909 2088 941 2134 ut
947 2119 956 2149 ‚
966 2076 989 2134 si
997 2095 1062 2153 quae
1071 2076 1128 2134 sint

111 2168 269 2226 Adamantii
280 2169 352 2226 senis
365 2169 394 2226 in
407 2167 499 2246 legem
511 2167 607 2243 Moysi
621 2166 696 2225 dicta
710 2166 884 2244 colligerem,
897 2179 981 2244 atque
993 2186 1027 2224 ea
1038 2166 1128 2225 latino

114 2275 244 2314 sermone
264 2258 366 2315 nostris
385 2257 505 2336 legenda
528 2257 719 2315 transferrem.
740 2256 796 2314 Sed
818 2254 963 2315 reddenda
984 2255 1129 2333 pollicita-

115 2343 185 2402 tioni
196 2365 252 2402 non
265 2347 474 2423 tempestivum,
488 2359 520 2403 ut
532 2345 580 2404 itte
593 2345 646 2415 ait,
659 2345 710 2403 sed
723 2357 947 2424 tempestuosum
959 2341 1044 2401 uobis
1057 2355 1130 2401 tem·

108 2453 165 2512 pus
178 2453 212 2492 ae
226 2433 370 2493 turbidum
381 2435 444 2495 suit.
463 2436 538 2510 Quis
550 2436 626 2494 enim
641 2433 683 2492 ibi
695 2434 769 2511 stylo
782 2435 864 2493 iocus
877 2446 935 2506 est,
946 2431 997 2491 ubi
1013 2433 1129 2491 hostilia
1160 2503 1162 2511 y

104 2524 160 2584 tela
181 2538 357 2600 metuuntur,
372 2526 422 2586 ubi
442 2529 472 2585 in
486 2526 577 2586 oculis
594 2537 637 2584 est
653 2524 770 2584 urbium
784 2544 980 2603 agrorumque
993 2523 1127 2596 vastatio,

103 2610 151 2670 ubi
174 2613 286 2690 fugitur
301 2635 354 2692 per
373 2616 485 2674 marina
503 2615 682 2688 discrimina,
702 2626 731 2672 et
751 2635 787 2672 ne
805 2616 867 2692 ipsa
887 2611 1005 2692 quidem
1020 2610 1130 2688 absque

105 2715 176 2760 metu
192 2702 343 2763 habentur
359 2706 466 2764 exilia?
487 2711 521 2764 In
544 2718 700 2784 conspectu
719 2705 839 2776 etenim,
859 2717 890 2762 ut
909 2702 1029 2762 ridebas
1043 2702 1130 2759 etiam

106 2791 171 2870 ipse,
189 2807 298 2852 nostro
317 2795 477 2868 Barbarus,
496 2797 546 2874 qui
566 2797 677 2874 Regino
697 2795 807 2874 oppido
828 2793 964 2853 miscebat
982 2787 1135 2865 incendia,

101 2887 306 2961 angustissimo
325 2905 342 2943 a
362 2883 445 2944 nobis
463 2885 552 2962 freto,
566 2885 618 2944 ubi
636 2885 727 2944 Itaiiae
746 2884 838 2943 solum
859 2884 955 2943 Siculo
974 2883 1129 2955 dirimitur,

98 2974 262 3034 arcebatur.
280 2979 317 3032 ln
328 2974 372 3033 his
385 2995 454 3054 ergo
470 2977 575 3055 posito,
588 2997 653 3054 quae
669 2997 730 3036 esse
741 2976 778 3034 ad
796 2975 978 3034 scribendum
993 2977 1129 3035 securitas

94 3065 202 3141 potuit,
218 3077 251 3123 et
267 3064 416 3143 praecipue
429 3064 466 3122 ad
476 3066 740 3144 interpretandum,
753 3065 805 3124 ubi
815 3066 923 3124 nonita
934 3065 1070 3143 proprios
1081 3083 1129 3122 ex·

93 3156 194 3233 pedire
212 3175 341 3232 sensus,
352 3167 383 3214 ut
397 3156 505 3218 alienos
517 3169 616 3236 aptare
631 3157 825 3236 proponitur?
841 3162 949 3214 Tamen
959 3156 983 3212 si
994 3174 1058 3232 quae
1071 3171 1129 3211 nox

88 3247 201 3305 animos
224 3248 347 3304 minore
361 3259 438 3304 metu
452 3247 563 3305 hostilis
583 3249 725 3305 concussit
744 3246 860 3318 excidii,
880 3257 909 3303 et
922 3244 1011 3303 breve
1030 3243 1129 3302 saitem

89 3333 276 3394 lucubrandi
300 3334 390 3395 otium
409 3335 504 3408 dedit,
518 3336 598 3414 quasi
617 3335 653 3393 ad
668 3336 794 3393 solamen
813 3333 969 3405 malorum,
984 3333 1129 3392 tevandae-

84 3447 141 3506 que
164 3425 420 3506 peregrinationis
442 3427 551 3503 gratia,
571 3445 759 3504 quaeoumque
775 3426 805 3482 in
822 3428 1014 3483 Numerorum
1039 3423 1131 3495 libro,

84 3519 146 3576 sire
162 3517 346 3576 homiletico
360 3516 452 3594 stylo,
465 3518 526 3576 sire
538 3517 624 3575 etiam
636 3535 672 3574 ex
684 3515 729 3574 his
748 3535 812 3593 quae
827 3517 970 3593 Excerpta
982 3513 1131 3593 appelian-

82 3618 132 3666 mr
156 3607 283 3686 scripta
305 3605 479 3698 reperimus,
501 3605 576 3678 haec,
598 3615 772 3684 perurgente
798 3617 841 3676 te,
859 3608 1004 3673 Romana,
1024 3614 1057 3659 ut
1073 3620 1130 3679 po-

82 3696 210 3766 tuimus,
224 3711 309 3752 voce
325 3713 361 3751 ex
374 3693 494 3752 dirersis
512 3695 542 3752 in
560 3714 648 3753 unum
667 3693 798 3768 ordinem
816 3692 935 3751 collecta
951 3691 1132 3770 digessimus,

82 3797 108 3848 te
122 3803 260 3866 quoque
275 3784 342 3862 ipso
355 3783 383 3841 in
395 3785 616 3864 quamplurimis
627 3785 762 3864 juvante,
774 3785 891 3855 Ursaei,
905 3795 1034 3841 nostrum
1048 3780 1133 3839 iabo-

80 3897 160 3952 γεω,
175 3879 259 3936 dum
275 3875 363 3934 nimis
377 3877 514 3955 cupidus,
530 3876 645 3955 pueruli
656 3876 761 3934 notarii
779 3875 893 3934 tardum
911 3885 996 3952 putas
1008 3891 1068 3930 esse
1079 3870 1133 3931 mi·
1243 3877 1246 3882 '

110 3989 119 4023 ¹
131 3989 218 4040 Tam.
237 3985 285 4044 lt,
297 4003 321 4050 p.
339 3988 383 4056 ²7⁵
396 3995 422 4037 et
432 4005 502 4054 roqq.
