2660 4610
200 267 264 343 tot
649 289 793 332 onrourrs

200 408 255 472 sed
271 406 514 473 adolescentulis
531 407 708 474 dilectionis
725 407 849 473 dederit
868 429 1006 475 causam.
1026 407 1081 473 Sic
1097 403 1189 472 enim
1201 401 1248 470 di-

200 516 243 580 cit
258 539 265 579 :
278 545 290 578 ι
302 516 503 604 Unguentum
514 516 711 582 exinanitum
727 537 845 582 nomen
860 529 972 592 tuum,
987 527 1165 604 propterea
1178 513 1248 578 ado
1323 495 1325 600 b

203 619 405 689 »lescentulae
421 620 600 688 dilexerunt
610 635 643 687 te
653 622 675 688 ¹.
692 649 705 682 e
720 625 769 690 Ac
783 625 808 688 si
824 623 945 690 diceret
963 649 971 688 :
990 620 1249 690 Adolescentube
1324 669 1325 698 p

201 730 329 818 quidem
345 743 511 821 propterea
528 729 708 796 dilexerunt
721 743 770 807 te,
784 730 1032 818 quiaexinanisti
1044 743 1079 795 te
1097 730 1142 794 de
1153 729 1247 794 forma

201 839 278 914 Dei,
302 851 335 904 ct
356 841 474 904 sactum
497 849 545 903 est
565 851 764 928 unguentum
785 841 979 906 exinanitum
998 859 1126 904 nomen
1147 849 1242 900 tuum.

201 949 266 1035 Ego
288 959 394 1012 autem
416 971 480 1012 non
495 971 553 1036 pro
568 949 728 1013 exinanito
744 960 927 1036 unguento,
944 948 999 1012 sed
1020 969 1083 1034 pro
1102 946 1174 1034 ipsa
1193 967 1244 1008 un·
1324 948 1325 1016 t

199 1068 388 1144 guentorum
406 1054 603 1144 plenitudine
626 1055 720 1121 dilexi
744 1067 785 1120 te.
817 1054 885 1120 Hoc
903 1056 990 1121 enim
1012 1055 1147 1120 indicat
1170 1053 1244 1117 ineo

201 1163 272 1229 ioco
287 1163 340 1228 uhi
365 1163 463 1228 dicit:
482 1163 598 1228 «Odor
621 1175 857 1254 unguentorum
873 1175 1004 1228 tuorum
1020 1183 1128 1250 super
1151 1160 1242 1225 omnia
1322 1205 1323 1215 a

203 1282 364 1336 »aromata
378 1269 400 1336 ².
414 1271 531 1352 »Quod
549 1293 623 1348 vero
637 1272 733 1337 etiam
746 1272 813 1360 ipsa
821 1293 896 1336 cum
913 1267 1172 1338 adolescentulis
1186 1278 1242 1356 post

201 1380 305 1467 ipsum
319 1401 352 1444 se
367 1401 533 1445 cursuram
547 1379 642 1455 dicit,
660 1379 744 1445 hanc
756 1381 805 1445 aio
820 1401 889 1445 esse
904 1401 1059 1451 caueam.
1079 1378 1172 1466 quod
1182 1400 1242 1466 ptr·

204 1486 277 1551 fecti
297 1486 414 1574 quique
431 1487 537 1551 omnia
556 1486 705 1552 omnihus
725 1487 822 1563 fiant,
844 1498 879 1550 ut
899 1509 1012 1552 omnes
1029 1486 1242 1558 lucrifaciant,

204 1595 286 1660 siout
301 1595 366 1682 jam
382 1617 475 1683 cupre
493 1595 707 1682 exposuimus.

256 1703 459 1768 «introduxit
479 1726 531 1769 me
546 1725 601 1768 rex
622 1704 655 1768 in
675 1701 861 1770 cubiculum
883 1725 997 1779 suum,
1018 1702 1196 1768 exultemus
1213 1713 1239 1764 et

205 1811 442 1899 »jocundemur
457 1811 489 1875 in
504 1823 535 1875 te
546 1810 569 1875 ⁸.
587 1839 600 1872 a
617 1811 698 1878 Cum
714 1811 884 1878 indicasset
903 1833 1025 1900 sponso
1043 1835 1104 1879 suo
1122 1831 1231 1900 sponsa·

206 1920 293 2006 quod
309 1917 551 1985 adolescentulae
562 1919 660 1984 odore
671 1921 741 2008 ejus
757 1931 856 2008 capte
869 1935 1042 1986 currerent
1052 1921 1228 2009 postipsum

209 2051 285 2094 cum
300 2027 415 2114 quibus
430 2028 526 2092 etiem
547 2027 613 2116 ipsa
629 2049 758 2092 cursura
772 2039 874 2102 esset,
892 2039 928 2091 ut
945 2029 992 2092 eis
1014 2028 1145 2093 formam
1157 2047 1227 2114 pte-

207 2137 298 2199 beret
320 2135 352 2200 in
373 2135 542 2212 omnibus,
566 2157 653 2200 nunc
673 2135 760 2222 quasi
783 2133 899 2199 laboris
917 2136 966 2200 sui
984 2147 1159 2201 consecuta
1177 2135 1234 2221 iam

208 2241 347 2333 palmam
365 2265 423 2331 pro
434 2265 473 2306 eo
489 2241 575 2329 quod
586 2241 785 2308 concurrerit
799 2243 1021 2319 tumentibus,
1036 2243 1235 2308 introductam
1328 2243 1329 2272 ¹

210 2369 244 2416 se
259 2351 336 2416 dicit
359 2353 399 2416 eb
422 2373 538 2439 sponso
557 2351 679 2439 rogoin
695 2349 881 2418 cubiculum
896 2352 967 2438 ejus
981 2401 989 2426 ‚
1016 2363 1054 2415 ut
1069 2352 1114 2416 ihi
1135 2351 1245 2414 rideret

212 2472 344 2524 cunctas
368 2479 444 2547 opes
469 2459 578 2546 regias.
603 2457 639 2522 in
661 2479 725 2546 quo
741 2457 850 2546 utique
867 2459 982 2524 merito
1004 2455 1198 2546 jocundatur
1218 2469 1250 2520 et

185 2650 189 2660 ¹
213 2566 349 2644 exultat,
364 2580 474 2655 utpote
489 2581 691 2657 queaecreta
702 2570 768 2656 jam
781 2569 862 2657 regis
871 2580 904 2632 et
918 2591 1034 2633 arcana
1046 2569 1249 2656 prospexerit.

94 2661 98 2668 ¹
214 2675 356 2750 diceet,
379 2675 554 2740 secundum
578 2677 774 2765 propositum
802 2675 952 2740 dramatis
971 2675 1146 2750 ordinem,
1168 2675 1255 2763 quasi

214 2782 383 2849 historicus
395 2781 584 2848 intellectus.
603 2784 666 2849 Sed
682 2784 831 2871 quoniam
844 2784 937 2871 cujus
953 2785 1135 2872 retegitur,
1152 2783 1257 2849 tecte

217 2889 260 2953 sia
277 2900 325 2953 est
347 2887 387 2954 ad
405 2886 569 2952 Christum
592 2887 737 2962 veniens,
761 2886 810 2952 rei
832 2887 937 2953 anime
957 2890 1057 2972 verbo
1076 2889 1136 2953 Dei
1151 2889 1258 2954 adhae-

218 3017 309 3071 rens,
326 2994 412 3084 quod
432 2992 518 3060 aliud
534 2993 718 3060 cubiculum
737 2993 854 3059 Christi
876 3003 909 3060 et
925 2999 1188 3084 promptuarium
1201 2997 1258 3062 Dei

220 3103 416 3168 credendum
428 3103 520 3167 estin
535 3125 599 3190 quo
610 3100 863 3177 velEcciesiam,
884 3100 931 3166 rei
948 3103 1088 3168 animam
1101 3105 1263 3170 cohaeren-

222 3219 287 3274 tem
300 3209 359 3275 sibi
375 3210 557 3275 introducat
568 3257 577 3284 ,
590 3209 649 3273 nisi
665 3209 731 3297 ipse
743 3229 876 3275 arcanus
892 3231 1003 3274 sensus
1015 3211 1086 3297 ejus
1097 3223 1131 3274 et
1146 3233 1263 3277 recon-

222 3315 322 3392 ditus,
334 3317 373 3381 de
385 3341 449 3405 quo
462 3329 494 3382 et
502 3315 617 3383 Paulus
627 3317 754 3382 dicebat
769 3339 777 3381 t
789 3343 801 3376 ι
812 3315 874 3381 Noe
886 3329 1130 3382 autemsenaum
1144 3317 1264 3384 Christi

223 3424 417 3500 »habemus‚
437 3437 471 3489 ut
481 3425 720 3513 sciamusquaea
735 3426 799 3491 Deo
812 3425 1011 3490 donatusunt
1022 3427 1115 3492 nobis
1125 3427 1148 3491 ⁴.
1167 3429 1260 3493 ‚ttae

223 3530 274 3596 itta
297 3545 370 3596 sunt
386 3555 456 3619 quae
470 3531 606 3602 «oculus
622 3556 687 3598 non
702 3533 798 3610 vidit,
818 3533 979 3599 necteris
1001 3534 1138 3609 audivit,
1156 3557 1218 3601 nec
1230 3537 1262 3600 in

225 3664 303 3706 »eor
317 3641 453 3706 hominis
465 3641 696 3716 ascenderunt,
709 3663 779 3730 quae
791 3641 977 3730 preparavit
992 3643 1076 3708 Deua
1088 3641 1137 3707 his
1153 3643 1210 3730 qui
1221 3642 1260 3707 di

225 3747 441 3837 eligunteum.
454 3752 557 3816 »Cum
568 3750 663 3839 igitur
675 3749 818 3816 Christus
828 3751 967 3816 enimam
979 3753 1010 3816 in
1022 3749 1255 3841 intelligentiam

260 3896 266 3926 ¹
280 3891 805 3957 cane1,3.n-²1ttd.-¹1ttt.4-⁴
821 3909 831 3943 t
848 3897 905 3944 Cor.
920 3912 954 3955 u,
968 3895 1008 3958 rt,
1024 3911 1063 3946 ta.
1074 3895 1140 3946 [bid.
1157 3915 1185 3960 9.
