2744 4624
230 253 270 311 nt
671 265 816 307 onustis

227 484 255 500 Μ
261 482 332 500 ”m
337 472 1271 500 tut§omnnmfflnmmnsfflnnmmtumsu

559 654 782 730 HOlllLlA
807 655 884 726 l'll
898 659 921 722 ¹.

377 869 423 926 Dc
432 872 571 928 adeodate
581 869 676 937 Isaac,
688 883 713 926 et
724 867 801 944 quod
810 887 829 923 α
839 865 910 922 lacte
922 863 1058 939 deputsm
1067 876 1115 920 ert.

272 1075 415 1164 Moyses’
437 1079 530 1142 nobis
552 1075 668 1166 legitur
687 1079 720 1142 in
739 1073 890 1141 Ecclesia.
910 1073 1127 1161 Deprecemur
1148 1069 1266 1135 Domi-

229 1207 307 1250 num
322 1209 374 1258 ne,
393 1186 571 1252 secundum
587 1189 719 1252 verbum
734 1183 887 1274 Apostoli,
899 1184 995 1248 etiam
1008 1179 1093 1270 apud
1102 1203 1173 1254 nos,
1185 1203 1265 1245 cum

228 1291 343 1382 legitur
357 1293 493 1383 lloyses,
515 1293 658 1360 velamen
678 1294 717 1360 sit
735 1295 874 1382 positum
890 1315 986 1380 super
1008 1313 1066 1355 cor
1079 1301 1223 1353 nostrum
1234 1289 1258 1352 ³.

229 1401 362 1468 Lectum
377 1417 425 1469 est
440 1403 525 1469 enim
538 1405 609 1491 quin
625 1414 778 1492 genuerat
792 1401 952 1468 Abraham
964 1397 1066 1462 lilium
1078 1397 1261 1470 {senceum

228 1522 312 1576 esset
326 1523 455 1577 centum
471 1535 640 1577 annorum.
659 1513 700 1578 Et
714 1511 792 1576 dixit
803 1510 880 1574 Sara
894 1533 902 1573 ε
915 1535 928 1568 ι
940 1508 1033 1586 Quis,
1047 1507 1167 1590 inquit,
1181 1527 1260 1570 nun-

229 1647 241 1679 ι
258 1619 349 1685 tiabit
364 1619 499 1686 Abrahae
510 1620 597 1709 quod
611 1619 707 1686 lactat
721 1642 857 1707 puerum
871 1617 968 1682 Sara?
979 1618 1019 1680 Et
1035 1615 1252 1697 tuncdnquit,

229 1757 243 1790 s
261 1729 462 1796 circumcidit
473 1729 636 1797 Abraham
650 1753 786 1819 puerum
802 1730 854 1794 die
869 1741 980 1794 octava
990 1727 1012 1792 ⁴.
1028 1757 1043 1789 ι
1056 1729 1155 1814 Hujus
1168 1723 1251 1812 pueri

229 1837 312 1902 diem
326 1837 463 1903 natalem
477 1862 540 1904 non
552 1837 693 1904 celebrat
707 1838 882 1922 Abraham,
895 1838 951 1903 sed
962 1837 1103 1904 celebrat
1114 1833 1255 1901 diemde

231 1945 395 2033 positionis
411 1969 428 2010 a
449 1945 544 2020 lacte,
560 1945 682 2036 etfacit
698 1947 877 2012 convivium
901 1971 1061 2036 magnum.
1082 1943 1190 2026 Quid?
1203 1966 1257 2031 pu·

230 2065 334 2121 tamus
346 2053 418 2140 quia
434 2054 632 2141 propositum
643 2055 683 2118 sit
695 2053 826 2142 Spiritui
834 2067 944 2122 sancto
953 2055 1099 2122 historias
1110 2055 1257 2124 scribere.

230 2169 263 2226 et
278 2171 408 2225 narrare
419 2160 506 2246 quod
519 2182 536 2223 a
553 2158 635 2225 lacte
650 2159 799 2248 depulsus
811 2163 851 2227 sit
863 2187 954 2251 puer,
966 2177 999 2230 et
1010 2164 1189 2231 convivium
1199 2160 1262 2226 sac·

231 2282 301 2335 tum
316 2269 372 2342 sit:
391 2269 552 2356 quomodo
566 2267 689 2344 luserit,
709 2270 832 2360 aliaque
851 2273 983 2361 puerilia
999 2273 1121 2365 egerit?
1142 2274 1191 2339 An
1206 2292 1262 2358 per

231 2379 300 2444 haec
316 2377 494 2467 putandum
507 2389 555 2443 est
570 2378 657 2465 qnod
672 2380 815 2447 divinum
830 2381 949 2473 aliquid
961 2408 1019 2451 nos
1030 2386 1163 2451 edocere
1174 2377 1261 2452 velit,

231 2500 264 2557 ot
275 2489 405 2578 dignum
417 2488 504 2576 quod
518 2488 695 2556 humanum
710 2514 810 2581 genus
825 2493 883 2559 Dei
896 2495 1027 2562 vocibus
1039 2492 1160 2561 discat?
1176 2492 1262 2556 lsaac

231 2598 312 2662 risus
334 2595 382 2661 vel
403 2595 554 2683 gaudium
571 2587 806 2684 interpretatur.
832 2603 912 2681 Quis
933 2630 1009 2696 ergo
1031 2602 1149 2692 estqui
1167 2598 1261 2664 talem

233 2705 333 2770 lilium
350 2703 501 2792 generet?
524 2701 580 2769 llle
599 2705 751 2774 nimirum
767 2711 820 2797 qui
840 2713 966 2782 dicebat
990 2717 1029 2781 de
1050 2714 1098 2779 his
1113 2733 1190 2801 quos
1205 2729 1261 2795 per

232 2809 437 2901 Evangelium
453 2825 603 2900 genuerat
621 2835 629 2878 ι
644 2816 731 2884 «Vos
747 2822 839 2888 enim
853 2827 928 2890 estis
944 2825 1094 2916 gaudium
1108 2840 1213 2888 meum
1229 2824 1261 2878 et

230 2935 246 2984 ἰ
261 2945 376 2988 corona
393 2919 500 3026 gloriae
515 2921 572 2987 Dei
587 2923 608 2988 ⁶.
626 2953 639 2987 ι
659 2928 707 2994 Do
723 2932 907 3019 hujusmodi
927 2935 998 3002 filiis
1018 2959 1093 3003 cum
1115 2930 1262 2997 suerinta

234 3029 316 3096 lacte
330 3027 467 3115 depulsi,
484 3028 521 3094 lit
535 3033 717 3102 counivium
733 3051 765 3106 et
781 3039 887 3111 laetitia
908 3069 1035 3135 magna,
1059 3043 1098 3109 de
1119 3039 1192 3105 his«
1210 3034 1264 3122 qui

235 3160 328 3203 »non
343 3139 408 3224 jam
423 3135 504 3202 lacte
519 3138 677 3230 indigent,
697 3149 753 3214 sed
770 3152 843 3216 cibo
858 3154 945 3230 forti,
961 3155 1015 3243 qui
1032 3175 1088 3241 pro
1107 3141 1261 3236 possibili-

235 3275 248 3308 »
267 3258 330 3310 tato
346 3246 490 3312 sumendi
506 3251 694 3321 exercitatos
709 3256 830 3325 habent
849 3285 959 3328 sensus
981 3263 1021 3328 ad
1044 3253 1263 3324 discretionem

236 3383 249 3417 ι
265 3355 340 3421 boni
351 3353 399 3420 vel
408 3356 480 3421 mali
490 3355 531 3421 ’.ι
542 3357 645 3448 Super
657 3363 705 3430 his
719 3364 834 3433 talibus
843 3393 917 3434 cum
930 3368 1130 3457 depelluntur
1141 3359 1261 3433 alente,

237 3464 462 3552 litconvivium
477 3487 641 3558 magnum.
661 3473 765 3566 Super
781 3475 840 3542 illis
856 3491 964 3542 autem
980 3501 1042 3541 non
1059 3485 1162 3564 potest
1176 3470 1267 3535 exhi-

238 3575 305 3642 bori
322 3574 515 3651 convivium,
531 3601 590 3644 nec
606 3582 717 3647 haberi
733 3584 851 3661 laetititi,
866 3587 904 3651 dc
921 3586 1034 3673 quibus
1048 3583 1124 3646 «licit
1136 3583 1254 3665 Aposto

273 3739 369 3788 ¹Toni.
385 3738 460 3804 tt‚p.
477 3739 544 3804 Jssct
557 3756 611 3805 seq.
624 3741 715 3792 -²N.
732 3760 754 3801 ι,
767 3761 790 3792 2.

271 3808 279 3842 ¹
296 3809 376 3860 ullor.
391 3827 429 3870 ιιι,
446 3809 481 3868 rl.
493 3809 545 3847 ..t
558 3810 622 3861 Gen.
636 3830 687 3873 ιιι,
699 3813 723 3870 d.
736 3831 759 3879 7.
771 3841 801 3851 -
813 3815 823 3847 ⁵
837 3831 849 3862 ι
862 3815 949 3862 Thess.
964 3829 992 3870 n,
1006 3827 1085 3858 ao.—
1098 3809 1107 3842 ⁸
1119 3810 1185 3861 lleb.
1201 3828 1225 3872 v,
1240 3831 1266 3862 ra

239 3895 264 3936 ct
276 3885 312 3946 14.
