<?xml version="1.0" encoding="UTF-8"?>
<!DOCTYPE html PUBLIC "-//W3C//DTD XHTML 1.0 Transitional//EN"
    "http://www.w3.org/TR/xhtml1/DTD/xhtml1-transitional.dtd">
<html xmlns="http://www.w3.org/1999/xhtml" xml:lang="en" lang="en">
 <head>
  <title>
</title>
<meta http-equiv="Content-Type" content="text/html;charset=utf-8" />
  <meta name='ocr-system' content='tesseract 3.04.00' />
  <meta name='ocr-capabilities' content='ocr_page ocr_carea ocr_par ocr_line ocrx_word'/>
</head>
<body>
  <div class='ocr_page' id='page_1' title='image "./collectioselect01guilgoog_0274.png"; bbox 0 0 2706 4624; ppageno 0'>
   <div class='ocr_carea' id='block_1_1' title="bbox 276 243 864 358">
    <p class='ocr_par' dir='ltr' id='par_1_1' title="bbox 276 243 864 358">
     <span class='ocr_line' id='line_1_1' title="bbox 276 243 864 358; baseline -0.007 -21"><span class='ocrx_word' id='word_1_1' title='bbox 276 275 339 358; x_wconf 73' lang='lat'><strong>276</strong></span> <span class='ocrx_word' id='word_1_2' title='bbox 627 243 629 248; x_wconf 10' lang='grc' dir='ltr'><strong>λ</strong></span> <span class='ocrx_word' id='word_1_3' title='bbox 723 290 864 335; x_wconf 77' lang='lat' dir='ltr'><strong>careatus</strong></span> 
     </span>
    </p>
   </div>
   <div class='ocr_carea' id='block_1_2' title="bbox 205 397 1337 3676">
    <p class='ocr_par' dir='ltr' id='par_1_2' title="bbox 275 397 1337 1811">
     <span class='ocr_line' id='line_1_2' title="bbox 275 397 1284 502; baseline -0.009 -21"><span class='ocrx_word' id='word_1_4' title='bbox 275 413 363 481; x_wconf 80' lang='lat' dir='ltr'><strong>Pauli</strong></span> <span class='ocrx_word' id='word_1_5' title='bbox 383 414 518 490; x_wconf 83' lang='lat' dir='ltr'><strong>discere,</strong></span> <span class='ocrx_word' id='word_1_6' title='bbox 532 413 604 501; x_wconf 87' lang='lat' dir='ltr'><strong>quia</strong></span> <span class='ocrx_word' id='word_1_7' title='bbox 624 397 746 502; x_wconf 75' lang='lat' dir='ltr'><strong>gladius</strong></span> <span class='ocrx_word' id='word_1_8' title='bbox 769 435 874 478; x_wconf 84' lang='lat' dir='ltr'><strong>sermo</strong></span> <span class='ocrx_word' id='word_1_9' title='bbox 894 409 952 477; x_wconf 85' lang='lat' dir='ltr'><strong>Dei</strong></span> <span class='ocrx_word' id='word_1_10' title='bbox 967 410 1030 476; x_wconf 77' lang='lat' dir='ltr'><strong>siti</strong></span> <span class='ocrx_word' id='word_1_11' title='bbox 1046 409 1127 477; x_wconf 81' lang='lat' dir='ltr'><strong>Audi</strong></span> <span class='ocrx_word' id='word_1_12' title='bbox 1143 430 1221 474; x_wconf 89' lang='lat' dir='ltr'><strong>cum</strong></span> <span class='ocrx_word' id='word_1_13' title='bbox 1234 430 1284 473; x_wconf 84' lang='lat' dir='ltr'><strong>curn</strong></span> 
     </span>
     <span class='ocr_line' id='line_1_3' title="bbox 277 517 1284 612; baseline -0.007 -23"><span class='ocrx_word' id='word_1_14' title='bbox 277 545 364 590; x_wconf 85' lang='lat' dir='ltr'><strong>arma</strong></span> <span class='ocrx_word' id='word_1_15' title='bbox 386 533 543 612; x_wconf 82' lang='lat' dir='ltr'><strong>praeparat</strong></span> <span class='ocrx_word' id='word_1_16' title='bbox 558 519 708 586; x_wconf 76' lang='lat' dir='ltr'><strong>militibus</strong></span> <span class='ocrx_word' id='word_1_17' title='bbox 732 521 861 596; x_wconf 88' lang='lat' dir='ltr'><strong>Christi,</strong></span> <span class='ocrx_word' id='word_1_18' title='bbox 878 520 1039 608; x_wconf 88' lang='lat' dir='ltr'><strong>quomodo</strong></span> <span class='ocrx_word' id='word_1_19' title='bbox 1055 517 1131 584; x_wconf 89' lang='lat' dir='ltr'><strong>dicit</strong></span> <span class='ocrx_word' id='word_1_20' title='bbox 1147 541 1154 581; x_wconf 95' lang='lat'><strong>:</strong></span> <span class='ocrx_word' id='word_1_21' title='bbox 1168 546 1182 578; x_wconf 83' lang='grc' dir='ltr'>ι</span> <span class='ocrx_word' id='word_1_22' title='bbox 1200 519 1237 582; x_wconf 87' lang='lat' dir='ltr'><strong>Et</strong></span> <span class='ocrx_word' id='word_1_23' title='bbox 1250 543 1284 606; x_wconf 82' lang='lat' dir='ltr'><strong>ga·</strong></span> 
     </span>
     <span class='ocr_line' id='line_1_4' title="bbox 279 628 1282 719; baseline -0.005 -24"><span class='ocrx_word' id='word_1_24' title='bbox 279 663 292 695; x_wconf 70' lang='lat' dir='ltr'><strong>s</strong></span> <span class='ocrx_word' id='word_1_25' title='bbox 308 632 388 698; x_wconf 85' lang='lat' dir='ltr'><strong>leam</strong></span> <span class='ocrx_word' id='word_1_26' title='bbox 401 629 508 708; x_wconf 72' lang='lat' dir='ltr'><strong>salutis</strong></span> <span class='ocrx_word' id='word_1_27' title='bbox 522 630 667 718; x_wconf 86' lang='lat' dir='ltr'><strong>accipite,</strong></span> <span class='ocrx_word' id='word_1_28' title='bbox 681 643 713 695; x_wconf 83' lang='lat' dir='ltr'><strong>et</strong></span> <span class='ocrx_word' id='word_1_29' title='bbox 723 629 862 719; x_wconf 79' lang='lat' dir='ltr'><strong>gladium</strong></span> <span class='ocrx_word' id='word_1_30' title='bbox 872 630 999 718; x_wconf 86' lang='lat' dir='ltr'><strong>spiritus</strong></span> <span class='ocrx_word' id='word_1_31' title='bbox 1011 628 1096 716; x_wconf 92' lang='lat' dir='ltr'><strong>quod</strong></span> <span class='ocrx_word' id='word_1_32' title='bbox 1112 639 1160 692; x_wconf 86' lang='lat' dir='ltr'><strong>est</strong></span> <span class='ocrx_word' id='word_1_33' title='bbox 1178 629 1282 710; x_wconf 77' lang='lat' dir='ltr'><strong>verbm</strong></span> 
     </span>
     <span class='ocr_line' id='line_1_5' title="bbox 280 735 1288 827; baseline -0.003 -24"><span class='ocrx_word' id='word_1_34' title='bbox 280 741 378 815; x_wconf 63' lang='lat' dir='ltr'><strong>ilici,</strong></span> <span class='ocrx_word' id='word_1_35' title='bbox 394 762 450 827; x_wconf 88' lang='lat' dir='ltr'><strong>per</strong></span> <span class='ocrx_word' id='word_1_36' title='bbox 465 761 592 804; x_wconf 87' lang='lat' dir='ltr'><strong>omnem</strong></span> <span class='ocrx_word' id='word_1_37' title='bbox 609 737 784 802; x_wconf 90' lang='lat' dir='ltr'><strong>orationem</strong></span> <span class='ocrx_word' id='word_1_38' title='bbox 799 750 833 803; x_wconf 86' lang='lat' dir='ltr'><strong>ot</strong></span> <span class='ocrx_word' id='word_1_39' title='bbox 847 737 1100 803; x_wconf 79' lang='lat' dir='ltr'><strong>obsecrationem</strong></span> <span class='ocrx_word' id='word_1_40' title='bbox 1110 736 1120 769; x_wconf 82' lang='lat'><strong>¹</strong></span> <span class='ocrx_word' id='word_1_41' title='bbox 1130 761 1166 809; x_wconf 77' lang='lat'><strong>3¹</strong></span> <span class='ocrx_word' id='word_1_42' title='bbox 1183 735 1288 801; x_wconf 84' lang='lat' dir='ltr'><strong>eviden-</strong></span> 
     </span>
     <span class='ocr_line' id='line_1_6' title="bbox 279 826 1292 935; baseline -0.009 -19"><span class='ocrx_word' id='word_1_43' title='bbox 279 849 399 916; x_wconf 85' lang='lat' dir='ltr'><strong>tissime</strong></span> <span class='ocrx_word' id='word_1_44' title='bbox 420 871 477 935; x_wconf 87' lang='lat' dir='ltr'><strong>per</strong></span> <span class='ocrx_word' id='word_1_45' title='bbox 497 847 566 914; x_wconf 80' lang='lat' dir='ltr'><strong>baec</strong></span> <span class='ocrx_word' id='word_1_46' title='bbox 585 846 805 934; x_wconf 84' lang='lat' dir='ltr'><strong>pronuntians,</strong></span> <span class='ocrx_word' id='word_1_47' title='bbox 824 845 896 931; x_wconf 87' lang='lat' dir='ltr'><strong>quia</strong></span> <span class='ocrx_word' id='word_1_48' title='bbox 917 869 974 935; x_wconf 89' lang='lat' dir='ltr'><strong>per</strong></span> <span class='ocrx_word' id='word_1_49' title='bbox 992 847 1124 910; x_wconf 81' lang='lat' dir='ltr'><strong>verbum</strong></span> <span class='ocrx_word' id='word_1_50' title='bbox 1140 826 1214 920; x_wconf 84' lang='lat' dir='ltr'><strong>Dei,</strong></span> <span class='ocrx_word' id='word_1_51' title='bbox 1232 844 1292 933; x_wconf 85' lang='lat' dir='ltr'><strong>quod</strong></span> 
     </span>
     <span class='ocr_line' id='line_1_7' title="bbox 281 954 1337 1048; baseline -0.007 -22"><span class='ocrx_word' id='word_1_52' title='bbox 281 973 329 1026; x_wconf 88' lang='lat' dir='ltr'><strong>ost</strong></span> <span class='ocrx_word' id='word_1_53' title='bbox 343 955 464 1048; x_wconf 82' lang='lat' dir='ltr'><strong>gladius</strong></span> <span class='ocrx_word' id='word_1_54' title='bbox 484 956 632 1042; x_wconf 90' lang='lat' dir='ltr'><strong>utrinque</strong></span> <span class='ocrx_word' id='word_1_55' title='bbox 651 967 776 1030; x_wconf 86' lang='lat' dir='ltr'><strong>acutus,</strong></span> <span class='ocrx_word' id='word_1_56' title='bbox 796 955 911 1021; x_wconf 87' lang='lat' dir='ltr'><strong>cadent</strong></span> <span class='ocrx_word' id='word_1_57' title='bbox 926 954 1044 1020; x_wconf 87' lang='lat' dir='ltr'><strong>inimici</strong></span> <span class='ocrx_word' id='word_1_58' title='bbox 1065 955 1162 1020; x_wconf 88' lang='lat' dir='ltr'><strong>nostri</strong></span> <span class='ocrx_word' id='word_1_59' title='bbox 1186 955 1224 1020; x_wconf 93' lang='lat' dir='ltr'><strong>in</strong></span> <span class='ocrx_word' id='word_1_60' title='bbox 1242 978 1294 1020; x_wconf 90' lang='lat' dir='ltr'><strong>con·</strong></span> <span class='ocrx_word' id='word_1_61' title='bbox 1336 987 1337 1000; x_wconf 26' lang='grc' dir='ltr'><strong>κ</strong></span> 
     </span>
     <span class='ocr_line' id='line_1_8' title="bbox 283 1063 1288 1158; baseline -0.006 -22"><span class='ocrx_word' id='word_1_62' title='bbox 283 1079 394 1158; x_wconf 87' lang='lat' dir='ltr'><strong>spectu</strong></span> <span class='ocrx_word' id='word_1_63' title='bbox 415 1078 534 1132; x_wconf 83' lang='lat' dir='ltr'><strong>nostro.</strong></span> <span class='ocrx_word' id='word_1_64' title='bbox 547 1093 561 1126; x_wconf 81' lang='grc' dir='ltr'>ι</span> <span class='ocrx_word' id='word_1_65' title='bbox 577 1065 616 1129; x_wconf 85' lang='lat' dir='ltr'><strong>Et</strong></span> <span class='ocrx_word' id='word_1_66' title='bbox 631 1064 797 1152; x_wconf 74' lang='lat' dir='ltr'><strong>respiciam</strong></span> <span class='ocrx_word' id='word_1_67' title='bbox 813 1087 908 1153; x_wconf 83' lang='lat' dir='ltr'><strong>super</strong></span> <span class='ocrx_word' id='word_1_68' title='bbox 923 1088 989 1140; x_wconf 82' lang='lat' dir='ltr'><strong>vos,</strong></span> <span class='ocrx_word' id='word_1_69' title='bbox 1009 1078 1041 1130; x_wconf 87' lang='lat' dir='ltr'><strong>et</strong></span> <span class='ocrx_word' id='word_1_70' title='bbox 1056 1066 1180 1154; x_wconf 84' lang='lat' dir='ltr'><strong>augebo</strong></span> <span class='ocrx_word' id='word_1_71' title='bbox 1195 1063 1288 1130; x_wconf 65' lang='lat' dir='ltr'><strong>rosi»</strong></span> 
     </span>
     <span class='ocr_line' id='line_1_9' title="bbox 284 1173 1287 1263; baseline -0.01 -17"><span class='ocrx_word' id='word_1_72' title='bbox 284 1180 416 1262; x_wconf 73' lang='lat' dir='ltr'><strong>Plenum</strong></span> <span class='ocrx_word' id='word_1_73' title='bbox 431 1175 634 1243; x_wconf 85' lang='lat' dir='ltr'><strong>beatitudinis</strong></span> <span class='ocrx_word' id='word_1_74' title='bbox 645 1187 692 1239; x_wconf 89' lang='lat' dir='ltr'><strong>est</strong></span> <span class='ocrx_word' id='word_1_75' title='bbox 707 1173 770 1239; x_wconf 92' lang='lat' dir='ltr'><strong>hoc</strong></span> <span class='ocrx_word' id='word_1_76' title='bbox 781 1174 897 1263; x_wconf 88' lang='lat' dir='ltr'><strong>ipsum,</strong></span> <span class='ocrx_word' id='word_1_77' title='bbox 911 1174 935 1238; x_wconf 84' lang='lat' dir='ltr'><strong>si</strong></span> <span class='ocrx_word' id='word_1_78' title='bbox 946 1197 1042 1262; x_wconf 87' lang='lat' dir='ltr'><strong>quem</strong></span> <span class='ocrx_word' id='word_1_79' title='bbox 1055 1173 1206 1261; x_wconf 77' lang='lat' dir='ltr'><strong>respiciat</strong></span> <span class='ocrx_word' id='word_1_80' title='bbox 1222 1175 1287 1241; x_wconf 79' lang='lat' dir='ltr'><strong>Deus</strong></span> 
     </span>
     <span class='ocr_line' id='line_1_10' title="bbox 285 1282 1286 1375; baseline -0.009 -21"><span class='ocrx_word' id='word_1_81' title='bbox 285 1289 339 1354; x_wconf 85' lang='lat' dir='ltr'><strong>Vis</strong></span> <span class='ocrx_word' id='word_1_82' title='bbox 355 1288 460 1354; x_wconf 86' lang='lat' dir='ltr'><strong>videre</strong></span> <span class='ocrx_word' id='word_1_83' title='bbox 475 1287 500 1352; x_wconf 92' lang='lat' dir='ltr'><strong>si</strong></span> <span class='ocrx_word' id='word_1_84' title='bbox 516 1284 662 1375; x_wconf 84' lang='lat' dir='ltr'><strong>respiciat</strong></span> <span class='ocrx_word' id='word_1_85' title='bbox 676 1284 761 1349; x_wconf 89' lang='lat' dir='ltr'><strong>Deus</strong></span> <span class='ocrx_word' id='word_1_86' title='bbox 776 1285 818 1350; x_wconf 84' lang='lat' dir='ltr'><strong>ad</strong></span> <span class='ocrx_word' id='word_1_87' title='bbox 833 1283 1006 1357; x_wconf 90' lang='lat' dir='ltr'><strong>bominem,</strong></span> <span class='ocrx_word' id='word_1_88' title='bbox 1021 1296 1138 1373; x_wconf 83' lang='lat' dir='ltr'><strong>quanta</strong></span> <span class='ocrx_word' id='word_1_89' title='bbox 1154 1285 1197 1349; x_wconf 89' lang='lat' dir='ltr'><strong>sit</strong></span> <span class='ocrx_word' id='word_1_90' title='bbox 1217 1282 1286 1350; x_wconf 79' lang='lat' dir='ltr'><strong>salus?</strong></span> 
     </span>
     <span class='ocr_line' id='line_1_11' title="bbox 285 1395 1287 1486; baseline -0.006 -20"><span class='ocrx_word' id='word_1_91' title='bbox 285 1402 397 1467; x_wconf 85' lang='lat' dir='ltr'><strong>Petrus</strong></span> <span class='ocrx_word' id='word_1_92' title='bbox 408 1397 576 1486; x_wconf 86' lang='lat' dir='ltr'><strong>aliquando</strong></span> <span class='ocrx_word' id='word_1_93' title='bbox 588 1418 669 1484; x_wconf 90' lang='lat' dir='ltr'><strong>pene</strong></span> <span class='ocrx_word' id='word_1_94' title='bbox 681 1395 829 1483; x_wconf 88' lang='lat' dir='ltr'><strong>perierat,</strong></span> <span class='ocrx_word' id='word_1_95' title='bbox 840 1406 872 1459; x_wconf 89' lang='lat' dir='ltr'><strong>et</strong></span> <span class='ocrx_word' id='word_1_96' title='bbox 883 1417 921 1459; x_wconf 83' lang='lat' dir='ltr'><strong>ox</strong></span> <span class='ocrx_word' id='word_1_97' title='bbox 932 1395 1174 1460; x_wconf 87' lang='lat' dir='ltr'><strong>consecratione</strong></span> <span class='ocrx_word' id='word_1_98' title='bbox 1186 1396 1287 1484; x_wconf 74' lang='lat' dir='ltr'><strong>apae</strong></span> 
     </span>
     <span class='ocr_line' id='line_1_12' title="bbox 286 1501 1292 1593; baseline -0.007 -18"><span class='ocrx_word' id='word_1_99' title='bbox 286 1510 338 1574; x_wconf 91' lang='lat' dir='ltr'><strong>lici</strong></span> <span class='ocrx_word' id='word_1_100' title='bbox 353 1506 476 1574; x_wconf 87' lang='lat' dir='ltr'><strong>numeri</strong></span> <span class='ocrx_word' id='word_1_101' title='bbox 492 1503 619 1569; x_wconf 89' lang='lat' dir='ltr'><strong>diabolo</strong></span> <span class='ocrx_word' id='word_1_102' title='bbox 635 1527 692 1592; x_wconf 90' lang='lat' dir='ltr'><strong>per</strong></span> <span class='ocrx_word' id='word_1_103' title='bbox 705 1526 740 1568; x_wconf 86' lang='lat' dir='ltr'><strong>os</strong></span> <span class='ocrx_word' id='word_1_104' title='bbox 756 1501 877 1568; x_wconf 72' lang='lat' dir='ltr'><strong>anciliae</strong></span> <span class='ocrx_word' id='word_1_105' title='bbox 889 1503 1046 1592; x_wconf 83' lang='lat' dir='ltr'><strong>pontificis</strong></span> <span class='ocrx_word' id='word_1_106' title='bbox 1061 1504 1292 1593; x_wconf 85' lang='lat' dir='ltr'><strong>inspiranteiue·</strong></span> 
     </span>
     <span class='ocr_line' id='line_1_13' title="bbox 286 1611 1337 1705; baseline -0.01 -23"><span class='ocrx_word' id='word_1_107' title='bbox 286 1630 336 1690; x_wconf 75' lang='lat' dir='ltr'><strong>rat</strong></span> <span class='ocrx_word' id='word_1_108' title='bbox 351 1627 477 1705; x_wconf 86' lang='lat' dir='ltr'><strong>ereptus</strong></span> <span class='ocrx_word' id='word_1_109' title='bbox 492 1637 500 1678; x_wconf 75' lang='lat' dir='ltr'><strong>a</strong></span> <span class='ocrx_word' id='word_1_110' title='bbox 517 1611 573 1678; x_wconf 90' lang='lat' dir='ltr'><strong>sod</strong></span> <span class='ocrx_word' id='word_1_111' title='bbox 586 1613 640 1678; x_wconf 88' lang='lat' dir='ltr'><strong>ubi</strong></span> <span class='ocrx_word' id='word_1_112' title='bbox 655 1613 790 1700; x_wconf 76' lang='lat' dir='ltr'><strong>respexit</strong></span> <span class='ocrx_word' id='word_1_113' title='bbox 802 1613 842 1677; x_wconf 87' lang='lat' dir='ltr'><strong>ed</strong></span> <span class='ocrx_word' id='word_1_114' title='bbox 857 1636 932 1677; x_wconf 90' lang='lat' dir='ltr'><strong>eum</strong></span> <span class='ocrx_word' id='word_1_115' title='bbox 947 1613 1040 1678; x_wconf 86' lang='lat' dir='ltr'><strong>Jesus</strong></span> <span class='ocrx_word' id='word_1_116' title='bbox 1055 1623 1193 1690; x_wconf 82' lang='lat' dir='ltr'><strong>tantum,</strong></span> <span class='ocrx_word' id='word_1_117' title='bbox 1209 1613 1292 1679; x_wconf 84' lang='lat' dir='ltr'><strong>ubiai</strong></span> <span class='ocrx_word' id='word_1_118' title='bbox 1336 1643 1337 1672; x_wconf 57' lang='lat' dir='ltr'><strong>a</strong></span> 
     </span>
     <span class='ocr_line' id='line_1_14' title="bbox 287 1718 1297 1811; baseline -0.004 -21"><span class='ocrx_word' id='word_1_119' title='bbox 287 1749 364 1790; x_wconf 89' lang='lat' dir='ltr'><strong>eum</strong></span> <span class='ocrx_word' id='word_1_120' title='bbox 377 1721 491 1811; x_wconf 87' lang='lat' dir='ltr'><strong>placidi</strong></span> <span class='ocrx_word' id='word_1_121' title='bbox 507 1718 611 1787; x_wconf 76' lang='lat' dir='ltr'><strong>nultus</strong></span> <span class='ocrx_word' id='word_1_122' title='bbox 626 1745 681 1787; x_wconf 87' lang='lat' dir='ltr'><strong>ora</strong></span> <span class='ocrx_word' id='word_1_123' title='bbox 699 1722 866 1798; x_wconf 83' lang='lat' dir='ltr'><strong>convertit,</strong></span> <span class='ocrx_word' id='word_1_124' title='bbox 879 1723 984 1789; x_wconf 68' lang='lat' dir='ltr'><strong>entim</strong></span> <span class='ocrx_word' id='word_1_125' title='bbox 1000 1745 1141 1788; x_wconf 85' lang='lat' dir='ltr'><strong>reversus</strong></span> <span class='ocrx_word' id='word_1_126' title='bbox 1157 1726 1189 1789; x_wconf 91' lang='lat' dir='ltr'><strong>in</strong></span> <span class='ocrx_word' id='word_1_127' title='bbox 1206 1736 1297 1790; x_wconf 85' lang='lat' dir='ltr'><strong>semat-</strong></span> 
     </span>
    </p>

    <p class='ocr_par' dir='ltr' id='par_1_3' title="bbox 287 1829 1293 1924">
     <span class='ocr_line' id='line_1_15' title="bbox 287 1829 1293 1924; baseline -0.006 -24"><span class='ocrx_word' id='word_1_128' title='bbox 287 1838 406 1924; x_wconf 83' lang='lat' dir='ltr'><strong>ipsum,</strong></span> <span class='ocrx_word' id='word_1_129' title='bbox 418 1845 451 1897; x_wconf 89' lang='lat' dir='ltr'><strong>et</strong></span> <span class='ocrx_word' id='word_1_130' title='bbox 462 1829 645 1920; x_wconf 81' lang='lat' dir='ltr'><strong>prolapsum</strong></span> <span class='ocrx_word' id='word_1_131' title='bbox 656 1831 696 1896; x_wconf 91' lang='lat' dir='ltr'><strong>de</strong></span> <span class='ocrx_word' id='word_1_132' title='bbox 708 1831 883 1921; x_wconf 69' lang='lat' dir='ltr'><strong>praecipitio</strong></span> <span class='ocrx_word' id='word_1_133' title='bbox 895 1855 1046 1898; x_wconf 83' lang='lat' dir='ltr'><strong>revocans</strong></span> <span class='ocrx_word' id='word_1_134' title='bbox 1057 1833 1182 1922; x_wconf 87' lang='lat' dir='ltr'><strong>pedem,</strong></span> <span class='ocrx_word' id='word_1_135' title='bbox 1193 1863 1206 1894; x_wconf 83' lang='grc' dir='ltr'>ι</span> <span class='ocrx_word' id='word_1_136' title='bbox 1216 1833 1293 1904; x_wconf 83' lang='lat' dir='ltr'><strong>derit,</strong></span> 
     </span>
    </p>

    <p class='ocr_par' dir='ltr' id='par_1_4' title="bbox 289 1939 1296 2029">
     <span class='ocr_line' id='line_1_16' title="bbox 289 1939 1296 2029; baseline -0.002 -23"><span class='ocrx_word' id='word_1_137' title='bbox 289 1942 440 2028; x_wconf 63' lang='lat' dir='ltr'><strong>‚inquio</strong></span> <span class='ocrx_word' id='word_1_138' title='bbox 460 1939 815 2028; x_wconf 77' lang='lat' dir='ltr'><strong>amarissimo⁸,aatque</strong></span> <span class='ocrx_word' id='word_1_139' title='bbox 834 1941 876 2006; x_wconf 83' lang='lat' dir='ltr'><strong>ita</strong></span> <span class='ocrx_word' id='word_1_140' title='bbox 899 1954 1092 2029; x_wconf 85' lang='lat' dir='ltr'><strong>respectusa</strong></span> <span class='ocrx_word' id='word_1_141' title='bbox 1111 1943 1186 2016; x_wconf 84' lang='lat' dir='ltr'><strong>Dec,</strong></span> <span class='ocrx_word' id='word_1_142' title='bbox 1207 1943 1296 2008; x_wconf 83' lang='lat' dir='ltr'><strong>iocum</strong></span> 
     </span>
    </p>

    <p class='ocr_par' dir='ltr' id='par_1_5' title="bbox 290 2049 1299 2140">
     <span class='ocr_line' id='line_1_17' title="bbox 290 2049 1299 2140; baseline -0.003 -22"><span class='ocrx_word' id='word_1_143' title='bbox 290 2077 386 2120; x_wconf 87' lang='lat' dir='ltr'><strong>suum</strong></span> <span class='ocrx_word' id='word_1_144' title='bbox 396 2050 501 2117; x_wconf 84' lang='lat' dir='ltr'><strong>flendo</strong></span> <span class='ocrx_word' id='word_1_145' title='bbox 513 2050 646 2138; x_wconf 87' lang='lat' dir='ltr'><strong>recepit,</strong></span> <span class='ocrx_word' id='word_1_146' title='bbox 655 2073 751 2138; x_wconf 87' lang='lat' dir='ltr'><strong>quem</strong></span> <span class='ocrx_word' id='word_1_147' title='bbox 763 2051 908 2140; x_wconf 88' lang='lat' dir='ltr'><strong>negando</strong></span> <span class='ocrx_word' id='word_1_148' title='bbox 920 2053 1104 2140; x_wconf 80' lang='lat' dir='ltr'><strong>perdiderat.</strong></span> <span class='ocrx_word' id='word_1_149' title='bbox 1116 2049 1299 2138; x_wconf 77' lang='lat' dir='ltr'><strong>‹Respiciam</strong></span> 
     </span>
    </p>

    <p class='ocr_par' dir='ltr' id='par_1_6' title="bbox 292 2157 1301 2252">
     <span class='ocr_line' id='line_1_18' title="bbox 292 2157 1301 2252; baseline -0.001 -27"><span class='ocrx_word' id='word_1_150' title='bbox 292 2193 305 2225; x_wconf 70' lang='lat' dir='ltr'><strong>s</strong></span> <span class='ocrx_word' id='word_1_151' title='bbox 318 2187 406 2252; x_wconf 87' lang='lat' dir='ltr'><strong>ergo,</strong></span> <span class='ocrx_word' id='word_1_152' title='bbox 420 2163 544 2248; x_wconf 82' lang='lat' dir='ltr'><strong>inquit,</strong></span> <span class='ocrx_word' id='word_1_153' title='bbox 559 2183 654 2249; x_wconf 87' lang='lat' dir='ltr'><strong>super</strong></span> <span class='ocrx_word' id='word_1_154' title='bbox 669 2184 736 2236; x_wconf 85' lang='lat' dir='ltr'><strong>vos,</strong></span> <span class='ocrx_word' id='word_1_155' title='bbox 748 2174 779 2226; x_wconf 85' lang='lat' dir='ltr'><strong>et</strong></span> <span class='ocrx_word' id='word_1_156' title='bbox 792 2163 913 2250; x_wconf 87' lang='lat' dir='ltr'><strong>augebo</strong></span> <span class='ocrx_word' id='word_1_157' title='bbox 928 2160 1016 2228; x_wconf 67' lang='lat'><strong>100⁴.</strong></span> <span class='ocrx_word' id='word_1_158' title='bbox 1029 2191 1042 2225; x_wconf 72' lang='lat' dir='ltr'><strong>a</strong></span> <span class='ocrx_word' id='word_1_159' title='bbox 1055 2162 1206 2248; x_wconf 81' lang='lat' dir='ltr'><strong>Tanquam</strong></span> <span class='ocrx_word' id='word_1_160' title='bbox 1220 2162 1244 2225; x_wconf 85' lang='lat' dir='ltr'><strong>si</strong></span> <span class='ocrx_word' id='word_1_161' title='bbox 1257 2157 1301 2225; x_wconf 83' lang='lat' dir='ltr'><strong>soi</strong></span> 
     </span>
    </p>

    <p class='ocr_par' dir='ltr' id='par_1_7' title="bbox 223 2271 1305 2474">
     <span class='ocr_line' id='line_1_19' title="bbox 223 2271 1305 2363; baseline -0.002 -25"><span class='ocrx_word' id='word_1_162' title='bbox 223 2320 230 2332; x_wconf 80' lang='lat'><strong>.</strong></span> <span class='ocrx_word' id='word_1_163' title='bbox 295 2273 439 2363; x_wconf 83' lang='lat' dir='ltr'><strong>respiciat</strong></span> <span class='ocrx_word' id='word_1_164' title='bbox 451 2284 587 2360; x_wconf 82' lang='lat' dir='ltr'><strong>segetem</strong></span> <span class='ocrx_word' id='word_1_165' title='bbox 600 2283 632 2335; x_wconf 89' lang='lat' dir='ltr'><strong>ot</strong></span> <span class='ocrx_word' id='word_1_166' title='bbox 644 2271 754 2336; x_wconf 77' lang='lat' dir='ltr'><strong>afferat</strong></span> <span class='ocrx_word' id='word_1_167' title='bbox 769 2271 903 2349; x_wconf 77' lang='lat' dir='ltr'><strong>fructus,</strong></span> <span class='ocrx_word' id='word_1_168' title='bbox 916 2294 1009 2360; x_wconf 89' lang='lat' dir='ltr'><strong>quam</strong></span> <span class='ocrx_word' id='word_1_169' title='bbox 1023 2273 1130 2361; x_wconf 89' lang='lat' dir='ltr'><strong>utique</strong></span> <span class='ocrx_word' id='word_1_170' title='bbox 1150 2273 1248 2338; x_wconf 83' lang='lat' dir='ltr'><strong>sinon</strong></span> <span class='ocrx_word' id='word_1_171' title='bbox 1265 2295 1305 2336; x_wconf 76' lang='lat' dir='ltr'><strong>re</strong></span> 
     </span>
     <span class='ocr_line' id='line_1_20' title="bbox 294 2383 1299 2474; baseline -0.007 -24"><span class='ocrx_word' id='word_1_172' title='bbox 294 2386 458 2472; x_wconf 83' lang='lat' dir='ltr'><strong>spexisset,</strong></span> <span class='ocrx_word' id='word_1_173' title='bbox 478 2383 671 2448; x_wconf 80' lang='lat' dir='ltr'><strong>infructuosa</strong></span> <span class='ocrx_word' id='word_1_174' title='bbox 689 2384 878 2450; x_wconf 85' lang='lat' dir='ltr'><strong>mansisset:</strong></span> <span class='ocrx_word' id='word_1_175' title='bbox 897 2385 940 2449; x_wconf 88' lang='lat' dir='ltr'><strong>ita</strong></span> <span class='ocrx_word' id='word_1_176' title='bbox 960 2383 1044 2449; x_wconf 89' lang='lat' dir='ltr'><strong>Deus</strong></span> <span class='ocrx_word' id='word_1_177' title='bbox 1065 2398 1205 2474; x_wconf 79' lang='lat' dir='ltr'><strong>segetem</strong></span> <span class='ocrx_word' id='word_1_178' title='bbox 1220 2383 1299 2451; x_wconf 82' lang='lat' dir='ltr'><strong>cordis</strong></span> 
     </span>
    </p>

    <p class='ocr_par' dir='ltr' id='par_1_8' title="bbox 293 2492 1299 2581">
     <span class='ocr_line' id='line_1_21' title="bbox 293 2492 1299 2581; baseline -0.004 -21"><span class='ocrx_word' id='word_1_179' title='bbox 293 2495 391 2560; x_wconf 86' lang='lat' dir='ltr'><strong>nostri</strong></span> <span class='ocrx_word' id='word_1_180' title='bbox 409 2493 591 2581; x_wconf 85' lang='lat' dir='ltr'><strong>respiciens,</strong></span> <span class='ocrx_word' id='word_1_181' title='bbox 606 2503 638 2556; x_wconf 88' lang='lat' dir='ltr'><strong>et</strong></span> <span class='ocrx_word' id='word_1_182' title='bbox 657 2493 751 2558; x_wconf 86' lang='lat' dir='ltr'><strong>radiis</strong></span> <span class='ocrx_word' id='word_1_183' title='bbox 768 2516 825 2558; x_wconf 91' lang='lat' dir='ltr'><strong>nos</strong></span> <span class='ocrx_word' id='word_1_184' title='bbox 841 2492 937 2559; x_wconf 87' lang='lat' dir='ltr'><strong>Verbi</strong></span> <span class='ocrx_word' id='word_1_185' title='bbox 953 2495 1001 2558; x_wconf 87' lang='lat' dir='ltr'><strong>sui</strong></span> <span class='ocrx_word' id='word_1_186' title='bbox 1018 2492 1214 2571; x_wconf 84' lang='lat' dir='ltr'><strong>illuminans,</strong></span> <span class='ocrx_word' id='word_1_187' title='bbox 1229 2503 1299 2581; x_wconf 83' lang='lat' dir='ltr'><strong>auget</strong></span> 
     </span>
    </p>

    <p class='ocr_par' dir='ltr' id='par_1_9' title="bbox 294 2601 1299 2691">
     <span class='ocr_line' id='line_1_22' title="bbox 294 2601 1299 2691; baseline -0.006 -19"><span class='ocrx_word' id='word_1_188' title='bbox 294 2629 351 2672; x_wconf 87' lang='lat' dir='ltr'><strong>nos</strong></span> <span class='ocrx_word' id='word_1_189' title='bbox 374 2615 406 2669; x_wconf 83' lang='lat' dir='ltr'><strong>et</strong></span> <span class='ocrx_word' id='word_1_190' title='bbox 428 2601 629 2689; x_wconf 82' lang='lat' dir='ltr'><strong>multiplicat,</strong></span> <span class='ocrx_word' id='word_1_191' title='bbox 653 2615 687 2666; x_wconf 89' lang='lat' dir='ltr'><strong>ut</strong></span> <span class='ocrx_word' id='word_1_192' title='bbox 711 2602 791 2668; x_wconf 86' lang='lat' dir='ltr'><strong>ultra</strong></span> <span class='ocrx_word' id='word_1_193' title='bbox 815 2603 880 2690; x_wconf 88' lang='lat' dir='ltr'><strong>jam</strong></span> <span class='ocrx_word' id='word_1_194' title='bbox 907 2627 971 2670; x_wconf 90' lang='lat' dir='ltr'><strong>non</strong></span> <span class='ocrx_word' id='word_1_195' title='bbox 993 2605 1087 2668; x_wconf 86' lang='lat' dir='ltr'><strong>simus</strong></span> <span class='ocrx_word' id='word_1_196' title='bbox 1109 2601 1299 2691; x_wconf 66' lang='lat' dir='ltr'><strong>parentiam</strong></span> 
     </span>
    </p>

    <p class='ocr_par' dir='ltr' id='par_1_10' title="bbox 205 2701 1327 3676">
     <span class='ocr_line' id='line_1_23' title="bbox 219 2701 1306 2804; baseline -0.006 -22"><span class='ocrx_word' id='word_1_197' title='bbox 219 2701 223 2716; x_wconf 54' lang='lat'>⁸</span> <span class='ocrx_word' id='word_1_198' title='bbox 294 2714 400 2802; x_wconf 87' lang='lat' dir='ltr'><strong>magni</strong></span> <span class='ocrx_word' id='word_1_199' title='bbox 411 2711 597 2788; x_wconf 85' lang='lat' dir='ltr'><strong>efficiamur,</strong></span> <span class='ocrx_word' id='word_1_200' title='bbox 610 2712 692 2778; x_wconf 83' lang='lat' dir='ltr'><strong>sicut</strong></span> <span class='ocrx_word' id='word_1_201' title='bbox 707 2735 840 2802; x_wconf 86' lang='lat' dir='ltr'><strong>magnus</strong></span> <span class='ocrx_word' id='word_1_202' title='bbox 855 2714 955 2782; x_wconf 83' lang='lat' dir='ltr'><strong>iactus</strong></span> <span class='ocrx_word' id='word_1_203' title='bbox 971 2730 1019 2780; x_wconf 84' lang='lat' dir='ltr'><strong>cst</strong></span> <span class='ocrx_word' id='word_1_204' title='bbox 1033 2716 1134 2790; x_wconf 84' lang='lat' dir='ltr'><strong>iaaac,</strong></span> <span class='ocrx_word' id='word_1_205' title='bbox 1148 2727 1182 2782; x_wconf 86' lang='lat' dir='ltr'><strong>et</strong></span> <span class='ocrx_word' id='word_1_206' title='bbox 1196 2735 1306 2804; x_wconf 80' lang='lat' dir='ltr'><strong>magnus</strong></span> 
     </span>
     <span class='ocr_line' id='line_1_24' title="bbox 294 2821 1311 2912; baseline 0.005 -24"><span class='ocrx_word' id='word_1_207' title='bbox 294 2823 396 2890; x_wconf 83' lang='lat' dir='ltr'><strong>sactus</strong></span> <span class='ocrx_word' id='word_1_208' title='bbox 411 2833 459 2888; x_wconf 85' lang='lat' dir='ltr'><strong>est</strong></span> <span class='ocrx_word' id='word_1_209' title='bbox 478 2821 615 2910; x_wconf 80' lang='lat' dir='ltr'><strong>Moyses,</strong></span> <span class='ocrx_word' id='word_1_210' title='bbox 631 2834 663 2887; x_wconf 89' lang='lat' dir='ltr'><strong>et</strong></span> <span class='ocrx_word' id='word_1_211' title='bbox 679 2846 811 2912; x_wconf 86' lang='lat' dir='ltr'><strong>magnus</strong></span> <span class='ocrx_word' id='word_1_212' title='bbox 827 2825 1000 2890; x_wconf 79' lang='lat' dir='ltr'><strong>Joannes.«</strong></span> <span class='ocrx_word' id='word_1_213' title='bbox 1016 2827 1056 2891; x_wconf 87' lang='lat' dir='ltr'><strong>Et</strong></span> <span class='ocrx_word' id='word_1_214' title='bbox 1072 2837 1212 2893; x_wconf 85' lang='lat' dir='ltr'><strong>statuam</strong></span> <span class='ocrx_word' id='word_1_215' title='bbox 1232 2839 1311 2892; x_wconf 77' lang='lat' dir='ltr'><strong>tosta·</strong></span> 
     </span>
     <span class='ocr_line' id='line_1_25' title="bbox 296 2932 1311 3025; baseline 0.008 -33"><span class='ocrx_word' id='word_1_216' title='bbox 296 2943 468 2998; x_wconf 81' lang='lat' dir='ltr'><strong>»moutam</strong></span> <span class='ocrx_word' id='word_1_217' title='bbox 488 2953 594 2998; x_wconf 88' lang='lat' dir='ltr'><strong>meum</strong></span> <span class='ocrx_word' id='word_1_218' title='bbox 621 2932 784 2998; x_wconf 86' lang='lat' dir='ltr'><strong>vobiscum</strong></span> <span class='ocrx_word' id='word_1_219' title='bbox 797 2933 841 2998; x_wconf 77' lang='lat'><strong>⁶.»</strong></span> <span class='ocrx_word' id='word_1_220' title='bbox 855 2933 934 3000; x_wconf 90' lang='lat' dir='ltr'><strong>Vide</strong></span> <span class='ocrx_word' id='word_1_221' title='bbox 957 2948 1081 3023; x_wconf 73' lang='lat' dir='ltr'><strong>quantae</strong></span> <span class='ocrx_word' id='word_1_222' title='bbox 1102 2939 1311 3025; x_wconf 77' lang='lat' dir='ltr'><strong>promissione</strong></span> 
     </span>
     <span class='ocr_line' id='line_1_26' title="bbox 205 3041 1315 3136; baseline 0.008 -33"><span class='ocrx_word' id='word_1_223' title='bbox 205 3050 209 3076; x_wconf 84' lang='lat'>¹</span> <span class='ocrx_word' id='word_1_224' title='bbox 293 3041 533 3128; x_wconf 85' lang='lat' dir='ltr'><strong>promittantur,</strong></span> <span class='ocrx_word' id='word_1_225' title='bbox 546 3041 571 3104; x_wconf 90' lang='lat' dir='ltr'><strong>si</strong></span> <span class='ocrx_word' id='word_1_226' title='bbox 587 3041 733 3108; x_wconf 87' lang='lat' dir='ltr'><strong>mandata</strong></span> <span class='ocrx_word' id='word_1_227' title='bbox 750 3066 920 3108; x_wconf 84' lang='lat' dir='ltr'><strong>servemus.</strong></span> <span class='ocrx_word' id='word_1_228' title='bbox 934 3045 1113 3122; x_wconf 79' lang='lat' dir='ltr'><strong>«Statuam,</strong></span> <span class='ocrx_word' id='word_1_229' title='bbox 1128 3049 1256 3136; x_wconf 72' lang='lat' dir='ltr'><strong>inquit,</strong></span> <span class='ocrx_word' id='word_1_230' title='bbox 1271 3062 1315 3112; x_wconf 75' lang='lat' dir='ltr'><strong>tes</strong></span> 
     </span>
     <span class='ocr_line' id='line_1_27' title="bbox 297 3150 1319 3234; baseline 0.006 -22"><span class='ocrx_word' id='word_1_231' title='bbox 297 3179 310 3212; x_wconf 72' lang='lat' dir='ltr'><strong>a</strong></span> <span class='ocrx_word' id='word_1_232' title='bbox 325 3159 499 3217; x_wconf 79' lang='lat' dir='ltr'><strong>tamentum</strong></span> <span class='ocrx_word' id='word_1_233' title='bbox 511 3171 618 3215; x_wconf 91' lang='lat' dir='ltr'><strong>meum</strong></span> <span class='ocrx_word' id='word_1_234' title='bbox 630 3150 806 3227; x_wconf 91' lang='lat' dir='ltr'><strong>vobiscum,</strong></span> <span class='ocrx_word' id='word_1_235' title='bbox 818 3165 850 3218; x_wconf 86' lang='lat' dir='ltr'><strong>et</strong></span> <span class='ocrx_word' id='word_1_236' title='bbox 861 3153 1092 3222; x_wconf 86' lang='lat' dir='ltr'><strong>manducabitis</strong></span> <span class='ocrx_word' id='word_1_237' title='bbox 1104 3168 1225 3234; x_wconf 80' lang='lat' dir='ltr'><strong>vetera,</strong></span> <span class='ocrx_word' id='word_1_238' title='bbox 1236 3171 1265 3221; x_wconf 83' lang='lat' dir='ltr'><strong>et</strong></span> <span class='ocrx_word' id='word_1_239' title='bbox 1276 3179 1319 3218; x_wconf 79' lang='lat' dir='ltr'><strong>re-</strong></span> 
     </span>
     <span class='ocr_line' id='line_1_28' title="bbox 299 3259 1314 3352; baseline 0.011 -32"><span class='ocrx_word' id='word_1_240' title='bbox 299 3288 311 3320; x_wconf 77' lang='grc' dir='ltr'><strong>ι</strong></span> <span class='ocrx_word' id='word_1_241' title='bbox 327 3270 394 3323; x_wconf 88' lang='lat' dir='ltr'><strong>tera</strong></span> <span class='ocrx_word' id='word_1_242' title='bbox 409 3270 562 3333; x_wconf 83' lang='lat' dir='ltr'><strong>veterum,</strong></span> <span class='ocrx_word' id='word_1_243' title='bbox 575 3271 607 3326; x_wconf 86' lang='lat' dir='ltr'><strong>et</strong></span> <span class='ocrx_word' id='word_1_244' title='bbox 623 3259 754 3346; x_wconf 85' lang='lat' dir='ltr'><strong>ejicietis</strong></span> <span class='ocrx_word' id='word_1_245' title='bbox 770 3273 873 3326; x_wconf 81' lang='lat' dir='ltr'><strong>vetera</strong></span> <span class='ocrx_word' id='word_1_246' title='bbox 887 3287 905 3327; x_wconf 86' lang='lat' dir='ltr'><strong>a</strong></span> <span class='ocrx_word' id='word_1_247' title='bbox 917 3277 1088 3352; x_wconf 86' lang='lat' dir='ltr'><strong>conspectu</strong></span> <span class='ocrx_word' id='word_1_248' title='bbox 1104 3287 1255 3332; x_wconf 83' lang='lat' dir='ltr'><strong>novorum</strong></span> <span class='ocrx_word' id='word_1_249' title='bbox 1268 3261 1314 3328; x_wconf 70' lang='grc' dir='ltr'><strong>’.ι</strong></span> 
     </span>
     <span class='ocr_line' id='line_1_29' title="bbox 300 3367 1325 3460; baseline 0.008 -28"><span class='ocrx_word' id='word_1_250' title='bbox 300 3367 471 3445; x_wconf 86' lang='lat' dir='ltr'><strong>Quomodo</strong></span> <span class='ocrx_word' id='word_1_251' title='bbox 489 3369 632 3455; x_wconf 87' lang='lat' dir='ltr'><strong>ejicimus</strong></span> <span class='ocrx_word' id='word_1_252' title='bbox 655 3383 761 3435; x_wconf 81' lang='lat' dir='ltr'><strong>vetera</strong></span> <span class='ocrx_word' id='word_1_253' title='bbox 784 3395 800 3434; x_wconf 88' lang='lat' dir='ltr'><strong>a</strong></span> <span class='ocrx_word' id='word_1_254' title='bbox 825 3385 995 3460; x_wconf 90' lang='lat' dir='ltr'><strong>conspectu</strong></span> <span class='ocrx_word' id='word_1_255' title='bbox 1017 3377 1197 3440; x_wconf 80' lang='lat' dir='ltr'><strong>novorum?</strong></span> <span class='ocrx_word' id='word_1_256' title='bbox 1214 3376 1325 3442; x_wconf 71' lang='lat' dir='ltr'><strong>veisa</strong></span> 
     </span>
     <span class='ocr_line' id='line_1_30' title="bbox 298 3475 1324 3567; baseline 0.007 -25"><span class='ocrx_word' id='word_1_257' title='bbox 298 3475 467 3547; x_wconf 87' lang='lat' dir='ltr'><strong>habuimus</strong></span> <span class='ocrx_word' id='word_1_258' title='bbox 491 3479 607 3567; x_wconf 89' lang='lat' dir='ltr'><strong>Legem</strong></span> <span class='ocrx_word' id='word_1_259' title='bbox 621 3491 652 3544; x_wconf 90' lang='lat' dir='ltr'><strong>et</strong></span> <span class='ocrx_word' id='word_1_260' title='bbox 667 3479 853 3567; x_wconf 86' lang='lat' dir='ltr'><strong>Prophetas,</strong></span> <span class='ocrx_word' id='word_1_261' title='bbox 871 3494 975 3546; x_wconf 85' lang='lat' dir='ltr'><strong>vetera</strong></span> <span class='ocrx_word' id='word_1_262' title='bbox 997 3493 1104 3547; x_wconf 86' lang='lat' dir='ltr'><strong>autem</strong></span> <span class='ocrx_word' id='word_1_263' title='bbox 1120 3495 1285 3560; x_wconf 81' lang='lat' dir='ltr'><strong>veterum,</strong></span> <span class='ocrx_word' id='word_1_264' title='bbox 1299 3503 1324 3548; x_wconf 71' lang='grc' dir='ltr'>ι</span> 
     </span>
     <span class='ocr_line' id='line_1_31' title="bbox 300 3567 1327 3676; baseline 0.007 -25"><span class='ocrx_word' id='word_1_265' title='bbox 300 3610 370 3672; x_wconf 81' lang='lat' dir='ltr'><strong>quae</strong></span> <span class='ocrx_word' id='word_1_266' title='bbox 387 3598 459 3653; x_wconf 85' lang='lat' dir='ltr'><strong>ante</strong></span> <span class='ocrx_word' id='word_1_267' title='bbox 475 3587 591 3676; x_wconf 86' lang='lat' dir='ltr'><strong>Legem</strong></span> <span class='ocrx_word' id='word_1_268' title='bbox 606 3589 733 3654; x_wconf 79' lang='lat' dir='ltr'><strong>fuorunt</strong></span> <span class='ocrx_word' id='word_1_269' title='bbox 747 3590 787 3655; x_wconf 84' lang='lat' dir='ltr'><strong>ab</strong></span> <span class='ocrx_word' id='word_1_270' title='bbox 800 3567 905 3666; x_wconf 64' lang='lat' dir='ltr'><strong>initio,</strong></span> <span class='ocrx_word' id='word_1_271' title='bbox 917 3613 990 3656; x_wconf 90' lang='lat' dir='ltr'><strong>cum</strong></span> <span class='ocrx_word' id='word_1_272' title='bbox 1005 3593 1265 3658; x_wconf 81' lang='lat' dir='ltr'><strong>muudussactus</strong></span> <span class='ocrx_word' id='word_1_273' title='bbox 1276 3603 1327 3658; x_wconf 79' lang='lat' dir='ltr'><strong>est.</strong></span> 
     </span>
    </p>
   </div>
   <div class='ocr_carea' id='block_1_3' title="bbox 301 3738 1324 3876">
    <p class='ocr_par' dir='ltr' id='par_1_11' title="bbox 301 3738 1324 3876">
     <span class='ocr_line' id='line_1_32' title="bbox 332 3738 1324 3812; baseline 0.011 -26"><span class='ocrx_word' id='word_1_274' title='bbox 332 3738 444 3802; x_wconf 80' lang='lat' dir='ltr'><strong>¹prea.</strong></span> <span class='ocrx_word' id='word_1_275' title='bbox 463 3757 499 3799; x_wconf 85' lang='lat' dir='ltr'><strong>vr,</strong></span> <span class='ocrx_word' id='word_1_276' title='bbox 517 3743 709 3806; x_wconf 71' lang='lat' dir='ltr'><strong>17.-²1.evn.</strong></span> <span class='ocrx_word' id='word_1_277' title='bbox 731 3761 801 3805; x_wconf 74' lang='lat' dir='ltr'><strong>xxvi,</strong></span> <span class='ocrx_word' id='word_1_278' title='bbox 822 3763 844 3810; x_wconf 90' lang='lat'><strong>9.</strong></span> <span class='ocrx_word' id='word_1_279' title='bbox 863 3744 911 3784; x_wconf 64' lang='grc' dir='ltr'><strong>--ι</strong></span> <span class='ocrx_word' id='word_1_280' title='bbox 924 3747 1013 3795; x_wconf 82' lang='lat' dir='ltr'><strong>Mattb.</strong></span> <span class='ocrx_word' id='word_1_281' title='bbox 1032 3763 1103 3806; x_wconf 77' lang='lat' dir='ltr'><strong>uri,</strong></span> <span class='ocrx_word' id='word_1_282' title='bbox 1118 3747 1157 3812; x_wconf 71' lang='lat'><strong>75.</strong></span> <span class='ocrx_word' id='word_1_283' title='bbox 1171 3775 1202 3786; x_wconf 89' lang='lat'><em>-</em></span> <span class='ocrx_word' id='word_1_284' title='bbox 1218 3748 1230 3781; x_wconf 82' lang='lat'><strong>¹¹</strong></span> <span class='ocrx_word' id='word_1_285' title='bbox 1245 3749 1324 3798; x_wconf 68' lang='lat' dir='ltr'><strong>Levit-</strong></span> 
     </span>
     <span class='ocr_line' id='line_1_33' title="bbox 301 3813 748 3876; baseline 0.02 -17"><span class='ocrx_word' id='word_1_286' title='bbox 301 3827 356 3860; x_wconf 79' lang='lat' dir='ltr'><strong>xxvi</strong></span> <span class='ocrx_word' id='word_1_287' title='bbox 367 3848 374 3872; x_wconf 89' lang='lat'><strong>,</strong></span> <span class='ocrx_word' id='word_1_288' title='bbox 385 3830 406 3876; x_wconf 87' lang='lat'><strong>9.</strong></span> <span class='ocrx_word' id='word_1_289' title='bbox 421 3841 451 3850; x_wconf 93' lang='lat'>-</span> <span class='ocrx_word' id='word_1_290' title='bbox 462 3813 471 3845; x_wconf 76' lang='lat'>⁵</span> <span class='ocrx_word' id='word_1_291' title='bbox 483 3813 549 3863; x_wconf 85' lang='lat' dir='ltr'><strong>ibid.</strong></span> <span class='ocrx_word' id='word_1_292' title='bbox 560 3843 590 3853; x_wconf 92' lang='lat'>-</span> <span class='ocrx_word' id='word_1_293' title='bbox 604 3817 613 3849; x_wconf 80' lang='lat'><strong>⁶</strong></span> <span class='ocrx_word' id='word_1_294' title='bbox 626 3816 695 3866; x_wconf 88' lang='lat' dir='ltr'><strong>Ibid.</strong></span> <span class='ocrx_word' id='word_1_295' title='bbox 712 3837 748 3868; x_wconf 88' lang='lat' dir='ltr'><strong>ro.</strong></span> 
     </span>
    </p>
   </div>
   <div class='ocr_carea' id='block_1_4' title="bbox 0 0 1388 4624">
    <p class='ocr_par' dir='ltr' id='par_1_12' title="bbox 0 0 1388 4624">
     <span class='ocr_line' id='line_1_34' title="bbox 0 0 1388 4624; baseline 0 0"><span class='ocrx_word' id='word_1_296' title='bbox 0 0 1388 4624; x_wconf 95' lang='lat' dir='ltr'><strong> </strong></span> 
     </span>
    </p>
   </div>
  </div>
 </body>
</html>
