2644 4612
235 239 298 317 Aba
682 263 823 306 oarcnurs

231 396 360 450 sautem
384 385 418 450 in
443 384 543 473 figura
570 386 797 474 contingebant
819 383 888 452 illis.
912 387 1019 476 Scripta
1042 351 1126 458 auum
1143 409 1195 460 sant

233 505 382 582 »propter
396 516 473 569 nos,
495 493 624 580 inques
645 491 717 560 finis
738 491 924 558 saeculorum
944 495 1100 562 devenitl.s
1116 499 1164 565 Sel
1175 515 1196 568 aa

231 601 329 668 tinem
345 624 438 688 quem
458 602 535 666 dicit
555 599 690 678 Paulus,
708 624 772 666 non
788 599 939 690 intelligas
954 602 1125 691 corporalem.
1136 607 1197 674 Finis

232 711 318 776 enim
330 709 500 798 corporalis
512 706 628 774 multos
640 709 779 774 inveniet
793 732 851 797 pro
866 710 974 796 quibus
984 734 1039 776 non
1049 725 1108 778 sunt
1115 715 1198 802 scripta

233 818 323 886 haec:
348 841 450 906 noque
464 818 550 884 enim
564 818 747 906 hujusmodi
763 819 803 882 de
818 817 866 882 bis
882 819 1023 906 recipient
1040 819 1195 890 intellectum.

139 968 142 974 ·
232 930 297 997 Sed
313 929 411 995 linem
427 927 633 1004 seculorum,
654 929 882 1016 perfectionem
898 952 998 994 rerum
1013 929 1140 1019 intellige,
1150 957 1197 1020 qua

231 1039 339 1128 utique
354 1034 451 1103 Paulo
466 1048 500 1102 et
520 1034 673 1102 similibus
695 1037 764 1125 ejus
786 1036 1010 1113 advenisse,.et
1027 1051 1131 1126 propter
1142 1040 1197 1127 ipses

231 1148 347 1236 scripta
369 1144 437 1211 baec
460 1167 527 1210 esse
548 1145 708 1211 dicuntur.
735 1145 799 1212 Sed
816 1144 885 1211 haec
904 1145 936 1210 in
952 1169 1073 1212 excursu
1090 1147 1196 1223 diuinus,

230 1253 369 1320 volantes
390 1252 556 1320 ostendere
573 1254 734 1340 quomodo
752 1253 846 1320 amici
867 1254 968 1342 sponsi
985 1255 1079 1320 dicam
1092 1255 1121 1321 ad
1135 1279 1196 1344 spon·
1259 1319 1260 1322 ,

229 1385 313 1440 sam,
329 1363 433 1429 lacero
444 1385 477 1428 se
488 1361 518 1426 ei
533 1359 752 1427 similitudines
768 1361 836 1427 auri
851 1383 927 1426 cum
943 1362 1154 1428 distinctionibus
1162 1389 1195 1430 ar·
1259 1401 1260 1426 r

229 1472 314 1562 genti
332 1494 390 1560 per
403 1493 439 1536 ca
459 1468 579 1536 scilicet
592 1493 663 1556 qoae
685 1469 718 1534 in
732 1469 817 1558 Lege
840 1481 871 1534 et
894 1468 1048 1558 prophetis
1067 1471 1192 1559 perlgua
1259 1551 1260 1554 Ἴ

228 1592 260 1646 et
278 1579 429 1668 imagines
443 1590 477 1643 et
496 1575 717 1642 similitudines
732 1587 765 1640 ct
786 1575 972 1666 parabolas,
994 1578 1095 1666 scripta
1109 1579 1191 1643 tradide-

229 1700 314 1754 runt.
340 1689 422 1754 Sunt
443 1698 549 1752 tamon
571 1686 605 1750 in
625 1684 674 1751 his
696 1697 729 1750 et
752 1709 855 1774 parvae
880 1685 1023 1774 quadam
1046 1687 1186 1753 distinctiones
1259 1765 1260 1770 ἵ

227 1797 365 1886 argenti,
388 1793 504 1860 indicia
519 1791 640 1858 scilicet
654 1815 764 1858 sensus
787 1793 933 1881 spiritalis
952 1796 1035 1860 verbi
1049 1807 1077 1860 et
1093 1797 1180 1882 inlapse

227 1904 354 1971 tationis
368 1898 582 1976 rationabilis,
598 1900 674 1966 licet
688 1911 721 1966 et
738 1899 828 1967 valde
846 1925 916 1968 rara
927 1915 961 1966 ct
976 1903 1085 1992 exigua
1096 1901 1174 1968 aare

228 2024 358 2080 ventum
384 2033 520 2097 namquo
541 2009 670 2075 Domini
699 2010 749 2076 vix
775 2010 876 2077 sicubi
898 2011 1105 2101 prophetarum
1118 2007 1177 2094 daia

229 2143 340 2211 parum
352 2118 430 2207 quid
441 2116 557 2185 occulti
569 2117 723 2182 sermonis
735 2119 857 2205 aperuit
870 2141 879 2182 :
899 2119 988 2184 verbi
999 2118 1086 2208 gratia
1099 2115 1185 2181 utllaiu

227 2251 302 2296 cum
317 2227 416 2294 dicit:
439 2224 561 2292 «Viaca
583 2224 711 2290 Domini
727 2224 868 2290 Sabaoth
890 2223 1005 2292 domus
1027 2223 1191 2296 leudaste

230 2337 364 2404 »domus
380 2335 463 2400 Juda
486 2330 608 2398 novella
626 2329 772 2397 dilecta².
788 2359 801 2392 s
819 2334 858 2398 Et
879 2333 997 2400 iterum
1019 2333 1099 2400 alibi:
1117 2331 1195 2415 «iqua

228 2445 356 2514 amultae
371 2456 479 2534 gentes
495 2441 602 2508 multa
624 2441 728 2539 sunt⁸.
745 2470 758 2502 s
780 2442 821 2507 Et
836 2442 984 2508 Ezechiel
1001 2443 1135 2509 nominans
1147 2437 1198 2502 duas

226 2577 348 2622 sorores
365 2551 490 2619 Oollam
503 2601 512 2627 ,
524 2563 555 2615 et
567 2549 715 2626 Olibam,
732 2549 825 2615 aliam
838 2551 1013 2618 Samariam
1026 2548 1151 2637 distinguit
1157 2567 1201 2608 esse

225 2678 258 2731 et
274 2663 366 2731 oliam
382 2663 400 2726 J
404 2658 544 2727 udaeam‘
561 2683 568 2722 :
588 2669 619 2722 et
635 2657 735 2722 sicubi
751 2659 825 2722 talia
841 2659 988 2745 quasdam
1007 2659 1072 2747 ipsis
1087 2651 1203 2744 prophetis

224 2760 504 2861 interpretantibus
526 2767 724 2855 aperiantur,
749 2764 815 2829 istae
831 2765 1046 2832 distinctiones
1064 2762 1156 2853 argenti
1173 2759 1204 2824 di·

224 2893 350 2949 cuntur.
368 2879 428 2944 Ubi
440 2899 513 2942 vero
529 2872 672 2940 Salvator
687 2885 719 2937 et
731 2873 884 2939 Dominus
896 2887 1005 2942 noster
1015 2875 1094 2940 Josus
1104 2870 1205 2936 Christus

224 2989 352 3056 advenit
370 2997 445 3052 nota
461 2983 579 3050 faciens
593 2981 699 3047 omnia
716 2983 812 3046 verbo
830 2983 954 3048 virtutis
971 3007 1049 3058 snas,
1064 2985 1092 3046 in
1104 2978 1207 3068 passione
1259 3001 1260 3008 ¹

225 3100 293 3187 ejus
311 3095 463 3161 indicium
479 3091 590 3156 datum
611 3101 679 3165 est,
702 3089 789 3177 quod
810 3112 847 3154 ea
863 3113 934 3178 quae
948 3093 982 3157 in
1003 3087 1162 3156 absconditis
1175 3096 1208 3146 te·

225 3207 398 3278 nebantur,
419 3214 451 3266 ot
475 3222 587 3267 arcana
607 3209 715 3272 erant,
735 3197 768 3262 in
784 3195 888 3262 lucent
911 3199 1129 3287 proferrentur,
1147 3188 1209 3257 etad

224 3311 508 3380 manifestationem
527 3307 669 3374 venirent
691 3329 748 3394 per
761 3305 826 3371 hoo
839 3306 926 3394 quod
951 3304 1049 3374 velum
1066 3301 1208 3391 templique

223 3433 331 3488 sancta
346 3429 528 3485 sanctorum
543 3427 575 3480 et
590 3437 704 3481 arcana
723 3412 925 3490 velabantur,
943 3416 1068 3481 scissum
1081 3424 1123 3477 est
1135 3409 1211 3474 desua

224 3553 294 3596 sum
309 3529 378 3617 ejus
395 3549 492 3614 usqae
504 3525 670 3600 deorsum,
686 3518 790 3610 palam
801 3521 868 3586 soro
884 3522 1072 3589 denuncians
1082 3517 1211 3586 omnibus,

224 3638 309 3727 quod
331 3635 519 3702 intrinsecus
535 3632 700 3698 videbatur
717 3630 891 3696 obtectum.
910 3631 963 3697 Sic
977 3653 1048 3720 ergo
1068 3627 1133 3693 illud
1151 3620 1212 3711 quad

223 3771 280 3837 per
295 3739 432 3834 Angelos
441 3755 475 3808 et
489 3741 661 3830 Prophetas
677 3739 892 3806 ministratum
910 3752 977 3816 est,
997 3737 1148 3806 similitudo
1165 3729 1211 3800 auri

259 3895 268 3927 ¹
282 3909 290 3941 1
307 3891 366 3941 Cor.
378 3908 410 3948 x,
426 3903 465 3937 rr.
480 3915 502 3922 -
520 3884 597 3936 ²1ssi.
612 3903 635 3945 v,
647 3901 671 3952 7.
685 3913 718 3922 -
732 3881 832 3949 ‘Apoe
842 3901 915 3944 xvrr,
930 3883 969 3934 15.
1024 3881 1032 3913 ⁴
1047 3884 1120 3932 aze-h.
1132 3892 1190 3927 arur,
