2702 4610
449 301 480 350 IN
504 307 683 350 nnvlrtcun.

157 544 167 560 ι
190 544 200 558 ι
207 539 366 560 *nv-mun!
372 538 425 556 bna
432 536 749 556 summm-munuum
756 534 1031 556 nnnwnuusus
1041 535 1085 556 vn

395 710 624 790 HOM1L1n
657 718 707 794 IV
722 723 746 789 ¹.

323 908 415 969 Tertio
426 903 460 967 de
471 907 620 992 sacrfict'is
633 931 685 986 pro
696 923 813 985 peceato.

10 1147 11 1184 1
107 1117 164 1186 Sed
186 1119 345 1186 videamus
363 1115 375 1150 ²
391 1139 461 1203 quae
483 1116 545 1181 sint
566 1114 605 1181 de
628 1117 743 1202 quibus
759 1139 846 1182 nune
864 1131 959 1205 prout
974 1143 1086 1207 possu-

62 1253 138 1305 mus,
153 1227 254 1317 aliqua
271 1227 381 1293 dicere
396 1224 549 1291 debemus
564 1247 597 1288 :r
610 1223 650 1288 Et
664 1223 790 1289 loeutus
806 1236 866 1300 est,-
880 1227 1002 1312 inquit,
1019 1229 1085 1293 Do-

60 1339 188 1404 »minus
199 1333 396 1424 adltloywn,
407 1335 532 1401 dicens:
547 1333 661 1401 Anima
677 1355 886 1422 quaecumque
897 1339 1087 1425 peccaverit,

61 1478 74 1510 ι
87 1460 121 1512 et
136 1448 316 1538 praeteriens
330 1445 515 1534 preterierit
536 1456 695 1533 praecepta
715 1444 856 1521 Domini,
872 1459 904 1510 et
920 1447 1090 1513 mentietur

68 1589 80 1618 ι
94 1555 232 1646 proximo
247 1580 339 1645 super
351 1554 507 1644 deposito,
520 1565 576 1618 eut
589 1555 751 1630 societate,
765 1565 819 1621 aut
831 1557 938 1646 rupina
949 1582 958 1630 ;
971 1569 1025 1622 aut
1037 1582 1092 1623 no-

70 1667 159 1733 »cuit
175 1666 289 1756 aliquid
307 1667 466 1756 proximo,
484 1677 536 1732 aut
551 1666 671 1731 invenit
688 1665 896 1754 perditionem
913 1680 945 1732 et
961 1669 1093 1734 mentie-

68 1789 140 1841 ntur
157 1778 194 1842 de
212 1799 260 1852 ea,
281 1788 339 1841 eut
362 1775 514 1864 juraverit
529 1775 638 1864 inique
654 1773 693 1839 de
710 1799 773 1840 uno
788 1778 827 1842 ab
845 1777 993 1844 omnihus
1008 1801 1092 1867 quee-

62 1911 216 1976 »oumque
231 1889 349 1955 feeerit
363 1882 475 1962 homo‘,
493 1899 528 1951 ut
543 1897 656 1975 peooet
671 1885 703 1950 in
719 1884 788 1951 his:
804 1887 908 1952 eterit
923 1912 999 1953 curn
1015 1912 1092 1977 peo-

61 2027 73 2060 ι
87 1999 211 2074 caverit,
228 2010 260 2065 et
276 1995 464 2086 deliquerit,
479 2007 512 2061 et
524 1995 637 2062 reddet
649 1995 791 2084 rapinam
802 2019 897 2083 quam
909 1998 1025 2088 rapuit,
1037 2011 1092 2062 aut

62 2106 227 2194 »injuriam
243 2129 311 2194 que
327 2103 451 2178 nourrit,
467 2116 521 2167 aut
537 2103 717 2192 depositum
734 2103 820 2190 quod
831 2105 1092 2170 commendatum

67 2227 141 2280 »est
162 2217 202 2290 ei,
221 2225 272 2280 aut
296 2212 511 2304 perditionem
533 2235 629 2300 quam
650 2211 770 2277 invenit
794 2213 833 2277 ub
854 2215 940 2277 omni
961 2237 1009 2288 re,
1034 2237 1091 2302 pro

72 2345 155 2410 »que
165 2323 309 2410 juraverit
323 2323 454 2411 injuste,
472 2335 504 2388 et
519 2321 664 2387 restituet
680 2322 783 2410 ipsum
802 2332 909 2410 caput,
924 2335 957 2387 et
968 2323 1094 2412 quintus

70 2433 215 2522 »insuper
228 2434 370 2522 augebit,
384 2444 416 2497 et
432 2433 523 2519 cujus
538 2443 585 2497 est
601 2433 630 2496 ei
645 2431 770 2506 reddet,
788 2455 848 2518 que
866 2432 916 2496 die
932 2434 1096 2498 convictus
1183 2463 1192 2474 ·

62 2543 178 2607 ‚luerit
188 2541 210 2608 ³.
224 2571 238 2606 r
254 2543 332 2608 Huc
346 2563 445 2628 usque
462 2539 589 2605 interim
604 2539 727 2627 peccati
743 2539 863 2628 species
879 2553 1094 2632 exponuntur,

61 2665 160 2744 postea
176 2677 251 2718 vero
266 2652 418 2742 purgatio
433 2652 502 2737 ejus
517 2675 576 2740 per
592 2651 710 2715 hostias
728 2649 911 2736 imperatur.
932 2649 963 2713 Si
980 2650 1034 2736 qui
1050 2649 1097 2714 in·

61 2763 136 2828 [irmi
152 2775 239 2840 sunt,
259 2774 296 2827 et
316 2762 481 2850 incapaces
498 2759 710 2848 profundioris
726 2757 878 2846 mysterii,
900 2757 1098 2826 aedificentur

59 2897 93 2938 ex
107 2871 221 2949 littera,
235 2883 269 2937 et
286 2870 393 2936 soient
410 2869 481 2956 quia
498 2870 523 2934 si
540 2869 609 2955 quis
626 2867 806 2956 praeteriens
817 2869 1003 2957 preterierit
1015 2893 1096 2956 prae-

59 2995 142 3071 oepta
162 2981 315 3054 Domini,
332 2989 364 3044 et
380 2974 529 3044 urentitus
554 2967 649 3041 luerit
671 2977 815 3064 proximo
830 2999 925 3064 super
940 2977 1096 3068 deposito,

63 3104 108 3155 aut
129 3093 305 3165 societate,
326 3100 380 3154 aut
396 3087 519 3174 rapina,
542 3085 665 3173 peceati
683 3085 818 3174 ingentis
834 3096 990 3150 statuetur
1011 3111 1092 3152 reus.

63 3197 118 3264 Sed
131 3202 212 3265 absit
227 3201 298 3265 hoe
317 3198 355 3263 ab
372 3193 514 3262 Ecclesia
530 3195 601 3269 Dei,
619 3206 654 3258 ut
668 3217 727 3282 ego
739 3193 866 3258 credam
879 3217 946 3259 esse
960 3193 1096 3284 aliquem

64 3310 93 3372 in
108 3323 188 3376 eoetu
214 3311 279 3373 isto
297 3315 498 3378 sanctorum,
516 3304 569 3390 qui
591 3325 624 3366 se
639 3313 705 3366 torn
726 3299 892 3367 infeliciter
906 3315 977 3390 eget
994 3314 1028 3369 ut
1046 3305 1098 3369 de·

71 3419 192 3502 positum
206 3414 353 3508 proximi
370 3412 417 3478 sui
434 3423 539 3501 neget,
554 3422 609 3476 aut
624 3411 807 3476 societatem
823 3410 933 3475 fraude
947 3413 1099 3477 contami·

75 3535 194 3596 uet‚aut
212 3524 266 3594 vel
285 3527 355 3612 ipse
378 3519 478 3588 aliene
500 3519 637 3608 diripiat,
660 3529 714 3583 aut
735 3519 774 3584 ab
801 3516 867 3584 aliis
889 3531 976 3608 rupta
1004 3524 1099 3588 susci-

71 3631 140 3722 piet,
152 3647 180 3702 et
194 3661 254 3725 pro
273 3635 339 3708 his,
357 3633 382 3698 si
400 3632 439 3696 eb
456 3654 494 3698 eo
510 3629 723 3717 requirantur,
741 3639 850 3694 contra
867 3629 1094 3696 conscientium

69 3745 152 3830 juret.
168 3749 277 3821 Absit,
294 3743 390 3817 absit,
402 3742 543 3828 inquom,
561 3753 595 3805 ut
612 3741 680 3805 hoeo
696 3763 754 3828 ego
775 3739 814 3802 de
834 3735 940 3833 aliquo
957 3738 1098 3806 fidelium

98 3879 189 3934 ¹Tum‚
204 3879 244 3935 tl,
258 3894 286 3940 p.
306 3882 384 3938 199131
396 3885 468 3934 srqq.
480 3867 571 3918 -²N.
589 3888 611 3928 a,
624 3871 648 3930 5,
659 3869 684 3928 4,
698 3871 718 3916 5.
734 3885 758 3932 p.
778 3885 821 3932 ¹99
832 3869 862 3915 erl
876 3883 931 3917 nor.

95 3948 195 3998 licerit.
209 3967 245 4008 rr,
265 3968 274 3996 r
293 3957 320 3995 ct
331 3963 403 4012 seqq.
