2604 4614
180 347 186 368 .
216 263 280 332 566
657 288 799 332 onronnra

208 408 295 473 ribus
306 407 492 493 jaceremus.
502 404 601 494 Igitur
608 399 771 472 sciendum
786 417 834 472 eat
848 407 906 472 Dei
913 405 1102 474 charitatem
1114 428 1235 496 semper

208 516 250 584 ad
264 515 367 580 Deum
382 513 529 588 tendere,
544 539 562 580 a
578 537 642 602 quo
658 514 811 603 originem
826 514 934 590 duxit,
953 527 986 581 et
1001 515 1041 581 ad
1060 515 1235 604 proximum

209 624 384 712 respicere,
409 645 483 688 cum
507 645 569 708 quo
597 623 799 711 participium
817 623 943 700 inierit,
965 635 1076 713 utpote
1103 621 1238 689 similiter

207 743 351 798 creatum
367 731 399 796 in
416 729 626 818 corruptione.
648 730 702 798 Sic
716 753 792 820 ergo
807 753 1016 819 quaecumque
1031 730 1075 796 de
1089 729 1236 796 charitate

208 839 324 927 scripta
339 849 430 915 sunt,
446 838 532 926 quasi
549 838 589 905 de
604 857 711 905 umore
726 839 810 906 dicta
825 840 970 928 suscipe,
987 837 1071 904 nihil
1086 838 1133 904 de
1148 840 1239 904 nomi-

209 947 301 1012 nibus
317 969 440 1012 curans.
454 945 571 1012 Eadem
586 967 724 1034 nemque
737 947 770 1012 in
788 960 924 1036 utroque
936 949 1036 1013 virtut
1054 946 1236 1014 ostenditur.

153 1057 155 1062 '
211 1054 305 1136 Quod
318 1054 426 1142 siquis
443 1054 546 1130 dieat,
562 1055 635 1142 quia
649 1067 682 1119 et
695 1055 883 1144 pecuniam,
896 1055 1127 1130 meretricem,
1145 1067 1177 1120 et
1189 1053 1238 1120 alia

210 1162 352 1230 similiter
366 1161 448 1230 mala
459 1163 570 1230 eodem
589 1161 743 1232 vocabulo
758 1165 844 1250 quod
860 1187 877 1228 a
892 1165 1052 1230 charitate
1063 1164 1145 1240 draci
1160 1165 1239 1230 ride-

210 1285 276 1350 tur,
293 1271 422 1362 diligere
439 1271 630 1361 appellamur
645 1297 652 1337 :
668 1273 832 1342 sciendum
842 1285 890 1340 est
905 1274 938 1340 in
955 1273 1005 1340 his
1021 1297 1091 1338 non
1106 1275 1239 1362 proprie,

211 1381 267 1448 ced
293 1381 418 1448 abusive
431 1380 620 1448 charitatem
643 1381 809 1480 nominari.
835 1380 1048 1466 Sicut(rerbi
1065 1383 1187 1470 patin)
1209 1395 1236 1446 et

209 1491 295 1558 Deus
309 1513 425 1559 nomen
446 1488 657 1578 principaliter
671 1491 704 1555 in
721 1513 758 1556 eo
774 1503 839 1564 est,
856 1509 896 1556 ex
910 1513 975 1578 quo
992 1489 1109 1556 omnia
1120 1540 1129 1566 ,
1142 1503 1173 1556 et
1189 1513 1234 1578 per

210 1601 306 1686 quem
321 1595 444 1672 omnia,
460 1606 493 1660 et
513 1597 544 1662 in
560 1617 623 1684 quo
639 1595 744 1661 omnia
763 1619 771 1659 ε
790 1594 876 1684 quod
895 1595 1007 1682 utique
1024 1606 1140 1683 aperte
1154 1595 1232 1658 rirtu-

210 1718 294 1781 tem,
307 1715 341 1770 et
351 1715 498 1770 naturam
509 1705 597 1770 trinae
605 1701 826 1792 singularitatis
837 1703 1000 1770 enunciat.
1019 1703 1231 1768 Sectmdoreru

215 1813 248 1878 in
264 1811 356 1888 loco,
372 1823 424 1886 et,
448 1823 482 1878 ut
500 1811 540 1876 ita
562 1810 711 1888 dixerim,
734 1810 861 1878 abusive
882 1810 966 1876 Deos
987 1809 1075 1876 dicit
1092 1812 1222 1898 Scriptura

219 1922 314 1987 etiem
326 1917 395 1984 illus
415 1919 454 1986 ad
469 1943 547 2008 quos
562 1942 665 1986 sermo
679 1919 737 1984 Dei
754 1917 808 1995 iit,
824 1919 905 1984 sieut
920 1916 1215 1986 confirmet'Salrator

216 2029 250 2093 in
265 2025 449 2116 Evangeliis.
469 2027 576 2094 Sedet
590 2026 731 2094 etelestes
747 2027 876 2092 virtutes
891 2029 951 2094 sub
965 2026 1038 2094 hoc
1053 2027 1159 2094 numine
1170 2049 1209 2115 tp

213 2134 311 2225 pelari
323 2136 483 2210 ridentur,
498 2135 573 2202 dum
587 2136 702 2202 dicitur
716 2159 724 2201 ε
737 2136 846 2202 «Deus
857 2136 942 2202 stetit
954 2135 988 2200 in
1008 2133 1221 2224 synagupdeo

215 2269 308 2312 »rum
317 2294 327 2323 ,
336 2247 369 2312 in
380 2245 600 2312 medicantem
613 2243 889 2334 deosdijudicat¹.
905 2245 1041 2311 ›Tertio
1053 2267 1130 2310 vero
1139 2240 1226 2310 iulum

216 2357 282 2444 jem
303 2377 368 2421 non
384 2355 528 2432 abusive,
549 2355 605 2420 ced
625 2352 721 2429 salso,
739 2354 781 2420 dii
803 2353 944 2442 gentium
961 2353 1124 2419 &mones
1137 2347 1232 2441 appeL

216 2462 333 2538 lentur,
350 2485 424 2530 cum
442 2461 516 2528 dicit
535 2462 696 2551 Scriptura
714 2486 722 2528 a
739 2461 886 2528 «Omnes
909 2461 952 2526 dii
967 2462 1116 2550 gentium
1130 2460 1235 2528 dane

215 2570 319 2638 »nia².
340 2571 475 2658 »ltaque
502 2582 531 2635 et
550 2571 688 2658 primum
712 2569 871 2636 charitatis
891 2591 1009 2636 nomen
1033 2570 1069 2634 in
1095 2570 1169 2636 Deo
1186 2579 1232 2640 est.

215 2692 343 2769 propter
358 2678 440 2767 quod
453 2679 600 2767 jubemur
611 2677 740 2768 diligere
755 2677 858 2744 Deum
873 2701 913 2742 ex
923 2678 1110 2744 totocorde
1127 2689 1240 2750 nosue,

217 2810 257 2853 ex
282 2799 349 2854 tota
363 2787 468 2855 anime
488 2797 611 2864 nostra,
635 2798 667 2853 et
690 2809 729 2852 ex
742 2787 816 2852 totis
836 2785 954 2854 viribus
977 2787 1120 2862 nostris,
1145 2797 1240 2876 utpote

220 2919 294 2962 eum
309 2922 327 2963 a
343 2919 406 2984 quo
421 2895 570 2961 habemus
585 2894 648 2960 hoc
662 2895 785 2983 ipsum,
806 2906 840 2959 ut
862 2891 991 2982 diligere
1013 2894 1187 2982 possimus.
1213 2893 1243 2956 ln

220 3005 288 3094 ipso
305 3006 370 3092 jam
385 3003 451 3070 sine
468 3004 562 3071 dubio
577 3003 769 3079 continetur,
786 3013 821 3066 ut
840 3013 871 3067 et
887 3001 1094 3090 sapientiam,
1112 3015 1145 3068 et
1161 3000 1244 3088 justi-

220 3113 314 3187 tiam,
331 3125 363 3178 et
382 3111 531 3200 pietatem
547 3123 577 3176 et
593 3111 777 3186 veritatem,
798 3131 970 3196 omnesque
985 3107 1124 3176 virtutes
1135 3110 1241 3198 pariter

221 3217 396 3309 diligamus.
420 3219 525 3287 Unum
538 3220 620 3285 enim
639 3231 734 3309 atque
756 3219 840 3285 idem
859 3230 907 3284 est
923 3216 1055 3306 diligere
1078 3219 1192 3292 Deum,
1208 3227 1240 3280 et

220 3326 349 3416 diligere
360 3328 453 3394 bona.
469 3327 612 3394 Secundo
623 3325 712 3404 loco,
729 3327 816 3415 quasi
833 3326 962 3394 abusivo
973 3336 1007 3390 et
1020 3325 1099 3392 inde
1111 3327 1247 3392 derivato

221 3436 350 3504 nomine
368 3436 463 3502 etiam
480 3437 655 3525 proximum
677 3434 806 3526 diligere
824 3436 986 3524 jubemur,
1003 3447 1158 3523 tanquam
1177 3455 1248 3500 nos-

220 3547 315 3634 ipaoe.
333 3543 475 3610 Tertium
487 3567 557 3611 veru
570 3558 618 3611 eet
633 3545 718 3632 quod
735 3543 813 3611 snlso
827 3548 888 3611 cub
899 3543 1066 3610 eharitatis
1079 3541 1171 3609 titulo
1191 3566 1248 3608 ne

221 3659 372 3734 minatur,
397 3655 526 3745 diligere
541 3656 585 3724 val
602 3659 789 3747 pecuniam,
806 3656 854 3725 vel
875 3657 1071 3747 voluptates,
1086 3656 1136 3724 vel
1157 3677 1250 3723 omne

223 3765 375 3856 quidquid
399 3764 441 3832 ad
465 3765 671 3880 corruptelam
691 3768 828 3856 pertinet
847 3780 880 3835 ct
901 3789 1053 3836 errorem.
1083 3767 1153 3836 Non
1177 3785 1248 3854 ergo

259 3917 363 3968 ¹l’mlrn.
374 3934 478 3983 emm,
494 3935 515 3970 ι.
528 3915 725 3985 -1d.xov1,5.
