2734 4594
194 217 237 299 94
636 231 781 278 oaresnu

192 353 311 422 salutis.
325 355 359 422 Si
370 356 441 442 quis
451 375 526 421 vero
535 353 673 422 animam
685 369 776 420 suam
785 343 957 442 praebuerit
965 345 1006 421 ad
1015 351 1233 445 recipiendam

193 462 299 529 lucem
318 461 405 528 illam
427 455 497 549 qirae
518 461 733 548 extinguetur,
753 459 858 527 lucem
877 462 1072 529 contrariam
1086 462 1230 538 veritati,

193 583 226 636 et
240 571 280 636 ab
296 592 331 636 ea
347 568 442 634 fuerit
453 567 666 643 illuminatus,
683 567 814 634 habebit
825 568 936 658 etipse
947 568 1035 646 dies,
1047 567 1231 645 sedmalos,
1351 607 1352 620 κ

194 689 228 743 et
242 700 307 742 non
318 675 378 740 erit
394 676 427 741 in
444 675 555 741 diebus
571 674 666 752 Jesu,
687 675 744 741 sed
759 675 819 740 erit
835 675 868 740 in
885 675 996 741 diebus
1006 675 1169 752 Manasse,
1185 675 1234 741 rel
1351 687 1352 697 ¹

195 785 229 851 in
246 784 362 851 diebus
380 781 571 860 Pharaonis,
595 781 642 849 vel
664 783 698 849 in
720 781 847 849 alterius
869 783 1099 871 cujuscumque
1120 782 1234 848 diebus

195 891 347 980 pessimis.
366 889 536 979 Propterea
548 890 684 979 denique
695 887 729 955 in
744 889 857 955 diebus
873 888 985 958 Achab
998 889 1079 979 regis
1090 888 1191 979 iniqui
1202 903 1235 955 et

90 1047 102 1056 -
195 997 323 1087 pessimi
350 1020 416 1063 non
433 999 539 1087 potuit
559 999 667 1064 Esaias
690 996 794 1064 videre
816 998 944 1076 nsum,
968 1019 1034 1064 non
1058 998 1165 1086 potuit
1187 999 1235 1063 vi-

197 1107 272 1173 dere
284 1107 455 1174 Dominum
471 1107 606 1174 sabaoth
620 1107 785 1173 sedentem
802 1129 897 1196 super
912 1105 1065 1176 thronum
1075 1104 1235 1172 excelsum

196 1227 229 1282 et
244 1213 403 1280 elevatum
415 1213 438 1280 ¹.
463 1215 529 1282 Sed
548 1237 666 1304 exque
686 1226 831 1280 mortuus
853 1226 902 1279 est
923 1235 979 1279 rex
998 1235 1160 1303 nequam
1181 1236 1235 1279 cu-

195 1325 247 1413 jus
268 1335 359 1390 erant
373 1323 439 1389 dies
453 1320 550 1400 mali,
569 1334 640 1388 tum
657 1321 761 1410 potuit
774 1321 882 1388 videre
895 1319 1054 1409 Propheta
1075 1320 1232 1387 visionem

195 1432 308 1498 Dei...
322 1430 441 1520 lllagis²
454 1454 529 1498 vero
541 1430 755 1518 unusquisque
766 1451 825 1518 pro
840 1428 962 1495 actibus
974 1429 1037 1494 suis
1052 1439 1086 1495 et
1100 1451 1237 1496 conver-
1351 1449 1352 1491 ι

198 1539 319 1605 satione
338 1539 428 1615 ritae,
451 1539 518 1604 dies
538 1538 598 1604 sibi
614 1535 664 1605 vel
681 1535 854 1626 iniquitatis
873 1547 905 1600 et
923 1533 1017 1612 belli,
1034 1532 1085 1601 vel
1103 1536 1235 1625 justitiae
1350 1525 1352 1564 ‘

198 1661 230 1714 et
239 1649 325 1737 pacis
338 1648 482 1736 acquirit.
497 1645 581 1713 Audi
594 1646 730 1736 denique
740 1644 932 1734 Prophetam
947 1644 1107 1711 dicentem
1121 1668 1130 1710 ε
1151 1671 1166 1707 ι
1180 1646 1236 1712 Ti·

197 1755 400 1832 amentibus,
425 1754 539 1841 inquit,
560 1777 678 1820 nomen
696 1765 811 1829 tuum,
831 1752 951 1819 orietur
969 1751 1017 1818 sol
1037 1750 1229 1843 justitiae'‚»

199 1863 267 1928 sine
285 1862 384 1927 dubio
403 1875 440 1925 ut
459 1862 553 1928 saciat
571 1862 615 1927 eis
633 1861 700 1927 dies
713 1861 861 1950 justitie,
880 1861 947 1926 dies
962 1857 1049 1927 lesu.
1068 1862 1117 1928 De
1131 1857 1236 1952 impiis

198 1969 294 2045 dicit,
310 1968 384 2057 quia
399 1967 523 2034 occidet
535 1968 579 2034 eis
591 1965 637 2034 sol
652 1957 797 2058 justitiae,
811 1969 876 2034 sine
893 1967 992 2034 dubio
1002 1965 1063 2034 illis
1074 1967 1108 2034 in
1119 1970 1236 2058 quibus

196 2074 316 2164 justitia
328 2075 445 2141 dormit
456 2074 489 2140 in
500 2075 564 2152 eis,
576 2087 608 2141 et
619 2076 759 2141 tenebrae
769 2075 815 2141 eis
830 2075 1003 2164 iniquitatis
1018 2088 1137 2143 exortae
1149 2090 1232 2144 sunt.

197 2181 251 2249 Vis
267 2192 372 2248 autem
388 2179 531 2247 similiter
544 2181 729 2271 aPropbeta
744 2183 867 2249 discere
881 2183 935 2271 qui
950 2183 1013 2249 sint
1027 2183 1081 2271 qui
1096 2182 1238 2252 habeant

196 2287 432 2356 multitudinem
447 2289 557 2377 pacis?
571 2289 655 2356 Audi
671 2289 833 2379 quomodo
849 2289 928 2356 dicit
938 2289 971 2355 in
981 2289 1129 2379 psalmist
1149 2293 1239 2360 «Pax

197 2395 317 2465 »multa
336 2396 538 2486 diligentibus
555 2420 673 2464 nomen
689 2408 804 2474 tuum,
824 2407 856 2463 et
871 2419 935 2463 non
954 2408 1002 2462 est
1020 2395 1081 2464 illis
1101 2400 1236 2467 scanda-

196 2503 284 2570 »lum
298 2502 320 2568 ⁴.
343 2531 356 2565 ι
378 2505 452 2570 Dies
471 2527 547 2593 ergo
568 2505 697 2594 justitiae
719 2517 752 2570 et
772 2502 942 2570 multitude
964 2504 1050 2593 pacis
1072 2508 1238 2575 exorietur

195 2609 396 2700 diligentibus
418 2633 536 2676 nomen
558 2611 695 2678 Domini.
721 2611 787 2678 Sed
807 2610 928 2678 habent
952 2623 985 2677 et
1010 2613 1101 2702 impii
1127 2613 1238 2682 lucem

195 2745 303 2798 suam,
323 2743 362 2784 ex
376 2739 438 2807 qua
454 2718 521 2785 sine
536 2720 633 2786 dubio
649 2721 836 2785 exoriuntur
854 2721 899 2785 eis
917 2719 984 2787 dies
1001 2719 1088 2785 mali.
1105 2717 1163 2787 vis
1178 2747 1239 2788 au·

194 2840 259 2896 tem
274 2841 307 2894 et
323 2825 387 2894 hoe
401 2825 460 2892 tibi
475 2827 516 2891 de
532 2825 703 2915 Scripturis
718 2827 872 2915 probari?
886 2826 969 2893 Audi
982 2824 1061 2917 quid
1077 2829 1238 2919 scriptum

195 2947 266 3002 est:
285 2935 396 3010 «Lux,
413 2933 527 3020 inquit,
544 2935 634 3023 justis
645 2955 782 3023 semper,
799 2932 854 2999 lux
868 2945 975 3000 autem
991 2935 1166 3024 impiorum
1181 2959 1240 3003 ex·

194 3039 413 3132 »tinguetur'.
437 3067 450 3102 s
472 3041 568 3108 Vides
590 3063 665 3130 ergo
687 3041 762 3128 quia
783 3052 832 3106 est
855 3041 982 3131 propria
1008 3041 1157 3130 quedam
1183 3043 1241 3111 lux

193 3151 382 3240 impiorum,
399 3171 468 3237 quae
484 3148 689 3238 extinguitur,
706 3158 739 3213 et
753 3145 998 3237 lux'justorum,
1018 3173 1089 3237 quae
1104 3173 1242 3240 perma-

193 3271 248 3325 net
265 3258 298 3324 in
316 3268 481 3323 aeternum.
498 3258 539 3323 Et
553 3256 660 3323 nescio
676 3255 701 3321 si
717 3268 782 3322 tam
797 3255 904 3346 inepte
918 3257 988 3347 quis
1003 3255 1182 3348 intelligat,
1198 3273 1239 3325 ut
1351 3243 1352 3306 l

192 3373 284 3452 putet
299 3384 366 3428 esse
382 3358 519 3449 aliquam
534 3358 772 3427 substantialem
785 3359 907 3438 lucem,
920 3359 1013 3429 aliam
1028 3381 1100 3450 quae
1114 3363 1240 3454 impio-

194 3493 266 3538 rum
289 3469 424 3546 dicatur,
446 3480 478 3534 et
497 3465 590 3534 aliam
609 3488 679 3556 quse
696 3469 865 3557 justorum.
893 3467 989 3550 Quod
1010 3467 1120 3559 utique
1144 3471 1240 3540 nullo·

201 3621 208 3628 ι
231 3652 307 3705 ¹laai.
319 3671 342 3705 v.

226 3739 384 3810 ²Pag.459‚
410 3740 538 3804 eol.r,D.

228 3827 661 3898 ’narsat1v,2.-·rm.cm‚
677 3831 728 3888 16,
741 3827 983 3898 sedanam,
999 3847 1023 3902 9.
1037 3829 1194 3904 totam,
1209 3838 1238 3889 5.
