2644 4612
179 279 243 342 508
627 297 770 340 caucasus

177 419 292 506 quibus
311 417 401 506 quasi
417 416 471 482 din
494 437 694 505 compressus
712 428 746 480 at
767 413 944 482 occultatus
964 413 1086 489 exiliit,
1112 415 1232 479 veteris
1315 395 1317 480 i

176 525 358 592 testamenti
374 525 490 590 sentire
505 522 676 590 volumina.
692 523 758 590 Sed
774 537 808 590 et
821 523 906 612 apud
919 522 1123 588 Hieremiam
1136 544 1231 586 vena·
1315 533 1317 576 ι

176 646 262 698 tores
281 644 314 697 et
334 633 508 721 piscatores
522 633 577 720 qui
593 631 767 696 mittuntur
786 653 901 719 capere
921 629 1072 696 homines
1088 629 1135 695 ad
1153 627 1232 693 sale

176 751 242 806 tem
253 789 263 814 ,
275 739 308 804 in
319 739 482 804 montibus
494 751 527 804 et
538 736 673 805 collibus
684 761 739 803 eos
753 759 869 826 capere
883 738 1061 803 dicuntur:
1080 737 1131 801 sic
1147 735 1229 800 enim
1317 768 1318 816 g

177 848 220 914 ait
235 871 244 911 a
271 847 381 912 «Ecce
396 847 490 911 mitto
505 844 623 911 multos
638 845 833 935 piscatores,
849 856 882 910 ct
897 841 1015 909 multos
1037 853 1228 914 venatores,
1317 877 1318 892 ι

177 966 232 1018 set
259 955 386 1041 capient
407 976 462 1017 cos
486 976 582 1042 super
602 975 732 1018 omnem
757 963 901 1018 montem
922 963 955 1015 et
978 972 1079 1038 super
1101 971 1227 1014 omnem

177 1059 315 1128 »collem
326 1060 348 1125 ¹.
365 1088 378 1121 ι
404 1061 500 1141 Quod
518 1084 577 1149 ego
600 1061 699 1148 magis
721 1059 762 1124 ad
780 1059 923 1125 futurum
948 1069 1083 1146 tempus
1098 1057 1136 1121 in
1156 1080 1227 1121 con-

178 1169 389 1234 summatione
404 1166 510 1232 sacculi
529 1165 727 1255 implendum
742 1179 841 1254 puto,
861 1177 897 1230 ut
911 1189 988 1232 cum
1005 1165 1099 1230 missi
1118 1165 1225 1228 luserint
1316 1142 1317 1163 Χ

178 1274 289 1364 Angeli
305 1275 482 1340 secundum
498 1272 722 1362 Evangelicam
733 1271 916 1362 parabolam
935 1273 1052 1338 messis
1065 1284 1221 1360 tempore,

179 1396 214 1448 ιιι
234 1394 416 1472 separarent
437 1383 595 1448 frumenta
610 1407 630 1448 a
653 1381 812 1457 zizaniis²,
829 1382 883 1468 qui
903 1378 1096 1447 excelsioris
1116 1381 1183 1444 sitae
1195 1392 1221 1444 et

179 1490 395 1557 eminentioria
418 1488 514 1555 fucrit
535 1489 801 1564 conversationis,
823 1490 881 1553 iste
900 1488 1111 1563 inveniatur,
1132 1489 1216 1553 autin

180 1599 323 1666 collibus.
347 1599 417 1666 Non
432 1599 610 1664 invenietur
625 1599 658 1664 in
673 1597 848 1664 humilibus
867 1610 899 1662 et
915 1595 1056 1686 dejectis
1078 1595 1166 1673 locis,
1181 1622 1213 1661 nc

180 1709 225 1774 ihi
239 1708 356 1772 mixtus
371 1706 515 1773 videatur
525 1729 593 1771 csse
610 1706 735 1772 zizaniis
750 1729 758 1770 :
773 1705 872 1770 sedin
890 1702 1211 1771 excelsioribussensi

181 1817 241 1880 bus
251 1865 259 1890 ,
271 1815 346 1880 etin
356 1814 527 1880 eminentia
539 1813 613 1878 [idei
624 1814 765 1901 positus,
776 1810 897 1878 salienti
907 1813 941 1878 in
953 1814 1119 1879 montibus
1129 1817 1204 1878 serlo

181 1919 259 1993 Dei,
282 1930 314 1982 et
336 1916 475 1982 exilienti
496 1917 537 1982 in
550 1916 686 1984 collibus
708 1941 832 2006 semper
850 1917 1032 1984 adhaerens.
1056 1918 1136 1998 Quoal
1149 1939 1197 2006 prr
1276 1965 1281 1972 1

182 2024 275 2092 aliam
287 2023 493 2089 nihilominus
506 2023 688 2112 parabolam
701 2073 710 2099 ,
722 2024 907 2090 subendam
919 2036 1032 2090 tamen
1046 2021 1200 2098 intellectu,

183 2132 300 2198 dicitur
313 2132 346 2196 in
360 2130 553 2220 Evangelio:
577 2132 633 2197 «Si
653 2132 723 2218 quis
733 2131 767 2196 in
786 2143 871 2198 tecto
889 2144 954 2209 est,
971 2156 1043 2198 non
1060 2132 1210 2198 deaccntlat

183 2237 315 2304 »tollere
335 2237 452 2326 aliquid
473 2239 515 2303 de
530 2238 686 2304 domo⁸.»
706 2239 813 2304 Potest
833 2238 938 2304 adhuc
960 2252 996 2304 et
1021 2237 1122 2304 aliurn
1138 2238 1212 2304 nolu

182 2369 310 2412 sensum
328 2345 479 2434 praedives
499 2347 557 2412 iste
570 2347 734 2435 praesentis
753 2345 900 2412 versiculi
917 2369 1028 2412 sermo
1046 2369 1214 2436 suggerere

181 2453 332 2521 Possibilo
348 2477 484 2543 namque
500 2466 532 2518 et
544 2477 673 2520 omnem
684 2455 738 2542 qui
753 2452 848 2543 plena
860 2454 923 2519 lide
935 2455 1041 2520 credit
1057 2456 1094 2522 in
1111 2455 1221 2529 usum,

182 2559 231 2626 vel
244 2573 385 2626 montem
397 2611 405 2636 ‚
418 2560 467 2627 vel
479 2559 594 2627 collem
606 2559 775 2651 appellari,
788 2585 847 2650 pro
858 2560 1012 2648 qualitate
1022 2561 1152 2627 scilicet
1164 2562 1224 2628 ritae

181 2680 215 2734 et
229 2668 446 2758 magnitudine
464 2666 700 2757 intelligentie:
720 2669 844 2737 etiamsi
862 2669 958 2733 suerit
973 2667 1154 2757 aliquando
1172 2667 1227 2734 ral-

182 2774 238 2851 lis,
261 2774 447 2864 proliciente
469 2777 503 2840 in
520 2799 559 2840 eo
575 2775 653 2840 «lesu
671 2786 782 2852 aetate,
806 2788 838 2840 et
856 2777 1032 2865 sapientia,
1053 2789 1091 2842 et
1110 2778 1227 2867 gratia,

184 2880 286 2944 omnis
301 2878 388 2945 vallis
404 2878 596 2968 implebitur.
615 2881 754 2968 Superbi
773 2892 879 2945 autem
895 2881 1034 2968 quique,
1049 2893 1088 2945 et
1103 2880 1180 2948 clati
1195 2893 1228 2946 ut

183 2997 308 3054 montes
324 2999 356 3051 et
367 2985 462 3052 colles
474 3037 483 3062 ,
495 2986 769 3053 humiliabuntur:
785 2989 935 3075 quoniam
957 2989 1047 3069 «Qui
1062 3013 1098 3054 se
1112 2988 1230 3056 exaltat

186 3095 425 3162 »humiliabitur
442 3145 450 3170 ,
470 3107 502 3161 et
521 3097 575 3184 qui
599 3119 633 3160 se
650 3094 797 3162 humiliat
816 3095 1004 3162 exaltabitur
1020 3097 1042 3162 ⁴.
1068 3126 1083 3158 ι
1107 3099 1160 3164 De
1184 3100 1229 3186 ip·

185 3203 226 3267 sis
241 3202 327 3268 enim
345 3203 486 3269 dicitur:
518 3203 611 3283 «Qui
632 3202 797 3270 confidunt
817 3203 849 3268 in
869 3204 1005 3269 Domino
1026 3205 1115 3270 sicut
1135 3229 1227 3271 mons

183 3313 283 3379 »Sion
298 3312 351 3387 ⁵‚s
373 3325 405 3377 et
434 3314 631 3380 Hierusalem
667 3315 784 3380 dicitur
810 3339 817 3380 ι
841 3315 993 3382 «Montes
1022 3317 1056 3381 in
1090 3319 1230 3384 circuitu

184 3419 285 3504 sajus.
308 3416 440 3482 r'Uutle
463 3430 540 3506 puto
564 3417 652 3505 quod
672 3419 787 3483 merito
810 3419 905 3486 etiam
928 3419 1074 3485 Salvator
1096 3435 1228 3497 noster,

184 3525 334 3611 quoniam
345 3535 378 3588 et
390 3526 455 3613 ipse
464 3526 580 3592 dicitur
591 3523 668 3613 lapis
683 3525 723 3591 dc
732 3538 840 3592 monte
848 3527 971 3593 excisus
978 3528 1046 3592 sine
1055 3531 1229 3603 manibus,

181 3644 216 3696 nt
233 3631 334 3698 sactus
350 3654 417 3697 esse
431 3655 524 3698 mons
543 3633 692 3722 magnus⁶
704 3683 713 3708 ,
726 3634 807 3700 sicut
825 3657 880 3699 rex
900 3657 1033 3724 regum,
1049 3648 1085 3700 et
1101 3635 1232 3726 pontili-

138 3857 141 3862 1
184 3857 192 3869 ,
221 3795 331 3848 liorem.
343 3817 402 3860 xrs,
413 3803 453 3850 16.
467 3827 490 3834 -
506 3795 616 3851 ’Mutila
628 3819 687 3850 xrrr.
699 3830 731 3840 —
744 3797 754 3832 ⁸
767 3803 805 3851 lul.
815 3819 886 3857 nav.
900 3818 940 3871 17.
951 3829 980 3838 -
994 3799 1073 3852 ⁴an
1086 3823 1157 3854 xvrrr
1171 3843 1179 3870 ,
1193 3811 1229 3866 14.

186 3915 217 3934 .—
230 3884 239 3926 5
251 3887 339 3938 Pasini.
351 3907 425 3952 cxxv,
440 3905 461 3952 r,
477 3906 501 3941 a.
514 3917 545 3930 -
555 3886 566 3920 ⁸
577 3893 638 3942 Dan.
650 3907 679 3941 ιι.
