2660 4610
8 3873 16 3928 l

186 263 250 344 tta
634 279 777 322 erremus

182 402 283 468 venda
298 401 328 466 ei
343 412 376 464 et
392 397 599 466 custodienda
615 397 816 486 consignant.
842 397 911 464 Non
934 397 1020 464 enim
1043 395 1233 486 relinquunt

183 531 256 575 earn
278 508 325 594 (ut
342 505 488 594 diximus)
508 506 652 572 otiosam.
672 507 736 572 sed
753 515 785 568 et
800 502 1077 594 Evangelistarum
1098 507 1250 594 scripta,'

114 609 117 616 ⁴
186 629 280 706 atque
296 599 437 706 ipsorunl
457 611 682 702 Apostolorum
701 612 822 678 litteras
839 635 1007 702 possumus
1024 612 1178 679 similiter
1197 616 1238 678 ri·

186 749 261 792 neas
275 726 436 813 accipere,
454 747 531 810 quas
545 719 622 787 huie
638 743 708 810 quae
720 745 759 786 ex
774 718 921 812 gentibus
935 728 1171 811 congregatur,
1184 743 1238 810 pro

188 857 250 923 qua
269 833 365 897 etiam
387 831 636 903 dimicaverunt,
660 829 884 894 custodiendas
903 829 1128 916 colendosque
1151 830 1238 894 trudi·

189 943 314 1008 derunt.
340 940 437 1020 Quod
456 961 531 1004 vero
552 938 613 1012 ait,
636 939 709 1025 quia
729 959 821 1002 suam
839 940 1005 1027 propriam
1024 939 1162 1004 vinernn
1180 959 1237 1004 non

189 1047 396 1123 custodierit,
413 1045 498 1111 illam
510 1065 679 1133 possumus
694 1043 906 1110 eruditionem
924 1046 1054 1121 dicere,
1069 1069 1140 1134 qua
1153 1069 1236 1110 unus

187 1159 322 1246 quisque
337 1154 548 1219 exercebatur
561 1161 635 1217 ante
652 1151 749 1216 fidem
765 1176 773 1215 ε
791 1175 887 1240 quam
902 1154 971 1218 sine
987 1153 1095 1218 dubio
1112 1153 1236 1219 credens

189 1264 335 1337 Christo,
352 1259 499 1346 relinquit
512 1280 549 1326 ec
561 1261 695 1334 deserit,
712 1269 744 1324 et
756 1281 793 1324 ea
804 1279 875 1347 qun
894 1260 953 1325 sibi
973 1260 1070 1326 lucra
1091 1263 1234 1327 rideban-

186 1383 253 1446 tur,
271 1369 358 1434 ducit
378 1379 509 1457 proptor
526 1367 689 1432 Christum
704 1367 893 1434 detrimenta
906 1369 928 1432 ¹.
954 1367 1053 1434 Sicut
1072 1381 1109 1433 et
1131 1369 1232 1436 Paulus

188 1478 342 1568 gloriatur
355 1477 431 1565 legis
448 1477 683 1551 observantias,
700 1488 733 1540 et
748 1494 877 1540 omnem
896 1477 916 1542 J
919 1475 1047 1542 udaicoe
1068 1477 1232 1544 instintio-

188 1588 237 1652 nis
252 1585 384 1674 gloriam
402 1583 495 1647 luisse
511 1579 569 1647 sibi
587 1595 622 1646 ut
633 1595 773 1647 stercora
790 1593 914 1648 tantum
934 1594 969 1648 ut
986 1585 1021 1650 in
1045 1585 1176 1651 Christo
1189 1589 1230 1650 in·

188 1696 350 1760 veniretur
366 1713 430 1758 non
452 1691 574 1756 habens
592 1711 681 1754 suam
697 1690 851 1777 justitiam
867 1713 938 1779 quae
954 1691 1089 1781 exlege
1106 1707 1168 1770 est,
1182 1695 1226 1759 sed

188 1801 343 1890 iustitiam
355 1819 425 1885 quae
436 1819 475 1862 ex
486 1795 554 1862 Deo
566 1808 613 1861 est
623 1797 646 1861 ².
662 1798 753 1864 Sicut
764 1820 840 1887 ergo
848 1798 965 1864 Paulus
974 1811 1116 1890 accepta
1126 1802 1221 1867 curat

189 1909 271 1982 fide,
292 1929 356 1971 non
376 1903 546 1971 custodivit
567 1906 689 1969 tineam
707 1927 818 1979 suam,
838 1904 980 1972 ludrica:
998 1907 1121 1974 scilicet
1135 1909 1214 1973 trad-

187 2015 281 2080 tionis
293 2013 443 2102 obsequia
458 2035 466 2077 ε
481 2024 512 2077 et
524 2013 644 2078 ideirco
656 2011 787 2077 fortasse
799 2035 858 2078 nos
869 2014 1071 2093 custodivit,
1082 2018 1216 2106 quiscum

186 2122 325 2212 plantata
342 2133 423 2186 esset
441 2143 458 2185 a
476 2121 543 2184 Deo
563 2117 663 2184 «vltis
684 2141 775 2196 vera,
798 2139 949 2186 conversa
966 2137 1014 2187 ert
1033 2125 1070 2188 in
1088 2126 1223 2190 amaritu-

189 2233 318 2297 »dinem
343 2229 415 2294 ritis
442 2227 589 2303 rlienae⁸,
609 2255 622 2288 r
645 2237 678 2293 et
704 2239 772 2293 erat
798 2230 864 2317 jam
887 2257 900 2292 r
921 2231 991 2297 ritis
1019 2231 1225 2300 Sodomorum

189 2341 300 2406 »vinea
324 2359 454 2411 eorum,
477 2347 509 2399 et
532 2334 651 2424 palmes
673 2358 786 2400 eorum
809 2357 848 2402 ex
872 2339 1053 2416 Gomorra,
1080 2355 1111 2406 et
1131 2345 1231 2409 botrus

109 2497 114 2508 .
188 2446 426 2514 »amaritudinis
444 2445 477 2508 in
494 2443 558 2519 eis,
579 2455 608 2507 et
624 2443 713 2509 furor
728 2444 904 2512 draconum
921 2448 1037 2514 vinum
1055 2473 1172 2517 eorum
1183 2503 1192 2527 ‚
1203 2465 1231 2516 et

188 2557 300 2621 »furor
314 2553 459 2641 aspidum
471 2549 653 2617 insanabilis
662 2549 684 2615 ⁴.
701 2577 715 2610 r
730 2552 776 2617 lta
789 2563 821 2616 et
838 2555 923 2644 apud
937 2567 1052 2644 gentes
1065 2572 1163 2625 erant
1173 2559 1233 2648 plu-

187 2664 274 2729 rimae
289 2659 473 2749 hujusmodi
489 2659 661 2736 doetrinae,
682 2681 759 2745 quas
779 2672 850 2748 post
871 2660 922 2728 illa
939 2662 1025 2729 bella
1044 2669 1168 2752 quibus
1183 2691 1234 2756 pro

187 2772 251 2837 firle
267 2783 299 2835 et
314 2769 473 2859 agnitione
490 2767 607 2836 Christi
621 2791 637 2832 a
650 2765 836 2833 doctoribus
853 2769 1043 2863 dimicatum
1059 2785 1134 2850 est,
1152 2799 1237 2865 supe

188 2893 271 2946 ratas
283 2877 371 2944 dicit.
386 2877 468 2942 Puto
481 2875 567 2963 quod
577 2877 708 2940 omnino
724 2877 866 2942 oriminis
881 2877 952 2945 loco
966 2881 1122 2960 ducatur,
1137 2887 1163 2950 si
1176 2909 1239 2952 cus·

189 2989 318 3054 todierit
334 2984 444 3074 aliquis
462 2985 647 3072 hujusmodi
663 2985 788 3060 vineas,
805 2997 837 3051 et
853 3011 964 3076 agrum
983 2990 1071 3057 colat
1091 2993 1177 3059 ultra
1194 3019 1238 3060 re

189 3097 311 3163 nenatis
332 3108 364 3160 et
386 3095 486 3159 noxiis
506 3092 665 3158 consitum
691 3091 873 3184 disciplinis.
901 3097 968 3164 Nec
988 3101 1122 3167 mireris
1147 3105 1173 3169 si
1195 3104 1239 3170 his

189 3204 288 3293 culpis
304 3202 472 3290 aliquando
491 3201 586 3266 luisse
602 3200 747 3266 videatur
758 3203 896 3268 obnoxia
907 3203 977 3272 haee
992 3230 1067 3297 quae
1083 3235 1125 3275 ex
1142 3213 1237 3278 natio

190 3335 268 3379 num
281 3311 473 3399 dispersione
488 3307 659 3396 colligitur,
675 3311 788 3398 etjam
804 3310 931 3378 Christo
946 3337 1065 3403 sponsa
1082 3343 1240 3409 praepara-

191 3433 253 3485 tur.
275 3417 453 3486 Recordare
473 3417 634 3504 quomodo
656 3417 757 3504 prima
778 3417 893 3484 mulier
912 3423 1045 3490 seducta
1065 3439 1136 3504 est,
1154 3439 1189 3492 et
1210 3431 1240 3494 in

20 3563 24 3570 ·
82 3617 86 3625 =
192 3523 447 3619 praevaricatione
463 3524 565 3590 sacta:
580 3547 651 3612 quae
666 3547 730 3590 non
747 3526 1014 3596 alitcrsalvafieri
1027 3533 1161 3613 dicitnr,
1181 3538 1239 3601 nisi

192 3661 249 3728 per
269 3635 406 3701 liliorum
426 3635 683 3722 generationem,
713 3631 839 3701 illorum
861 3637 1015 3707 duntaxat
1035 3644 1091 3729 qui
1111 3667 1241 3732 per-ma-

229 3798 238 3830 ¹
249 3800 353 3862 Philipp.
364 3815 403 3854 nr,
418 3815 442 3866 7.
454 3779 485 3833 -“
495 3793 505 3827 ²
518 3798 582 3846 ibid.
594 3795 609 3846 3
621 3809 644 3846 et
658 3815 708 3862 seq.
720 3825 753 3836 ·-
766 3795 775 3828 ⁸
788 3801 878 3850 Jcrem.
899 3817 920 3851 rr
931 3819 983 3864 ,nn
999 3831 1019 3842 -
1037 3803 1133 3860 ‘neue
1143 3826 1236 3870 xxxu,

196 3887 238 3949 3²,
249 3885 292 3936 33.
