2604 4614
172 219 234 286 dds
622 237 765 282 uniamus
818 211 821 214 ’

171 363 271 452 magis
290 357 391 448 diligit
410 381 505 446 quam
527 381 597 434 vos,
619 377 691 447 quaa
707 356 816 424 multae
834 355 905 423 iiiiae
924 353 1135 424 Hierusalem.
1153 355 1217 420 Vos

172 473 247 539 ioris
259 470 368 544 atatis,
380 480 412 534 ot
427 487 573 556 sponsam
591 465 776 533 cubiculum
788 468 900 532 videtis
916 468 1099 531 intrantem.
1116 463 1219 529 Nemo

173 579 298 647 dubitet
320 576 443 666 nigrum
463 587 607 642 vocatam
626 599 695 641 asse
715 575 897 648 formosam.
922 575 987 656 Qui
1008 597 1066 638 nos
1091 595 1219 647 sumus,

175 701 209 755 ut
223 709 454 776 cognoscamus
468 685 589 763 Deum,
607 699 642 750 ut
657 685 780 754 cantica
800 685 916 752 cantici
934 684 1173 774 praedicamus,
1191 691 1220 745 ut

175 799 216 865 ab
225 795 393 883 AEthiopiae
405 793 540 871 finibus,
551 807 585 858 ut
594 794 634 860 ab
645 805 790 859 extremo
799 806 892 859 terras
903 793 1089 859 venerimus
1103 791 1220 879 sapien-

175 907 250 971 tiam
270 903 336 971 veui
357 902 465 968 audire
480 900 680 971 Salomonis?
696 903 736 966 Et
756 901 884 989 quaudo
899 899 1073 968 salvatoris
1097 921 1161 963 vox
1176 899 1220 963 in·

174 1013 313 1079 tonantis
336 1010 464 1077 auditur
486 1033 494 1075 ι
512 1038 525 1071 ι
546 1010 666 1100 Regina
685 1009 792 1076 Austri
810 1010 915 1075 veniet
935 1009 967 1074 in
987 1007 1170 1095 judicium,
1193 1019 1220 1070 ct

178 1117 426 1185 »condemnabit
441 1114 587 1182 homines
595 1115 805 1204 generationis
813 1115 928 1204 hujus,
939 1115 1016 1202 quia
1030 1113 1123 1180 venit
1134 1137 1151 1178 a
1162 1113 1222 1177 iini·

180 1228 262 1292 »bus
274 1239 367 1292 tei-aaa
383 1225 490 1292 audine
503 1226 687 1314 sapientiam
696 1224 874 1292 Salomonis
887 1275 896 1301 ,
909 1237 943 1291 ct
954 1247 1036 1291 cccc
1047 1221 1125 1312 pius
1136 1247 1221 1310 quan

179 1333 352 1401 »Salomon
368 1331 441 1398 hic¹
455 1333 569 1398 :naudi
585 1333 719 1420 mystica
733 1355 804 1420 quae
816 1333 974 1399 dicantur.
990 1331 1220 1420 Reginadosui

180 1442 298 1508 sonita
314 1439 430 1506 finibus
444 1452 537 1505 terete
548 1438 701 1515 ecclesia,
715 1451 748 1505 et
762 1440 956 1506 condemnat
970 1439 1126 1506 homines
1140 1462 1219 1528 gena

178 1548 309 1615 rationis
326 1549 441 1636 hujus,
459 1548 553 1613 idest
569 1547 696 1614 Judaos
711 1548 800 1614 carni
811 1560 844 1612 et
856 1548 1003 1638 sanguini
1020 1547 1158 1613 deditos.
1167 1546 1218 1612 Va-

178 1655 254 1720 nita
270 1653 388 1719 finibus
404 1664 497 1718 tarrac
513 1653 622 1718 audine
637 1653 823 1742 sapientiam
839 1653 1046 1729 Salomonis,
1068 1677 1131 1718 non
1146 1650 1214 1718 iliius

176 1763 231 1850 qui
246 1763 279 1828 in
293 1772 484 1826 testamento
499 1761 597 1826 reteri
612 1761 815 1850 predicatur,
830 1760 885 1826 sed
900 1761 1001 1850 hujus
1017 1762 1077 1848 qui
1094 1761 1205 1825 ineran-

177 1868 259 1960 gclio
274 1867 446 1936 Salomone
458 1869 562 1958 major
575 1879 633 1934 est.
646 1895 659 1929 ι
672 1869 767 1958 Nigra
778 1891 848 1935 sum
861 1881 894 1934 et
907 1870 1061 1958 speciosa
1071 1868 1130 1932 iiiia
1139 1867 1198 1932 iiic·

172 1975 339 2042 ·»cusaiem
356 1976 445 2065 nigra
458 1975 543 2042 velut
564 1959 769 2042 tabernacula
788 1976 902 2054 Cedat,
920 1977 1073 2066 speciosa
1087 1973 1200 2063 utpslles

81 2069 85 2076 ¹
180 2083 411 2151 ‚satomonist
437 2113 450 2146 ι
471 2086 541 2173 Ipsa
564 2105 693 2172 quoquo
713 2086 841 2150 nomina
863 2108 937 2151 cum
962 2107 1094 2174 sponsae
1114 2084 1205 2149 decoro

182 2194 387 2259 conveniunt.
406 2191 503 2258 diunt
519 2192 644 2257 Hchraei
660 2191 764 2257 Cedat·
779 2192 980 2281 interpretari
999 2171 1157 2258 tenebris.
1169 2190 1210 2256 iii·

179 2324 235 2390 gua
251 2321 322 2365 sum
336 2323 415 2388 engo
430 2311 466 2363 ut
481 2297 686 2366 tabernacula
699 2300 815 2376 Cedat,
828 2311 863 2364 ut
879 2299 1049 2390 AEthiopcs
1068 2299 1216 2388 :speciosa

180 2421 216 2474 ut
236 2406 333 2498 peiles
351 2406 530 2474 Salomonis
550 2429 626 2495 quas
645 2429 684 2472 eo
700 2418 844 2495 tempore
862 2408 894 2473 in
913 2407 1119 2474 tabernaculi
1134 2429 1218 2472 oma-

181 2529 291 2583 1ncnto
311 2516 508 2604 composuit,
531 2513 659 2602 quando
676 2513 831 2602 templum
851 2537 976 2581 summo
995 2515 1106 2580 studio
1127 2529 1159 2579 et
1180 2513 1219 2578 ia-

183 2623 260 2688 bono
276 2619 447 2686 fabricatus
466 2632 524 2685 est.
544 2619 636 2685 Dives
653 2619 769 2707 quippe
784 2618 957 2695 Salomon,
973 2632 1007 2683 ct
1024 2621 1058 2685 in
1080 2621 1169 2685 omni
1183 2641 1220 2684 sa·

181 2728 299 2818 pientia
316 2724 399 2792 iilius
414 2749 509 2794 nemo
524 2727 683 2816 praecessit
698 2724 799 2791 iilum.
812 2753 825 2786 ι
841 2727 934 2815 Nigra
951 2749 1024 2792 sum
1039 2740 1073 2792 et
1089 2729 1221 2816 speciosa

186 2833 280 2901 »filiae
296 2833 508 2910 Hierusaicm,
522 2851 558 2899 ut
573 2833 778 2901 tabernacula
790 2833 905 2910 Gedac,
924 2847 958 2898 ut
974 2834 1074 2922 pelles
1090 2835 1222 2901 Salonio

184 2944 264 3010 suis.
284 2943 330 3010 Ne
346 2943 530 3008 intueamini
546 2966 615 3018 me,
631 2943 705 3030 quia
726 2965 785 3031 ogo
800 2967 869 3006 suus
887 2943 1088 3032 denigrata¹.
1108 2944 1222 3009 »Salis-

182 3050 257 3116 iecit
276 3052 315 3115 da
336 3051 461 3138 nigrore
481 3073 557 3126 suo,
573 3063 606 3115 et
622 3075 679 3140 pcc
698 3051 918 3139 peonitentiam
938 3052 977 3116 ad
1000 3051 1133 3117 meliora
1151 3073 1216 3118 con·

184 3183 273 3228 versa
291 3159 461 3226 annunciat
477 3183 511 3224 so
525 3158 650 3224 filiabus
666 3157 762 3225 isaael
782 3160 905 3249 nigram
917 3161 1049 3248 quidem
1071 3187 1152 3235 esse,
1168 3158 1218 3224 scd
1295 3145 1297 3180 ³

184 3264 368 3356 pulchrum,
386 3265 560 3332 secundum
577 3267 663 3355 quod
678 3268 821 3356 superius
834 3271 1060 3358 exposuimus,
1074 3283 1106 3336 ct
1120 3271 1196 3335 dicit
1212 3292 1218 3330 :

192 3375 263 3442 «Ne
278 3375 462 3440 intueamini
475 3399 526 3440 me
537 3425 545 3451 ‚
557 3375 630 3463 quia
647 3399 706 3464 ego
719 3399 788 3440 sum
802 3378 975 3464 denigrata.
990 3407 1002 3436 ι
1020 3379 1085 3451 Ne,
1100 3377 1218 3463 inquit,

186 3481 384 3548 admiremini
407 3482 522 3549 coloris
545 3507 612 3548 esse
629 3505 681 3548 me
702 3484 792 3557 tetri,
813 3483 858 3548 soi
878 3483 1022 3572 despexit
1043 3507 1105 3549 me.
1126 3483 1221 3549 Hono

186 3593 302 3681 quippe
321 3590 410 3656 audio
426 3591 459 3655 in
479 3613 532 3657 me
546 3589 672 3655 luminis
693 3591 739 3654 sui
758 3589 861 3679 fulgor
883 3589 1005 3666 illuxit,
1025 3605 1058 3655 ut
1075 3593 1142 3678 ejus
1165 3592 1219 3656 sim

186 3698 291 3764 calone
305 3699 556 3798 fuscata3Nequc
568 3699 653 3762 cuim
668 3711 701 3761 ut
716 3699 864 3763 docuerat
877 3749 884 3774 ‚
897 3711 930 3762 ut
943 3697 1014 3764 sciis
1027 3699 1158 3787 dignitas
1169 3721 1210 3764 cx*

224 3847 335 3898 'Mania
349 3866 400 3908 χιι,
415 3853 437 3910 4.
450 3877 481 3886 ·-
492 3843 503 3878 ²
516 3847 586 3898 Cant.
598 3866 617 3906 ι,
635 3850 655 3894 ⁵.
673 3875 701 3883 —-
714 3845 723 3878 ⁸
738 3848 799 3896 ibid.
811 3846 835 3908 5,
851 3849 872 3895 6.
