2632 4600
314 218 345 259 m
370 217 509 276 rsnnuuu
530 216 648 262 xxxvnr
674 213 737 257 nou
762 215 796 256 u.
1009 189 1073 254 ess

34 347 125 423 pnite
136 337 319 425 cognoscit,
334 347 417 407 etex
432 347 520 424 purte
534 334 721 424 prophetat,
737 346 771 402 et
786 357 845 423 per
859 331 1028 423 speculum
1042 345 1076 400 et

32 445 65 510 in
92 446 260 533 enigmate
282 443 385 519 ridet,
401 446 434 510 et'
456 445 601 510 umbram
621 443 697 518 scit,
723 465 763 510 uc
784 441 904 530 figures
920 440 1075 516 docetur,

33 564 67 618 et
81 552 246 625 veritatem
259 552 402 624 noudum
417 551 505 620 videt
515 601 525 626 .
535 563 569 617 et
582 549 652 618 iden
666 562 715 616 est
725 551 857 639 quidem
874 549 1006 625 vivens,
1024 549 1079 616 sed

35 661 158 734 vanitas
168 673 216 734 0⁵1
229 661 288 734 rita
303 662 383 750 ejus.
404 661 445 727 Et
460 660 506 728 vit
523 661 631 726 videre
648 662 718 748 quin
734 660 855 730 vanius
872 658 947 729 est?
967 687 981 720 u
995 657 1078 729 Cum

34 771 181 844 »venerit
194 770 279 857 quod
289 768 467 858 perfeetum
482 781 547 846 est,
565 769 767 836 destruentur
778 769 837 836 ists
848 791 919 856 quae
930 791 971 836 ex
986 779 1079 858 purte

37 877 188 942 »snut¹.»
218 877 323 945 Omne
347 890 455 944 nutem
475 876 562 965 quod
590 876 763 968 destruitur
785 877 901 946 renites
916 889 975 946 stt.
995 876 1078 944 Etsi

35 984 191 1073 quidquid
207 1009 245 1050 ex
261 997 351 1074 parte
366 997 414 1051 est
426 986 621 1061 destruitur,
634 986 659 1050 si
671 984 837 1073 Prophetae
851 1009 890 1051 ex
901 997 991 1073 perte
1004 1007 1079 1073 cog-

33 1104 191 1168 noscunt,
206 1105 294 1162 recte
308 1093 404 1160 etium
425 1092 570 1180 ipsorum
590 1091 654 1158 vitu
671 1093 791 1158 venitus
808 1091 1001 1180 appellatur:
1019 1091 1079 1160 ‹te-

34 1213 206 1266 struuntur
221 1213 327 1265 nutem
342 1201 512 1276 iuferiora,
535 1223 610 1266 cum
637 1200 782 1264 venerint
804 1222 841 1265 ea
862 1223 932 1288 quun
947 1198 1080 1266 meliore

37 1321 116 1374 sunt
129 1320 162 1373 et
175 1308 334 1396 perlecta,
347 1320 379 1375 et
394 1331 451 1396 per
466 1307 529 1374 hoc
542 1332 621 1384 rena
631 1331 701 1375 esse
709 1320 887 1396 arguuntur
895 1352 905 1384 ,
924 1331 984 1396 per
994 1307 1083 1396 quod

42 1429 199 1505 tauquam
220 1439 258 1480 ex
283 1429 373 1506 parte
395 1428 427 1480 et
453 1417 639 1505 imperfecte
662 1417 881 1482 destruuntur.
906 1416 1084 1481 «Universa

40 1524 294 1614 segerannus,
314 1525 415 1590 omnis
440 1523 537 1590 homo
561 1525 703 1590 vivens.»
727 1524 810 1606 Quin
830 1535 938 1590 eutem
961 1523 1002 1588 de
1022 1523 1085 1592 hnc

41 1631 105 1698 vite
122 1631 294 1720 accipiatur
307 1632 364 1698 iste
380 1633 553 1707 sententia,
567 1632 641 1699 nudi
658 1630 833 1698 Ecclesiam
849 1643 1081 1721 protestantem

35 1751 71 1803 et
88 1739 267 1806 dicentem:
291 1739 452 1807 «Laudari
473 1764 584 1806 omnes
600 1742 654 1829 qui
669 1741 790 1806 mortui
809 1753 883 1805 sunt
898 1763 994 1829 super
1010 1763 1084 1805 om-

1 1913 2 1930 *
32 1869 116 1912 »nes
136 1847 189 1934 qni
213 1848 339 1925 vivunt,
362 1849 557 1941 quicumque
580 1849 637 1936 ipsi
660 1850 771 1916 vivunt
791 1848 1027 1936 usquemodo,
1048 1859 1082 1914 et

1 2006 4 2045 3
30 1956 166 2021 »bonus
180 1979 274 2045 super
291 1956 367 2024 istos
383 1958 462 2026 dnos
478 1956 533 2046 qni
555 1957 699 2027 nondum
714 1970 808 2026 natus
827 1955 927 2025 estt-
956 1957 1082 2026 Luudnt

0 2124 1 2153 p
27 2085 115 2152 ergo
142 2075 285 2130 mortum
310 2063 477 2154 plusquam
501 2065 605 2140 viros,
628 2066 702 2158 quie
719 2064 763 2133 illi
784 2064 848 2132 hoc
869 2063 979 2132 snltem
997 2064 1081 2132 lucri

1 2237 4 2265 ρ
26 2171 180 2248 habent,
196 2170 283 2258 quod
297 2171 337 2238 de
352 2170 484 2243 vinculis
494 2170 591 2264 hujus
606 2173 746 2262 corporis
763 2171 891 2247 liberati
909 2186 1004 2253 sunt,
1021 2197 1082 2240 nec

24 2275 123 2344 ultra
140 2300 236 2344 carne
251 2301 289 2344 ec
303 2278 439 2368 pellibus
454 2279 557 2346 induti
579 2291 671 2356 sunt,
688 2302 748 2348 nec
769 2281 894 2347 essibus
916 2303 956 2348 ec
975 2281 1082 2350 nervis

1 2386 257 2468 imminent,
285 2409 346 2454 nee
373 2385 454 2454 nltrn
483 2389 651 2477 subjacent
674 2388 851 2456 necessitati
866 2389 1021 2481 corporis.
1047 2388 1081 2457 Si

1 2573 2 2582 ἵ
25 2518 113 2588 erge
125 2492 305 2561 intellexisti
318 2493 411 2584 quele
427 2496 466 2561 sit
482 2497 586 2562 vivere
598 2496 631 2562 in
643 2517 739 2564 cerne
752 2497 850 2564 etiem
863 2496 889 2561 si
904 2496 1029 2585 Moyses
1040 2498 1080 2564 sit

25 2605 125 2702 quis,
140 2600 190 2669 vel
205 2604 336 2695 quisque
351 2602 403 2671 ille
418 2617 483 2681 est,
496 2603 669 2674 molestnei
685 2616 733 2670 cst
748 2605 806 2673 ista
820 2605 892 2672 vita.
907 2605 978 2673 Non
991 2606 1077 2674 enim

27 2737 46 2777 a
64 2711 277 2801 corruptione
294 2709 476 2790 resolvitur,
498 2735 570 2802 quae
586 2710 711 2781 mortali
733 2734 867 2805 corpore
887 2725 1077 2810 terrenoque

1 2817 266 2915 circumdatur.
290 2819 371 2884 Vide
392 2842 468 2910 ergo
495 2821 568 2913 quin
587 2821 733 2894 universe
757 2819 878 2888 venitus
898 2833 946 2888 est
973 2823 1074 2888 omnis

25 2928 138 2994 homo
154 2926 280 3002 vivens,
296 2939 537 3000 contemnemus
551 2952 666 2997 venem
683 2929 779 3021 istem
803 2929 916 3006 ritem,
934 2941 966 2996 et
989 2929 1071 2998 festi-

1 3115 2 3128 2
27 3057 154 3106 nemus
169 3035 210 3103 nd
221 3047 362 3103 sanctam
379 3036 494 3112 vitem,
511 3048 543 3108 et
554 3039 682 3104 beatem
698 3059 737 3104 ec
752 3059 878 3113 verum,
895 3049 927 3103 et
939 3039 973 3106 in
989 3035 1075 3109 illem

1 3137 2 3142 ἵ
27 3145 149 3210 animo
162 3155 194 3208 et
208 3157 314 3211 mente
329 3145 496 3213 tendamus
512 3146 598 3219 omui
615 3146 752 3214 vanitate
770 3144 919 3214 discusse.
946 3147 1012 3214 Nec
1029 3147 1078 3212 di-

1 3243 2 3250 *
30 3273 154 3318 camus
175 3251 297 3324 dulcem
320 3256 412 3323 istam
433 3253 557 3329 lucem,
576 3277 639 3344 qua
656 3276 742 3320 nunc
759 3252 886 3323 utimur.
906 3255 975 3320 Hoc
991 3257 1075 3326 enim

29 3355 82 3422 illi
111 3355 235 3433 dicunt,
257 3359 311 3449 qui
325 3358 529 3440 didcedinem
553 3381 634 3426 verne
660 3357 739 3427 luc'ls
764 3359 927 3451 ignorent,
955 3360 1075 3431 sedne

27 3463 179 3554 auspicia
191 3465 324 3554 quidem
342 3467 405 3532 veri
420 3465 548 3535 luminis
572 3465 634 3534 ulla
650 3479 813 3535 senserunt
827 3489 887 3536 nec
903 3467 1010 3550 sciunt
1027 3491 1077 3534 en-

24 3572 173 3663 gelicnm
195 3575 292 3640 vitam
316 3574 503 3663 sperandam
522 3598 593 3643 esse
617 3577 745 3656 enimae,
770 3599 845 3644 cum
873 3601 912 3644 ex
939 3577 1075 3643 vanitate

1 3674 18 3686 l
49 3683 55 3694 '
164 3681 221 3764 ¹ius
240 3681 406 3747 eraserint.
434 3681 524 3747 Unde
538 3696 570 3748 et
586 3707 642 3750 nos
656 3685 708 3772 qui
724 3683 791 3750 haec
809 3684 993 3760 credimus,
1014 3685 1073 3772 jem

199 3840 266 3886 1111,
281 3841 319 3874 10.
334 3852 362 3862 --
376 3823 486 3876 ²llerlrs.
502 3845 541 3888 rr,
558 3847 580 3879 n.

729 3931 734 3939 ¹
907 3933 947 3974 20
