2744 4624
422 339 453 382 nt
478 337 612 382 GBNBM
634 336 762 380 ttottrma
788 335 834 377 ΠΙ.
925 377 931 390 ,
1102 341 1139 407 1⁹

103 489 116 520 ι
134 455 247 524 buistis
265 455 414 520 membru
435 467 537 520 vostra
559 453 676 518 sarrire
694 451 850 538 iniquitati
871 451 911 524 ad
929 453 1140 541 iniquitatem,

104 597 117 628 ι
134 568 178 634 ita
193 587 280 632 nunc
293 563 445 630 aahibctc
456 564 598 628 mambra
611 573 713 626 rastra
725 560 842 626 sortire
857 561 986 648 justitia
998 562 1029 627 in
1049 585 1144 628 annc·

105 671 377 742 stificatioacm⁹.
398 671 511 736 »Cum
533 671 618 737 anim
641 669 799 756 iniquitati
824 671 978 736 servirent
998 675 1141 740 membro

111 799 230 860 vostra,
246 793 416 850 nonerunt
431 781 632 856 circumcisa,
648 803 707 846 noc
718 791 787 844 crat
802 779 835 844 in
855 780 901 845 cis
918 792 1142 848 tastamentum

112 895 184 962 Doi.
196 894 273 958 Cum
283 915 357 959 voro
367 890 524 979 coeparint
534 890 651 955 serviro
662 889 789 976 justitias
800 889 833 954 iu
846 891 1142 967 sanctificationum,
1243 951 1248 958 .

113 1003 276 1092 promissio
290 1025 362 1090 quac
376 1001 418 1067 ud
428 999 592 1068 Abraham
603 998 685 1066 facts
703 1011 753 1064 cst
768 998 917 1088 impletur
932 1002 964 1066 in
981 1001 1037 1066 cia.
1052 1001 1144 1070 Tunc

110 1114 197 1178 onim
215 1109 265 1177 lex
286 1109 345 1176 Dci
360 1121 393 1177 ct
413 1119 639 1176 tcstsmantum
656 1109 726 1196 ojus
743 1109 885 1198 signatur
902 1109 935 1176 in
955 1111 1011 1175 cis.
1025 1111 1065 1176 Et
1082 1112 1145 1179 hoc

107 1233 158 1288 cst
172 1241 247 1288 vcra
262 1220 388 1308 signum
403 1217 492 1291 fidoi.
507 1217 596 1305 quod
606 1216 689 1282 inter
700 1217 802 1282 Deum
815 1228 848 1283 at
859 1217 1023 1284 hominem
1034 1221 1145 1286 aeterni

110 1329 239 1394 imdcris
254 1327 399 1394 continet
410 1336 552 1414 pactum.
568 1324 630 1389 istu
645 1333 694 1388 est
711 1323 913 1390 circumcisio
925 1347 995 1413 quae
1014 1328 1146 1414 pctrinia

112 1435 281 1504 machaeris
296 1435 475 1522 pericuum
490 1431 609 1521 populo
624 1433 682 1498 Dci
698 1431 772 1498 datu
787 1431 868 1498 θεῖ’.
884 1434 964 1513 Qus
975 1447 1023 1500 est
1038 1449 1146 1502 autam

119 1544 279 1610 machara
294 1543 426 1630 petrina,
438 1555 468 1610 ot
481 1542 534 1631 qui
549 1540 672 1631 gladius
684 1565 747 1630 quo
762 1543 970 1608 circumcisus
981 1557 1028 1609 cst
1046 1568 1147 1634 popu-

118 1653 359 1720 transituum
375 1652 558 1740 Apostolum
575 1653 734 1718 dicantem
749 1676 757 1716 t
774 1651 896 1719 «Virus
916 1655 1002 1718 anim
1020 1669 1069 1721 cst
1087 1657 1145 1722 Dei

114 1785 247 1829 »sonno
261 1772 295 1826 ct
308 1760 433 1836 efficax,
447 1773 481 1828 ct
501 1763 626 1828 acutior
641 1759 729 1826 omni
744 1758 849 1848 gladio
867 1763 1017 1849 utrinque
1036 1778 1145 1840 acuto,

112 1873 321 1962 »pertingens
335 1894 434 1960 usquc
448 1872 491 1938 ad
506 1871 692 1938 divisionem
707 1871 820 1937 animas
839 1895 877 1938 ac
897 1873 1038 1962 spiritus,
1059 1891 1146 1940 com·
1171 1937 1173 1940 .

113 2006 256 2072 »pagum
269 2005 399 2070 quoquo
417 1993 452 2047 ct
473 1980 708 2048 medullarum:
727 1992 764 2045 ct.
781 1993 829 2046 ast
852 1980 1007 2048 discretor
1024 1987 1146 2074 cogita-
1190 2005 1193 2011 ’

114 2093 266 2160 »tionum
290 2103 324 2157 ct
345 2091 562 2156 intentionum
583 2088 720 2156 cordat
743 2089 835 2155 »Ista
855 2113 931 2178 crgo
952 2103 1001 2158 est
1022 2092 1144 2182 gladius
1254 2130 1256 2136 v

114 2225 177 2288 quo
198 2199 384 2268 circumcidi
407 2199 570 2287 jubemur,
595 2198 636 2264 dc
657 2221 720 2285 quo
742 2197 819 2264 dicit
839 2198 932 2264 Jasua
954 2191 1110 2269 Dominus
1135 2229 1145 2269 ι

130 2309 227 2374 «Νοιι
241 2309 310 2375 rani
327 2329 438 2395 paoem
455 2307 582 2372 mittero
597 2307 630 2372 in
644 2316 775 2381 tomam,
789 2306 844 2372 sod
860 2305 999 2396 gladium
1010 2310 1032 2374 ⁴.
1048 2339 1061 2373 s
1076 2313 1145 2378 Non

119 2419 178 2484 tibi
192 2418 315 2484 vidntur
325 2417 447 2506 dignior
457 2414 527 2482 hac
545 2437 613 2482 caso
627 2415 828 2482 circumcisio
845 2416 880 2481 in
898 2441 960 2504 qua
980 2431 1148 2488 testamcu-

99 2539 182 2622 tum
202 2529 262 2594 Dci
282 2527 397 2594 debeat
418 2522 735 2598 collocarii’Conicr.
759 2524 784 2589 si
807 2523 926 2612 placat,
951 2526 1019 2592 haec
1039 2543 1146 2598 nostra

114 2659 188 2706 cum
211 2637 323 2704 vostris
344 2634 486 2701 Judaicis
508 2631 634 2709 subulis,
658 2645 692 2698 ot
712 2633 946 2700 narrationibus
965 2636 1094 2713 faetidis,
1115 2653 1149 2706 at
1183 2615 1187 2624 Ι

115 2747 185 2814 vido
195 2748 220 2814 ai
237 2747 272 2811 in
287 2744 349 2812 iiiia
362 2745 483 2820 rastris.
495 2767 536 2810 an
550 2743 582 2810 iu
593 2742 642 2810 his
658 2766 729 2830 qum
740 2743 773 2809 in
784 2742 902 2810 Christi
917 2744 1059 2812 Ecclesia
1070 2771 1148 2838 prae·

113 2856 277 2929 dicantur,
294 2853 493 2920 circumcisio
518 2851 668 2919 diuinitus
691 2852 902 2918 observetur:
920 2854 946 2918 ai
965 2877 1030 2921 non
1052 2857 1148 2924 ctiam

115 2968 178 3055 ipsc
193 2963 310 3039 sontis,
329 2974 360 3028 ct
372 2960 520 3052 intelligis
535 2962 618 3030 hanc
635 2959 787 3028 Ecclesiae
803 2961 1080 3032 circumcisionum
1093 2969 1148 3036 ho·

114 3087 249 3146 nostum.
264 3084 420 3147 sanctam,
433 3072 501 3138 Dco
515 3071 659 3159 dignamt
674 3067 760 3136 iiiam
780 3083 915 3138 vostram
935 3084 1075 3162 turpem,
1094 3078 1149 3143 ioa-

113 3185 198 3260 dam,
207 3183 399 3256 deformem,
411 3181 479 3270 ipso
490 3181 586 3246 etiam
601 3179 712 3246 habitu
724 3192 756 3244 ct
769 3193 900 3268 aspectu
913 3191 1057 3263 uastam„
1072 3211 1150 3275 Ρη.

116 3295 279 3360 torentem.
301 3293 373 3358 «m
395 3292 468 3367 orit,
487 3293 599 3378 inquit
619 3291 708 3356 Dcus
731 3290 777 3355 ati
796 3291 986 3367 Abraham,
1009 3297 1150 3364 circum-

123 3403 222 3467 scisio
242 3415 277 3468 at
297 3412 525 3467 tastamentum
546 3421 655 3465 mcum
678 3421 774 3486 super
794 3421 921 3466 caraem
942 3413 1031 3468 tuam
1045 3403 1065 3469 ⁵.
1083 3433 1096 3468 a
1116 3409 1149 3474 Si

126 3529 199 3598 orgo
212 3511 275 3576 talis
292 3510 391 3576 fucrit
407 3511 468 3576 vitu
483 3520 604 3582 nouus,
617 3507 660 3575 its
672 3507 819 3574 omnihus
833 3511 985 3576 memhris
997 3516 1149 3600 quadrato

123 3629 153 3682 ct
167 3621 353 3706 composito,
366 3629 403 3682 ut
419 3616 554 3684 universi
569 3625 675 3680 motus
686 3615 786 3681 uostri
800 3617 978 3686 secundum
991 3622 1050 3688 usi
1065 3623 1149 3715 legas

117 3739 260 3815 agantur,
272 3751 348 3795 varc
364 3735 590 3792 tastamentum
601 3722 660 3791 Dci
671 3723 731 3788 crit
746 3746 841 3813 super
853 3749 983 3796 curnam
995 3744 1146 3799 nostram.

149 3889 158 3920 ¹
170 3890 242 3938 itum.
257 3907 292 3946 rr,
306 3906 346 3954 ¹9·
357 3915 387 3925 —
398 3885 410 3920 ²
421 3886 473 3936 Jos.
484 3901 509 3933 r.
523 3911 553 3920 —
564 3881 574 3916 ⁸
587 3882 653 3930 liris.
666 3897 700 3941 av,
714 3899 751 3930 ra.
766 3910 796 3922 -
807 3883 817 3916 ¹·
828 3885 920 3933 Matth.
934 3903 959 3945 x,
969 3886 1008 3945 34.
1022 3915 1053 3924 -
1064 3887 1074 3919 ⁶
1086 3889 1150 3938 Gen.

117 3977 176 4020 ausu,
192 3979 228 4010 rs.

985 4067 1014 4106 ¹2.
