2604 4614
200 279 261 343 eoa
645 303 788 374 catenare
830 371 835 382 ⁸

198 425 312 492 vulnus
333 427 447 492 amoris
462 429 629 516 acceperit.
651 429 707 494 Est
721 428 808 494 enim
824 428 956 495 verbum
975 430 1038 494 hoc
1060 429 1186 516 imago,
1202 441 1233 492 et

197 533 345 623 splendor
359 535 416 602 Dei
438 535 620 612 invisibilis,
638 537 871 625 primogenitus
889 537 992 602 omnis
1007 547 1186 610 creature,
1201 537 1233 600 in

197 667 261 731 quo
277 657 382 710 creata
393 657 466 710 sunt
477 646 584 711 omnia
595 669 665 732 quae
680 647 713 710 in
727 645 816 712 coelis
831 657 923 720 sunt,
939 659 972 710 et
988 669 1064 732 quae
1077 646 1110 710 in
1122 643 1232 718 terris,

196 752 259 816 sire
273 752 422 828 visibilia,
437 753 500 818 eive
521 753 698 820 invisibilia.
721 755 821 842 lgitur
837 756 862 820 si
878 755 948 844 quis
961 754 1111 842 potnerit
1123 752 1229 840 capaci

196 873 302 925 mente
316 862 474 949 conjicere
485 874 519 928 et
531 863 732 928 considerare
745 862 863 928 horum
879 864 1024 928 omnium
1040 883 1117 948 quae
1128 859 1235 948 inipso

196 981 301 1036 creata
322 983 395 1036 sunt
413 970 516 1070 decus¹
530 983 563 1035 et
583 972 740 1060 speciem,¹
759 972 825 1060 ipsa
847 993 955 1036 rerum
977 981 1151 1036 venustate
1167 989 1234 1056 per-

197 1101 324 1154 cussus,
341 1092 373 1144 et
388 1078 562 1168 splendoris
575 1077 808 1169 magnificentia
826 1103 881 1145 seu
894 1077 1004 1168 jaculo
1023 1078 1087 1164 (ut
1107 1078 1151 1142 ait
1170 1077 1233 1142 Pro

195 1187 289 1277 pheta
299 1187 310 1222 ¹
321 1191 332 1264 l
343 1185 443 1255 electo
456 1190 650 1264 terebratus,
664 1186 800 1254 salutare
813 1190 852 1254 ab
868 1189 936 1276 ipso
949 1186 1072 1253 vulnus
1084 1185 1232 1273 accipiet,

192 1309 226 1360 et
239 1297 332 1361 beato
349 1297 420 1385 igne
439 1296 553 1362 amoris
569 1298 638 1383 ejus
655 1297 789 1362 ardebit.
811 1296 946 1385 Oportet
966 1295 1075 1360 etiam
1090 1317 1149 1358 nos
1163 1291 1230 1358 illud

195 1405 294 1479 scire,
310 1404 395 1492 quod
406 1403 533 1470 illicitus
549 1427 657 1479 amor,
673 1416 706 1469 et
724 1417 833 1471 contra
849 1405 965 1493 Legem
989 1405 1082 1467 sicut
1099 1401 1230 1468 accidere

131 1563 132 1568 η
194 1523 297 1600 potest
309 1512 430 1578 homini
447 1513 614 1588 exteriori,
637 1513 726 1577 verbi
747 1513 866 1601 gratia,
884 1524 1003 1577 utnon
1022 1527 1175 1600 sponsam
1190 1507 1227 1574 rel

195 1623 363 1711 conjugem
379 1635 482 1698 amet,
504 1625 560 1688 sed
577 1634 632 1688 aut
650 1623 854 1690 meretricem
878 1635 933 1688 aut
956 1621 1171 1690 adulteram:
1190 1621 1223 1686 ie

194 1744 226 1795 et
242 1731 381 1797 interiori
403 1732 541 1808 homini,
558 1731 620 1798 hoc
634 1745 681 1796 est
698 1732 830 1809 animae,
847 1731 993 1797 accidere
1008 1743 1123 1820 potest
1138 1753 1215 1802 amor,

197 1861 260 1904 non
272 1840 304 1904 in
320 1837 495 1928 legitimum
507 1861 657 1929 sponsum
669 1863 763 1928 quem
779 1839 993 1904 diximusease
1005 1840 1138 1904 verbum
1145 1837 1200 1906 Ilei,

196 1947 251 2012 sed
264 1949 296 2012 in
309 1945 488 2014 adulterum
495 1946 631 2036 aliquem
639 1961 670 2014 ct
681 1960 910 2038 corruptorem.
927 1948 1032 2028 Quod
1043 1948 1094 2012 sul
1102 1946 1149 2010 lue
1160 1967 1197 2008 ea

195 2057 268 2121 dem
276 2056 546 2145 figuraevidenter
552 2057 692 2124 declarat
700 2057 845 2124 Ezechiel
854 2058 1032 2146 propheta,
1047 2052 1206 2121 ubillollm

194 2176 227 2228 et
242 2163 389 2231 Oolibnm
405 2166 577 2231 introducit
596 2168 655 2233 sub
674 2167 777 2254 specie
797 2166 944 2232 Samariae
963 2177 1000 2230 et
1016 2159 1214 2232 Hierusalem.

197 2271 370 2338 adulterino
383 2296 490 2340 amore
498 2287 660 2364 corruptas
668 2273 693 2349 ²,
706 2275 788 2340 sicut
796 2271 884 2340 locus
896 2275 962 2361 ipse
973 2275 1152 2361 scripturae
1163 2292 1217 2359 pro

195 2381 328 2467 pheticce
344 2383 480 2447 ostendit
494 2380 669 2449 volentibus
683 2381 804 2470 plenius
819 2383 909 2447 scire.
925 2381 1111 2446 Exardescit
1125 2391 1224 2445 auten

194 2489 289 2554 etiam
301 2489 353 2556 hic
365 2490 510 2580 spiritalis
522 2515 611 2558 amor
624 2492 734 2557 animae
746 2490 912 2580 aliquando
920 2513 994 2579 erga
1004 2490 1128 2578 aliquos
1140 2487 1224 2577 spiri·

195 2599 416 2686 tusaequitiae,
431 2597 598 2688 aliquando
613 2623 687 2688 erga
701 2600 853 2688 Spiritum
868 2609 1031 2672 sanctum,
1041 2610 1078 2661 et
1089 2595 1218 2663 Verban

197 2705 254 2770 Dei
264 2755 273 2781 ,
282 2707 335 2793 qui
349 2719 396 2771 eat
407 2729 538 2795 sponsus
547 2706 647 2773 fidelis
660 2708 846 2784 ,eteruditae
859 2708 971 2772 animae
982 2707 1028 2771 rir
1041 2706 1186 2778 dicitur,
1197 2715 1224 2768 et

196 2816 286 2902 cnjus
296 2817 360 2904 ipsa
373 2837 485 2903 sponsa
499 2817 530 2881 in
542 2816 602 2882 hac
617 2818 774 2906 praecipue
790 2817 951 2903 Scriptura
961 2837 1030 2902 quae
1045 2814 1189 2879 habetur
1198 2814 1225 2876 in

193 2924 337 2988 manibus
349 2925 547 3001 nominatur,
567 2925 649 2990 sicut
662 2935 828 3013 praestante
838 2925 975 2989 Domino
988 2921 1118 3010 plenius
1131 2935 1227 2988 osten·

191 3033 304 3096 demna
316 3081 323 3104 .
335 3055 407 3098 cum
415 3035 510 3099 verba
522 3033 617 3121 ipsius
629 3032 725 3098 libelli
737 3032 904 3122 explanare
916 3031 1122 3118 coeperimus.
1137 3031 1224 3096 Vide-

193 3153 246 3204 tur
254 3153 358 3206 autem
368 3141 445 3206 mihi
454 3143 556 3207 divino
571 3142 748 3230 Scriptura,
761 3140 867 3206 volens
876 3163 986 3205 cavere
997 3163 1039 3203 ue
1052 3139 1157 3227 lapsus
1170 3135 1218 3200 ali·
1296 3205 1297 3220 p

193 3249 263 3336 quis
276 3247 448 3336 legentibus
463 3253 521 3316 sub
530 3251 644 3315 amoris
653 3250 779 3316 nomine
793 3260 988 3323 nasceretur,
1003 3245 1219 3335 proinlirmic-

194 3359 280 3421 ribus
288 3357 465 3445 quibusque
481 3381 553 3422 oum
566 3358 619 3448 qui
636 3359 720 3446 apud
734 3353 1000 3445 sapientessaeculi
1016 3355 1153 3444 cupido,
1169 3377 1226 3418 seu

195 3467 403 3530 emordicitur
414 3466 602 3540 ,honestiori
611 3465 763 3531 vocabulo
771 3466 957 3531 charitatem
964 3464 1014 3529 vel
1021 3463 1228 3530 dilectionem

195 3575 380 3640 nominasse.
396 3573 614 3663 Verbigratia,
632 3587 667 3640 ut
678 3599 750 3640 cum
766 3575 843 3640 dixit
858 3575 897 3638 de
912 3575 1000 3638 lsaac
1011 3597 1019 3638 :
1032 3575 1087 3638 «ΕΙ
1100 3572 1229 3658 aceepit

196 3684 393 3748 »Rebeccam
406 3693 455 3758 ,et
464 3682 543 3748 facta
553 3693 600 3747 est
611 3683 639 3748 ei
653 3705 747 3758 uror,
757 3694 788 3747 et
798 3681 981 3746 dilexitcnm
990 3681 1035 3745 ’.ι
1056 3683 1094 3745 Et
1104 3680 1230 3742 iterum

193 3791 234 3855 de
243 3790 341 3856 Jacob
354 3802 385 3855 et
395 3789 511 3857 Rachel
525 3789 667 3856 similiter
681 3791 755 3855 dicit
765 3789 927 3878 Scriptura
939 3813 946 3853 :
959 3787 1099 3856 «Rachel
1112 3799 1226 3851 autem

233 3938 306 3988 llsai.
330 3956 408 4002 xtra,
429 3957 452 3988 2.
473 3965 485 3974 ·-
508 3934 613 3987 ²Ezeclr.
636 3955 755 3986 xarin-
771 3935 852 3986 ⁵Gon.
866 3953 937 3998 xxiv,
958 3939 1000 4004 67.
