2644 4612
153 267 216 333 558
600 293 741 336 oarcssrs

151 413 306 478 exuscitet
325 412 492 488 Christus,
515 426 547 479 et
567 415 624 504 ipsi
645 401 841 504 evangelium
862 415 1101 481 resurrectionis
1130 440 1188 481 an-

155 521 305 596 nunciat,
320 533 353 586 et
366 521 439 588 ideo
455 522 548 588 dicit:
568 550 581 583 ι
598 523 743 612 Exurge,
765 524 834 588 veni
857 525 998 612 proxima
1013 547 1107 598 mea,
1123 507 1190 612 spe-

150 629 257 694 »ciosa
280 653 360 695 mea.
382 659 395 692 ι
417 631 498 710 Quia
519 641 626 696 autem
648 631 736 695 dedit
758 643 789 696 et
811 633 840 696 ei
862 655 981 720 pennas
1009 631 1190 706 columbae,

151 731 356 826 posteaquam
371 737 518 803 dormivit
537 739 569 802 in
589 738 696 804 medio
712 739 868 805 sortium:
890 739 996 805 media
1019 751 1133 804 autem
1150 741 1192 803 iu-

150 857 200 910 ter
215 835 292 911 duas
307 846 484 912 vocationes
500 845 623 912 Israelis
637 846 778 914 Ecclesia
796 859 905 913 vocata
916 859 982 923 est,
993 847 1069 936 quia
1089 848 1193 936 primo

153 951 248 1019 lsrael
264 965 390 1018 vocatus
413 965 480 1030 est,
501 966 573 1042 post
594 953 661 1020 baeo
686 955 741 1021 ubi
761 955 828 1043 ipse
850 953 982 1020 offendit
1000 966 1034 1019 et
1051 956 1190 1032 cecidit,

153 1073 262 1128 vocata
283 1075 330 1126 est
356 1061 499 1128 Ecclesia
519 1063 685 1151 gentium:
706 1087 780 1130 cum
800 1077 907 1130 autem
922 1063 1099 1152 plenitudo
1122 1088 1178 1153 gen

151 1169 230 1234 tium
244 1171 413 1245 introierit,
430 1182 498 1235 tum
513 1171 627 1236 iterum
640 1171 743 1237 omnis
760 1167 837 1238 lsre‘l
846 1183 977 1239 vocatus
993 1170 1189 1238 salvabitur:

149 1279 182 1343 in
204 1279 310 1344 medio
333 1302 409 1368 ergo
430 1266 542 1346 barum
564 1281 699 1346 duarum
722 1282 855 1347 sortium
877 1282 995 1346 dormit
1013 1279 1186 1347 Ecclesis¹.

150 1387 188 1451 Et
217 1397 351 1476 propter
375 1388 439 1453 boe
458 1388 544 1454 dedit
569 1389 597 1452 ei
625 1417 637 1450 a
662 1411 782 1476 pennas
809 1387 966 1455 columbae
1001 1389 1187 1478 deargenta-

149 1492 257 1570 stas¹,
273 1522 286 1555 s
303 1496 390 1584 quod
412 1494 567 1585 siguificat
579 1496 783 1562 rationabiles
801 1521 922 1586 pennas
944 1497 977 1561 in
996 1499 1109 1562 sancti
1126 1499 1184 1586 Spi·

148 1603 226 1668 ritus
250 1603 349 1669 donis.
376 1606 447 1670 «Et
469 1605 642 1693 posteriora
667 1605 751 1670 dorsi
778 1607 873 1694 ejus,
902 1604 949 1671 vel
970 1606 1005 1671 iu
1032 1605 1179 1671 viriditate

149 1711 256 1786 sauri,
271 1740 283 1773 ι
297 1721 332 1775 ιιι
347 1712 475 1799 quidam
484 1711 591 1800 legunt
602 1695 676 1787 ,¹vel
693 1725 727 1778 ut
744 1711 794 1778 alii
810 1714 964 1803 seriptum
982 1713 1175 1788 babent,sin

149 1847 161 1880 a
171 1816 289 1907 pallore
296 1821 375 1887 auri.
391 1849 404 1882 ι
420 1822 514 1901 Quod
537 1821 703 1886 ostendere
722 1833 849 1911 potest,
870 1822 943 1910 quia
963 1825 1120 1911 posterior
1130 1821 1169 1886 alla

149 1929 271 1993 vocatio
287 1951 381 2016 quam
398 1951 435 1994 ex
451 1927 546 1994 lsradl
561 1929 700 1995 futuram
713 1930 789 1995 dicit
806 1928 976 2018 Apostolus
992 1931 1162 2006 ,noneritin

150 2036 348 2102 observantia
358 2035 452 2125 legis,
470 2036 526 2101 sed
541 2037 573 2100 iu
588 2037 781 2125 pretiositate
794 2036 877 2101 lidei.
893 2037 974 2103 Auri
993 2063 1128 2126 namque
1140 2038 1170 2100 ri·

147 2143 282 2210 riditatis
299 2143 379 2233 gerit
399 2145 537 2232 speciem
560 2143 638 2209 fides
663 2145 828 2209 virtutibus
844 2143 974 2211 llorcns.
1004 2147 1115 2211 Potest
1128 2171 1173 2210 aa·

147 2262 212 2314 tem
234 2250 296 2315 dici
317 2251 349 2314 in
370 2249 475 2314 medio
491 2272 602 2315 earum
624 2251 755 2315 sortium
779 2251 936 2325 dormire,
956 2249 1009 2315 vel
1028 2253 1177 2339 quiescere

148 2354 300 2432 Ectlesia‚
313 2357 346 2420 in
362 2355 619 2422 medio'duorum
635 2359 898 2440 testamentorum
917 2381 925 2420 τ
947 2369 980 2422 et
993 2361 1178 2447 pcnnseejus

148 2464 356 2554 deargentatae
368 2488 407 2529 ex
419 2466 560 2530 sensibus
571 2462 658 2553 legis.
674 2464 796 2531 Aurum
812 2466 844 2530 in
856 2466 1093 2553 posterioribus
1107 2467 1182 2532 dorsi

146 2573 234 2660 ejus,
260 2569 391 2661 intelligi
410 2570 578 2660 evangelici
597 2573 738 2637 muneris
760 2573 880 2638 donum
894 2585 1012 2661 potest.
1039 2573 1092 2640 Ad
1108 2576 1184 2640 banc

147 2702 222 2767 ergo
236 2677 412 2745 Ecclesiam
428 2680 503 2745 dicit
518 2679 664 2744 Christus
683 2703 690 2744 :
708 2679 807 2756 Veni,
825 2691 859 2744 tu
876 2679 1027 2747 columba
1044 2705 1117 2748 mea
1132 2734 1141 2758 ,
1156 2690 1186 2746 et

147 2787 235 2861 veni,
250 2786 283 2851 in
300 2789 496 2876 operimento
508 2798 605 2876 petrae
624 2811 631 2851 :
655 2787 772 2852 docens
791 2811 862 2852 eam
878 2800 912 2851 ut
935 2801 1047 2878 operta
1065 2791 1183 2866 veniat,

145 2917 186 2959 ne
208 2895 285 2982 quid
307 2898 443 2985 patiatur
459 2895 500 2961 ab
522 2895 757 2961 incursantibus
775 2918 847 2962 eam
867 2898 1115 2974 tentationibus,
1132 2901 1186 2964 sed

144 3004 203 3066 sub
219 3004 330 3068 umbra
347 3017 442 3093 petras
460 3003 587 3068 incedat
602 3004 729 3068 obtecta
747 3003 876 3069 dicenst
896 3032 909 3064 ι
928 3005 1066 3094 Spiritus
1082 3005 1186 3072 vultus

146 3112 266 3175 snostri
279 3110 421 3177 Christus
436 3110 611 3185 Dominus,
631 3111 682 3174 cui
696 3111 831 3176 diximus
847 3135 856 3176 τ
872 3112 909 3177 ln
922 3115 1037 3178 umbra
1053 3115 1124 3201 ejus
1142 3115 1187 3178 vi-

147 3240 277 3284 »vemus
288 3221 320 3284 in
336 3217 510 3308 gentibus².
531 3218 695 3284 sohtecta
711 3229 817 3285 autem
828 3220 949 3285 incedit
964 3233 996 3286 et
1012 3222 1185 3310 adoperta,

145 3327 218 3414 quia
236 3329 329 3394 debet
345 3339 532 3416 potestatem
556 3327 674 3393 babere
689 3351 784 3417 super
800 3341 914 3417 caput,
933 3341 1063 3419 propter
1078 3331 1186 3421 Ange-
1287 3412 1292 3427 Ι

143 3434 200 3502 los.
226 3437 308 3502 Cum
328 3449 434 3502 autem
450 3437 570 3501 venerit
587 3435 852 3526 ad'promuralem
865 3435 993 3514 locum,
1013 3438 1126 3514 idest,
1146 3440 1183 3505 ad
1285 3434 1292 3485 3

142 3543 239 3610 loturi
252 3542 356 3610 saeculi
371 3556 500 3620 statum,
515 3544 558 3608 ibi
571 3544 611 3610 ad
622 3568 691 3609 eam
702 3545 779 3612 dicit
790 3569 798 3609 :
810 3571 823 3605 r
833 3545 975 3611 Ostende
984 3545 1060 3612 mihi
1070 3547 1181 3614 faciem

143 3665 268 3729 stasim,
284 3663 316 3718 ct
329 3653 468 3718 auditam
480 3652 529 3718 lac
545 3651 623 3718 mibi
640 3676 749 3718 vocem
762 3656 848 3719 triam
861 3703 870 3730 ‚
881 3654 957 3742 quia
975 3677 1033 3719 vox
1044 3667 1096 3720 tua
1110 3679 1185 3720 sua·
1286 3634 1292 3701 Ϊ

142 3762 208 3828 »ris
219 3760 296 3826 est‘.
310 3789 323 3822 ι
339 3759 488 3828 Auditum
501 3758 565 3826 vult
577 3761 644 3826 fieri
659 3785 769 3828 vocem
782 3759 933 3828 Ecclesiae
948 3787 1030 3838 suae,
1043 3765 1116 3852 quia
1129 3767 1183 3852 qui

178 3898 185 3932 ¹
199 3905 270 3954 Rom.
286 3921 323 3952 nr.
335 3931 367 3942 —
379 3899 390 3933 ²
402 3904 487 3952 Psalm.
499 3919 595 3964 axvrrr,
612 3904 650 3954 13.
660 3932 692 3941 -
705 3901 714 3936 ¹
725 3905 817 3953 Tbren.
830 3921 866 3967 tv,
876 3922 917 3954 ao.
931 3933 960 3942 ν
973 3901 1062 3956 ‘Cant
1075 3921 1110 3967 rr,
1125 3909 1166 3966 14.
