2604 4614
202 278 266 354 34⁰
648 297 791 342 osismus

82 413 84 416 ¹
198 445 308 511 gogae:
324 423 388 488 (luo
399 445 515 512 quippe
530 445 653 489 sorores
663 434 755 499 sunt
770 420 910 516 Ecclesia
925 434 958 486 et
970 422 1149 511 synagoga
1164 424 1226 490 Sal-

200 543 288 597 vator
317 554 421 619 ergo,
447 543 482 596 ut
512 531 672 606 diximus,
706 529 790 598 filius
818 554 986 620 synagogae
1016 534 1162 610 sororis,
1191 537 1229 600 rir
1290 487 1292 604 i

199 637 373 714 Ecclesiae,
399 662 531 727 sponsus
555 618 730 714 Ecclesiae,
762 638 919 706 fratruelis
941 651 989 703 est
1012 662 1141 726 sponsae
1165 664 1227 708 sue.
1290 663 1292 718 j

206 745 407 812 «Fasciculus
419 745 509 812 stillae
527 745 686 812 fratruelis
700 771 791 812 meus
806 748 885 814 mihi
900 770 909 810 ε
930 746 965 811 in
980 747 1091 812 merlin
1109 747 1230 816 uberum
1291 821 1292 824 Ἴ

197 875 364 918 »meorum
382 854 665 920 commorabitur¹.
681 881 694 915 s
713 855 792 934 Quis
805 855 848 921 ita
863 856 974 920 beatus
987 855 1158 922 uthabeat
1169 854 1230 921 bos-
1291 895 1292 900 κ

99 1009 100 1014 1
196 960 296 1047 pitem
318 962 349 1025 in
370 960 536 1049 principali
556 963 680 1038 cordis,
696 963 728 1027 in
748 963 855 1030 medio
873 963 1032 1037 uberum,
1058 963 1093 1028 in
1117 974 1230 1050 pectore

195 1087 252 1128 suo
267 1087 447 1140 sermonem
464 1065 544 1130 Deii’
556 1065 631 1130 Tale
646 1065 818 1153 estquippe
834 1065 921 1152 quod
932 1066 1086 1132 canitur:
1103 1067 1165 1132 «ln
1178 1091 1229 1134 me-

193 1173 269 1238 »dio
281 1175 416 1240 uberum
431 1195 576 1240 meorum
591 1174 855 1240 commorabitur.
873 1173 907 1238 Si
920 1197 986 1238 non
999 1173 1127 1240 fuerint
1142 1174 1229 1242 naua

193 1304 362 1348 »mammas
377 1293 458 1346 tuce:
477 1308 489 1340 s
506 1282 538 1346 in
557 1281 664 1346 medio
679 1305 790 1346 earum
801 1280 960 1346 habitabit
974 1303 1091 1346 sermo
1108 1282 1225 1348 (lirinus.

191 1392 333 1458 Docebat
360 1392 392 1456 iu
414 1392 555 1457 carmine
579 1389 710 1478 nuptiali
740 1412 895 1456 mammas
921 1391 1034 1478 potius
1065 1390 1224 1479 appellari,

191 1522 288 1586 quam
303 1509 424 1586 pectus.
435 1483 477 1564 Et
485 1499 690 1587 perspicuum
705 1511 753 1562 est
767 1520 827 1563 cur
837 1497 878 1563 ad
892 1499 1137 1586 expositionem
1150 1501 1224 1587 ejus,

191 1606 245 1692 qui
257 1595 333 1670 dicit
349 1629 357 1671 :
376 1607 438 1670 «ln
453 1607 559 1672 metlio
575 1609 709 1670 uberum
722 1629 867 1670 meorum
883 1607 1163 1674 commorabitur:
1174 1609 1222 1674 rsit

190 1724 386 1800 assumptum
396 1761 412 1789 ,Α
422 1740 435 1774 a
447 1713 472 1776 si
484 1735 549 1778 non
564 1712 682 1780 fuerint
697 1712 805 1778 fractas
817 1735 964 1778 mammae
979 1725 1093 1790 tuae‚»
1107 1715 1146 1780 de
1158 1717 1219 1780 Ere·

188 1819 300 1886 chiele.
319 1821 356 1884 lu
373 1842 411 1884 eo
427 1820 542 1909 quippe
556 1819 628 1886 loco
640 1821 694 1885 ubi
706 1818 903 1886 Hierusalem
919 1821 1092 1895 dominica
1108 1823 1212 1909 compi·

187 1947 239 2000 tur
260 1957 355 2010 voce,
373 1935 455 1999 inter
471 1946 585 2000 caetera
601 1935 718 1999 dicitur
734 1934 875 1999 adeam:
892 1960 905 1994 r
921 1934 958 1998 lo
968 1933 1114 2023 AEgypto
1124 1936 1207 2000 fade

187 2053 281 2108 »sunt
303 2065 451 2108 mammae
470 2042 560 2108 tuaa².
586 2041 784 2108 ›Castarum
804 2043 900 2106 ubera
924 2065 990 2108 oon
1019 2043 1202 2131 franguntur:

188 2151 244 2216 setl
259 2150 464 2215 meretricum
480 2152 578 2216 ubera
593 2149 670 2215 laxis
685 2148 820 2238 pellibus
835 2149 1021 2237 irrigantur.
1041 2152 1209 2216 rubeam

184 2270 290 2324 erecta
304 2270 378 2324 sunt
391 2259 508 2334 ubera,
524 2270 557 2323 et
567 2257 708 2346 virginali
727 2258 844 2322 robore
860 2258 1033 2324 tumentia.
1049 2259 1215 2348 Suscipiunt

185 2389 366 2439 sermonem
382 2367 506 2454 sponsi,
524 2379 557 2432 et
570 2367 682 2433 dicunt
699 2390 707 2431 :
726 2367 786 2431 «ln
805 2366 911 2431 medio
927 2369 1071 2434 uberum
1087 2391 1218 2436 meorum

184 2472 465 2538 seommorabitur.
488 2473 603 2538 Botrus
619 2472 710 2560 cypri
726 2469 883 2536 fratruelis
897 2491 990 2536 meus
1006 2473 1124 2538 mibi⁸.
1138 2504 1151 2536 s
1164 2474 1219 2540 lni-

182 2581 261 2644 tium
273 2590 321 2644 est
335 2579 489 2644 sermonis
500 2579 532 2642 io
543 2580 685 2666 germine
702 2590 756 2643 :et
767 2579 893 2644 initium
904 2581 1014 2667 cypri,
1033 2581 1068 2646 id
1083 2594 1156 2658 est,
1171 2581 1222 2646 llo·

180 2687 301 2754 ritiouis
318 2688 352 2754 in
371 2686 485 2763 verbo,
502 2686 587 2752 unde
599 2687 657 2752 ait:
677 2713 689 2746 a
707 2688 823 2752 Botrus
839 2688 948 2776 cypri,
968 2717 982 2752 s
999 2688 1035 2753 id
1051 2702 1125 2766 est,
1141 2691 1223 2756 flori-

183 2797 277 2862 tionis
293 2793 473 2863 «fratruelis
488 2817 579 2860 meus
595 2795 683 2862 mihi.
699 2824 712 2856 a
728 2795 797 2862 Non
813 2797 963 2862 omnibus
975 2810 1026 2864 est
1043 2799 1160 2866 botrus
1172 2823 1223 2887 cy·

179 2906 228 2993 pri
236 2927 245 2977 3
271 2904 327 2970 sed
342 2903 391 2968 bis
407 2905 460 2990 qui
475 2904 544 2990 ejus
559 2903 638 2968 flore
655 2902 740 2992 digni
757 2915 841 2968 sunt.
868 2903 945 2970 Aliis
961 2929 1022 2970 ura
1049 2909 1139 2974 varia
1158 2921 1221 2972 est:

179 3012 255 3077 huic
271 3011 329 3077 soli
345 3034 416 3100 quae
432 3011 522 3100 nigra
536 3023 627 3076 estet
641 3011 798 3086 formosa,
811 3011 844 3076 in
859 3011 945 3076 lloris
961 3013 1086 3080 decore
1101 3039 1136 3080 se
1147 3039 1220 3102 pm·

178 3120 243 3185 bet.
262 3146 274 3180 ι
290 3121 407 3186 Botrus
422 3119 513 3207 cypri
530 3117 687 3184 fratruelis
702 3141 793 3184 meus
808 3119 897 3186 mihi.
916 3149 929 3182 a
948 3121 1021 3188 Nou
1039 3122 1217 3211 amplisu

179 3229 221 3293 ait
236 3252 243 3294 :
256 3230 392 3294 «Botrus
404 3228 492 3317 cypri
508 3226 666 3296 fratruelis
680 3250 787 3292 meus:
803 3227 880 3292 »sed
895 3251 970 3294 cum
988 3230 1217 3304 additamento,

176 3336 254 3402 mibi
263 3360 271 3401 ε
291 3348 326 3401 ut
341 3336 470 3402 doceret
483 3359 546 3401 non
562 3336 710 3401 omnibus
726 3357 800 3400 eum
815 3359 883 3402 esse
894 3337 1026 3403 botrum
1044 3340 1148 3426 cypri.
1165 3339 1219 3406 t't-

177 3446 307 3513 deamus
321 3456 429 3510 autem
441 3445 473 3509 in
489 3444 604 3531 quibus
620 3443 802 3531 regionibus
819 3445 931 3510 botrus
945 3445 1005 3510 iste
1023 3447 1066 3510 sit
1083 3470 1219 3536 sponsae.

183 3556 241 3620 «ln
254 3554 351 3620 vineis
363 3553 506 3641 Engaddi
518 3601 530 3628 „
539 3579 552 3614 s
562 3550 648 3639 quod
659 3551 885 3640 interpretatur
900 3550 1012 3620 oculus
1021 3556 1218 3621 tentationis.

175 3662 211 3726 ln
227 3661 325 3728 vineis
338 3661 433 3748 igitur
439 3659 524 3726 oculi
537 3660 718 3726 tentationis
730 3661 840 3726 botrus
854 3661 944 3749 cypri
955 3661 1114 3730 fratruelis
1127 3686 1224 3728 meus

173 3771 262 3836 mibi.
279 3768 474 3834 Tentationis
486 3767 597 3832 oculus
613 3769 645 3832 iu
661 3767 806 3856 praesenti
821 3779 868 3832 est
890 3793 898 3832 :
916 3769 1071 3857 siquidem
1087 3771 1120 3836 in
1144 3783 1221 3834 ten-

210 3909 343 3974 *Cant.1‚
371 3928 409 3960 ra.
424 3906 572 3976 -7²F.aecb.
591 3906 1022 3974 xxrrr,3.-¹Gunt.r‚13,r4
