2776 4616
253 278 318 356 boo
699 275 841 329 carastus
905 257 907 261 ’
971 346 977 360 Ι

253 430 327 474 nem
340 419 451 472 eorum
465 403 520 490 qui
532 399 706 466 coronandi
723 409 809 473 sunt,
822 419 901 486 opus
917 407 965 462 est
980 395 1086 462 adbuc
1102 417 1195 484 opera
1209 396 1268 482 ojus
1380 423 1381 440 1

253 518 293 582 ad
304 514 451 580 exercitia
465 511 690 584 certaminum,
701 522 734 573 et
745 509 892 574 victorias
905 508 1084 572 beatorum.
1100 505 1154 589 Sic
1164 515 1270 593 ergoet

252 626 391 713 reliquos
407 624 565 688 daemones
581 643 644 686 non
661 618 727 684 vult
742 631 816 683 ante
831 631 956 706 tempus
972 639 989 681 a
1006 617 1157 703 propositi
1172 615 1215 680 sui
1230 616 1270 679 in-

250 735 391 801 tentione
402 730 557 797 violenter
571 729 753 795 abstrahere
768 751 776 792 :
789 738 829 792 et.
839 727 909 791 ideo
928 747 968 790 ex
987 727 1076 789 initio
1096 748 1158 789 non
1173 725 1214 788 eis
1229 725 1270 788 in-

138 867 143 877 ·
250 843 346 908 dulsit
359 841 498 907 invocari
513 863 570 929 per
584 837 725 913 Balaam,
737 861 777 902 ne
791 837 872 901 forte
889 835 1026 902 invocati
1042 835 1270 899 destruerentur

250 966 323 1018 ante
343 965 480 1040 tempus,
497 960 529 1014 ot
550 949 781 1037 perimerentur
799 947 988 1012 defendente
1010 943 1163 1033 populum
1185 967 1270 1008 suum

249 1063 327 1128 Deo.
347 1061 441 1128 alliud
458 1061 543 1125 enim
554 1071 614 1133 est,
632 1059 656 1123 si
672 1068 818 1146 expectat
830 1058 954 1120 damon
970 1079 987 1120 a
1002 1055 1070 1119 Deo
1086 1052 1219 1140 aliquem
1232 1053 1270 1118 ad

247 1169 435 1236 tentandum
451 1168 532 1233 sicut
547 1167 755 1242 debetcum
772 1177 858 1231 certa
872 1165 1075 1229 distinctione
1090 1173 1269 1250 potestatem

247 1283 316 1369 ejus
327 1280 479 1368 accipiat;
494 1279 580 1344 verbi
594 1279 705 1366 gratia,
721 1290 754 1340 ut
767 1276 891 1342 dicatur
901 1275 943 1348 ei,
956 1273 1005 1338 Do
1018 1273 1073 1338 tibi
1087 1273 1192 1337 omnia
1203 1274 1266 1359 ejus

245 1393 278 1456 in
294 1403 463 1481 potestate,
476 1389 531 1454 sed
548 1389 651 1476 ipsum
667 1411 731 1452 non
743 1387 925 1474 contingam
942 1389 996 1448 ant
1012 1383 1141 1458 iterum,
1154 1383 1202 1446 Do
1217 1383 1269 1447 tibi

151 1483 152 1490 ἵ
245 1503 278 1566 in
296 1525 369 1566 eum
385 1511 587 1588 potestatem,
605 1497 661 1560 sed
676 1497 814 1560 animam
830 1495 900 1582 ejus
916 1493 1061 1559 custodi:
1079 1504 1112 1556 et
1127 1491 1210 1556 aliud
1225 1504 1270 1558 est

245 1610 270 1673 si
287 1598 379 1696 mago
394 1606 551 1693 exigente,
562 1615 595 1667 et
612 1604 839 1691 adjuramentis
851 1602 1041 1690 qaibusdam
1053 1615 1267 1688 extorquente,

244 1717 404 1781 daemones
421 1715 488 1778 sine
508 1711 569 1777 ulla
591 1712 810 1777 observatione
826 1710 1061 1776 deseviantlu
1081 1733 1144 1796 qao
1164 1710 1268 1796 utique

243 1827 268 1892 si
283 1827 327 1890 eis
343 1824 470 1889 libertas
489 1833 630 1888 servetur
649 1822 783 1897 arbitrii,
800 1820 954 1910 populum
969 1819 1027 1884 Dei
1044 1819 1198 1906 perditum
1213 1817 1265 1881 da·

241 1937 333 1999 bunt.
349 1932 382 1996 Si
395 1955 469 1996 vero
485 1930 612 1997 libertas
625 1931 785 1996 auferatur
800 1929 934 2002 arbitrii,
953 1929 1014 1993 hoc
1029 1939 1096 1993 erat
1109 1928 1268 1992 damnasse

241 2039 461 2108 rationabilem
474 2053 664 2117 creaturam,
678 2051 793 2105 etanta
806 2050 930 2127 tempus
941 2035 1081 2102 intulisse
1096 2035 1268 2124 judicium,

242 2163 273 2218 et
286 2151 453 2240 impedisse
469 2151 616 2216 omnibus
633 2150 685 2236 qui
703 2150 868 2214 adversam
880 2165 934 2212 eos
950 2149 981 2211 in
998 2169 1097 2234 agone
1114 2157 1269 2211 certantes

239 2271 385 2349 poterant
401 2260 557 2324 coronari.
574 2260 606 2325 Si
623 2260 708 2324 enim
725 2259 885 2324 daemoniis
903 2255 1064 2321 aule-ratur
1080 2253 1207 2320 libertas
1224 2279 1272 2319 ar-

238 2359 337 2444 bitrii,
347 2367 450 2433 nullus
464 2359 544 2432 ultra
555 2369 751 2457 impugnabit
763 2363 897 2430 athletas
911 2364 1026 2430 Christi
1041 2388 1048 2430 ε
1061 2362 1149 2428 nullo
1162 2375 1269 2428 autem

238 2479 456 2566 impugnante,
471 2499 532 2541 nec
548 2489 709 2542 certamen
725 2474 853 2562 aliquod
875 2475 954 2545 erit;
970 2485 1003 2537 et
1019 2472 1143 2538 sublato
1164 2485 1271 2538 certa·

236 2587 335 2661 mino,
352 2585 475 2650 nullum
489 2586 548 2651 erit
571 2587 748 2672 praemium,
768 2583 854 2648 nulla
871 2583 1012 2648 victoria.
1032 2583 1158 2648 Idcirco
1174 2583 1273 2670 igitur

236 2694 290 2759 tali
302 2697 351 2760 via
366 2696 464 2759 utitur
475 2695 574 2768 Deus,
589 2706 623 2756 ut
634 2707 665 2757 et
677 2692 813 2781 populus
830 2691 934 2758 adhuc
946 2692 1045 2764 rudis,
1058 2692 1154 2778 etqui
1167 2715 1274 2778 nuper

142 2803 150 2816 ¹
235 2803 373 2868 abstrahi
396 2815 536 2891 coeperat
554 2827 571 2868 a
590 2801 678 2866 cultu
694 2803 887 2877 daemonum,
908 2801 1102 2865 daemonibus
1124 2823 1188 2864 non
1207 2812 1274 2866 tra-

236 2914 339 2988 datur,
353 2925 384 2977 et
397 2913 562 2978 invocante
575 2935 668 3000 mago
681 2934 828 3000 responsa
843 2910 1037 2983 descrantur,
1049 2922 1081 2974 et
1093 2932 1193 2997 genus
1206 2910 1275 2974 dae-

234 3042 366 3084 monum
388 3043 451 3086 non
472 3021 611 3084 nudetur
630 3021 749 3085 arbitrii
773 3031 938 3108 potestate.
962 3021 1000 3082 Et
1023 3019 1094 3084 ideo
1113 3021 1275 3107 praevenit

232 3130 331 3202 Deus,
348 3141 381 3193 et
403 3130 447 3193 ire
467 3128 594 3194 Bnlaam
615 3140 710 3217 atque
731 3129 878 3195 invocare
894 3127 1052 3191 daemones
1071 3129 1112 3192 ad
1133 3106 1273 3193 maledi-

223 3239 369 3305 cendum
386 3237 546 3325 prohibet,
559 3238 583 3301 si
596 3249 702 3300 tamen
718 3261 736 3300 a
749 3237 922 3324 cupiditate
935 3248 1095 3301 cessasset.
1112 3236 1177 3301 Sed
1189 3237 1273 3325 quia

230 3347 369 3436 persistit
381 3347 411 3411 in
425 3348 579 3412 desiderio
590 3347 745 3435 pecuniae,
762 3346 928 3434 indulgens
941 3345 1025 3410 Deus
1039 3347 1158 3410 arbitrii
1171 3346 1276 3412 liber-

230 3457 300 3531 tati,
313 3479 421 3520 rursus
433 3457 477 3520 ire
488 3459 652 3544 permittit.
667 3457 812 3523 Verbum
824 3469 929 3521 tamon
948 3479 1040 3521 suum
1059 3456 1161 3544 injicit
1178 3457 1213 3522 in
1234 3479 1275 3522 os

229 3566 310 3651 ejus,
330 3564 502 3651 prohibens
519 3564 774 3631 maledictionem
795 3565 864 3630 fieri
886 3587 943 3653 por
961 3567 1134 3640 daemones,
1152 3578 1186 3629 ut
1212 3567 1280 3630 be·

229 3672 462 3738 nedictionibus
480 3672 587 3741 locum
609 3675 712 3749 daret,
729 3686 761 3738 et
776 3697 834 3762 pro
852 3673 1026 3740 maledictis
1045 3675 1183 3763 proferat
1199 3675 1279 3740 Ba-

227 3781 309 3850 laam
331 3782 583 3860 benedictiones,
601 3807 639 3851 ac
663 3784 931 3873 prophetiaeque
950 3799 1081 3873 possunt
1102 3785 1279 3852 aedificare

226 3913 290 3960 noa
308 3892 410 3961 solum
427 3892 537 4004 lsrael,
556 3895 611 3960 sed
627 3906 660 3960 et
679 3893 815 3981 reliquas
829 3908 947 3984 gentes.
964 3896 996 3962 Si
1016 3897 1102 3964 enim
1117 3921 1134 3962 a
1151 3895 1278 3982 Moyse
