2744 4600
273 293 335 358 562
719 309 862 355 ortorum
967 271 969 275 ⁸

272 451 330 521 per
346 433 380 498 in
394 425 504 498 monte
521 429 580 498 Dei
599 429 735 504 habitet,
748 439 919 496 montanus
937 427 1074 495 dicatur.
1095 427 1280 517 Subtequitm

271 550 345 630 post
355 538 424 605 haec
438 538 560 604 mensio
574 535 724 603 Selmono
738 560 748 602 t
767 535 854 625 quod
866 537 1094 627 interpretatur
1109 539 1207 604 umbre
1221 561 1284 627 por·

271 649 378 714 tionis.
393 645 484 716 lllcm
495 657 573 735 puto
589 648 737 713 umbram
749 645 812 711 dici
824 646 865 711 ‹le
876 669 940 736 qut
952 659 985 712 et
996 646 1150 737 Propheta
1161 647 1285 724 diecto,

284 757 443 847 «Spiritus
458 756 564 824 vultus
576 757 675 823 nostri
689 755 834 822 Christus
845 757 1015 834 Dominus,
1029 759 1082 824 cui
1097 757 1242 824 diximus:
1256 761 1287 824 ln

274 867 414 931 »umbre
437 866 507 955 ejus
526 866 667 931 vivemus
683 865 716 930 in
736 863 894 932 Gentibus
904 864 954 931 ¹.»
974 865 1040 932 Sed
1061 879 1096 932 et
1116 865 1164 932 illo
1190 866 1288 934 similis
1331 845 1332 856 ,

273 976 350 1043 huic
364 979 477 1042 umbro
498 988 559 1052 est,
583 975 623 1042 de
639 997 700 1064 quc
715 975 856 1042 (liciturz
873 974 1033 1065 «Spiritus
1048 976 1171 1042 Domini
1185 978 1291 1046 obum-
1331 985 1332 1056 l

275 1087 410 1153 »brabit
428 1085 486 1152 tibi
495 1084 519 1151 ².
540 1113 553 1148 ι
574 1085 693 1152 Umbra
711 1107 787 1174 ergo
802 1085 959 1174 portionis
979 1097 1108 1162 nostrae,
1123 1107 1190 1172 quc
1208 1088 1289 1154 nob's

272 1195 463 1284 opacitatem
486 1204 614 1283 praestnt
636 1196 676 1260 ab
699 1193 787 1260 omni
813 1206 892 1259 testu
915 1195 1140 1278 tentationum,
1159 1195 1290 1263 Christus
1331 1243 1332 1252 η

271 1317 332 1382 est,
348 1317 381 1371 et
395 1304 531 1394 Spiritus
547 1317 686 1370 sanctus.
707 1304 790 1370 Hinc
801 1305 868 1392 jum
879 1306 1007 1372 venitur
1018 1306 1060 1371 nd
1070 1305 1205 1383 Phinon,
1218 1307 1290 1397 qool
1330 1337 1332 1464 p

271 1417 473 1506 interpretari
491 1428 641 1504 putemus
659 1414 724 1480 oris
739 1414 981 1502 parcimoniam
1001 1414 1065 1495 Qut
1083 1417 1171 1482 enim
1188 1417 1290 1483 intueri

270 1527 413 1617 potuerit
426 1524 613 1614 mysterium
629 1524 669 1590 de
686 1523 827 1600 Christo,
844 1536 877 1592 et
898 1525 938 1590 de
960 1525 1081 1614 Spiritu
1096 1539 1220 1603 sancto,
1237 1529 1290 1594 etsi

273 1635 400 1711 viderit,
416 1636 480 1700 sive
496 1633 632 1698 audierit
646 1655 682 1696 co
695 1655 766 1721 quse
776 1630 929 1698 nonlicet
943 1632 1127 1700 hominibus
1141 1632 1241 1724 loqui,
1251 1659 1292 1702 ne
1331 1641 1332 1692 ἶ

276 1745 412 1812 cessario
438 1742 569 1809 habehit
601 1742 664 1807 oris
692 1742 937 1831 parcimoniam,
967 1743 1070 1808 sciens
1101 1745 1229 1833 quibus,
1254 1742 1291 1811 sel

274 1854 415 1942 quondo,
432 1850 484 1918 uel
499 1851 661 1939 quomodo
677 1851 717 1916 de
732 1852 891 1940 mysteriis
907 1852 1020 1918 divinis
1042 1863 1191 1942 oportent
1206 1853 1284 1940 loqui.

274 1961 349 2028 Post
364 1961 433 2027 haec
447 1960 572 2025 venitur
583 1943 711 2033 Olrotb;
728 1960 820 2047 cujus
831 1960 969 2026 nominis
980 1961 1124 2049 quamvis
1143 1963 1287 2029 nonime-

274 2071 415 2148 norimus
430 2070 737 2158 interpretationem,
754 2080 862 2135 tamcn
878 2093 944 2134 non
967 2069 1168 2147 dubitemus,
1183 2073 1260 2140 siout
1270 2085 1296 2137 ct

275 2181 308 2246 in
330 2180 451 2248 coeteris
469 2179 630 2255 omnibus,
651 2180 748 2244 etiam
766 2179 799 2244 in
819 2179 882 2245 hoc
904 2181 1032 2246 nomine
1048 2186 1298 2272 consequentiam

274 2289 682 2382 profectuumoonservori.
703 2288 854 2378 Sequitur
867 2301 940 2378 post
953 2289 1024 2357 haec
1038 2293 1250 2382 monsioquae
1263 2319 1301 2384 cp

275 2394 416 2492 pelletur¹
427 2400 498 2474 Gai,
512 2400 599 2487 quod
610 2400 838 2487 interpretatur
847 2398 955 2466 chaos.
970 2399 1149 2491 Appropiot
1159 2407 1252 2471 enim
1261 2427 1304 2496 per

274 2511 334 2578 hos
355 2509 516 2600 profectus
538 2508 579 2572 od
602 2507 688 2573 sinus
710 2506 860 2582 Abrohae,
887 2508 942 2596 qui
969 2508 1045 2575 dicit
1062 2510 1103 2576 ad
1124 2535 1185 2578 eos
1210 2515 1305 2604 quiin

276 2621 442 2689 tormentis
454 2631 540 2695 sunt,
553 2619 626 2706 quia
648 2643 661 2678 ι
675 2619 762 2684 luter
774 2639 829 2682 vos
840 2627 873 2682 et
885 2638 943 2683 nos
956 2617 1052 2684 choos
1066 2641 1233 2710 magnum
1247 2647 1308 2691 mr

277 2733 466 2798 »firmatum
481 2728 561 2805 est⁸,
574 2758 587 2791 »
602 2740 637 2792 ut
652 2739 684 2794 et
707 2729 774 2816 ipse
796 2726 828 2792 in
851 2727 971 2794 sinibus
987 2730 1068 2818 ejus,
1091 2731 1180 2798 sicut
1209 2735 1311 2802 besto

276 2841 425 2916 annrus,
445 2839 632 2926 requiescet.
652 2835 730 2902 lude
745 2836 862 2902 iterum
877 2837 1003 2902 venitur
1019 2836 1213 2930 Dibongnd,
1238 2843 1314 2932 qnod

277 2949 453 3040 significare
474 2948 576 3014 lertur
595 2945 750 3035 opierium
769 2947 992 3012 tentationum.
1017 2947 1047 3014 0
1069 2950 1194 3018 miram
1212 2954 1315 3020 dirim

277 3058 481 3148 providentioe
493 3052 650 3122 cautelam
660 3056 668 3118 l
678 3053 762 3121 Ecce
773 3055 839 3143 jam
851 3053 953 3120 victor
962 3055 1016 3122 bic
1028 3055 1152 3125 itineris
1161 3061 1316 3135 coelcsss,

278 3191 410 3237 summm
431 3166 617 3258 perfectioni
639 3165 800 3254 proximus
825 3164 862 3230 lit
881 3165 1080 3232 successione
1098 3168 1319 3254 virtutemne

279 3293 385 3345 tomen
406 3277 436 3342 ei
457 3284 651 3341 tentamenta
673 3294 737 3336 non
758 3271 886 3347 desunt,
909 3273 964 3336 sed
986 3273 1058 3339 novi
1076 3279 1219 3362 generis
1236 3281 1320 3346 ιώ

278 3399 484 3457 tentamento.
500 3383 677 3473 Apiorium,
690 3380 806 3468 iuquit,
823 3381 1046 3454 tentationum.
1064 3381 1144 3471 Apis
1157 3384 1321 3456 loudnltir

279 3495 395 3566 onimal
406 3496 439 3560 in
457 3491 627 3580 scripturis
643 3489 783 3579 positum
798 3499 860 3564 est,
878 3510 918 3552 ex
933 3488 1026 3575 cujus
1041 3487 1226 3563 laboribus
1246 3517 1321 3586 ηδε

279 3618 312 3673 et
327 3602 502 3670 mediocres
520 3597 560 3661 cd
580 3597 747 3662 sanitatem
763 3595 961 3678 abutuntur:
980 3594 1066 3682 quod
1081 3611 1182 3666 recte
1197 3602 1249 3668 de
1269 3626 1321 3670 m

280 3715 333 3781 bis·
343 3709 574 3798 Prophetarum
586 3718 617 3772 et
635 3703 873 3793 Apostolorum,
885 3716 981 3792 atquc
991 3706 1142 3774 omnium
1158 3713 1234 3798 qui
1253 3731 1325 3779 nm

280 3821 440 3893 volumino
452 3817 721 3904 conscripserunt,
734 3815 908 3904 accipitur:
921 3824 955 3879 et
966 3814 1050 3880 istud
1061 3838 1138 3884 esse
1147 3823 1332 3911 apiarim'

314 3954 471 4011 ¹Tlrrco.rv,
488 3943 800 4006 oo.—²Loc.1,35.-⁸
814 3943 857 3994 td.
868 3959 918 4003 ur,
934 3943 971 3993 26.
987 4007 992 4014 ἡ
