2734 4594
378 247 410 291 tlt
433 245 546 289 l-lhlllltd
568 247 702 290 JUDlClffl
726 243 798 291 m.
825 249 853 290 Vs
1073 248 1133 312 119

142 373 195 438 Ill.
215 371 280 438 Sed
295 383 328 435 et
343 367 422 436 illud
431 369 686 444 consideremus,
702 370 757 434 uhi
772 369 911 434 residere
927 369 1042 435 dicitur
1057 394 1134 459 pro-

101 478 201 567 phetia
211 528 221 556 ,
233 490 267 542 et
282 477 337 542 uhi
353 475 442 544 locus
457 477 527 566 ejus
542 499 610 542 esse
621 476 821 541 describitur.
835 504 847 536 ι
859 477 925 542 Sub
942 476 1065 565 palma,
1084 479 1133 543 in-

102 587 200 674 spuit,
212 585 295 651 inter
307 584 449 650 medium
460 585 577 660 Rama,
590 595 622 649 et
637 585 719 649 iuter
732 585 875 649 medium
888 583 1031 651 Bothel¹.
1043 614 1055 646 a
1065 585 1132 652 Sub

105 693 204 782 palma
220 692 326 758 sedem
345 691 442 757 hahet
457 691 642 782 prophetia,
659 693 754 780 quia«
767 694 888 780 justus,
905 690 1000 780 inquit
1015 691 1134 768 David,

110 803 208 866 »sicut
223 798 326 888 palma
342 797 506 875 florebit²,
524 822 608 888 »per
621 799 684 865 hoc
702 799 788 885 quod
802 800 866 865 suis
886 800 1135 866 institutionibus

104 907 261 974 eruditum
276 906 442 994 prophetia
462 904 608 994 perducit
623 905 664 972 ad
682 905 819 995 palmam
835 931 977 996 superum
995 909 1135 973 vocatio-

102 1015 212 1082 nisDol
221 1064 230 1090 ,
240 1015 273 1080 in
282 1015 409 1079 Christo
417 1013 492 1079 lesu
504 1013 641 1080 Domino
648 1025 767 1080 nostro.
779 1016 866 1080 luter
878 1017 1020 1081 medium
1028 1028 1134 1082 autem
1165 1005 1168 1012 ¹

100 1125 207 1199 Rama,
216 1134 249 1186 et
256 1122 487 1188 intermedium
495 1120 606 1188 Bethel
618 1123 727 1188 sedere
736 1121 860 1188 dicitur.
871 1123 969 1190 Rama
981 1121 1137 1213 iuterpre-¹

101 1242 183 1295 tatur
193 1228 336 1307 excelsa,
350 1227 460 1294 Bethel
476 1228 589 1294 domus
604 1229 674 1296 Dei.
688 1230 800 1298 Videte
817 1230 849 1294 in
867 1231 981 1319 quihus
991 1230 1069 1297 locis
1081 1256 1135 1297 re-

104 1339 202 1404 sidere
211 1338 326 1403 dicitur
336 1337 520 1427 prophetia,
533 1337 615 1403 inter
632 1337 755 1404 excelsa
769 1350 801 1403 ct
809 1339 948 1406 Domum
963 1341 1034 1405 Dei.
1048 1339 1131 1406 Nihil

104 1446 187 1511 enim
198 1443 339 1522 humile,
356 1441 433 1510 nihil
450 1444 630 1534 dejectum,
643 1444 720 1512 nihil
733 1443 793 1510 vile
807 1469 880 1536 erga
895 1447 1069 1536 prophetico
1084 1472 1136 1514 se-

107 1554 180 1619 dem
194 1552 322 1641 reperiri
338 1563 464 1641 potest:
479 1553 560 1618 sicut
574 1565 607 1617 et
622 1551 774 1618 Salomon
791 1552 996 1620 nihilomiuus
1011 1556 1137 1645 sapien-

108 1661 158 1725 tiae
168 1660 274 1725 sedem
286 1659 484 1736 describens,
498 1659 575 1726 dicit
590 1661 630 1726 de
645 1684 681 1724 ea
692 1709 702 1738 ,
715 1661 799 1748 quod
812 1660 860 1726 vel
876 1662 908 1726 in
920 1663 1018 1750 portis
1031 1663 1138 1730 civita-

105 1781 170 1832 tum
184 1768 305 1832 assistat
315 1816 325 1843 ,
337 1766 387 1834 vel
402 1767 436 1832 in
450 1790 615 1833 murorum
630 1767 787 1832 moenihus
805 1768 943 1845 habitet,
954 1769 1001 1835 vol
1019 1770 1051 1836 in
1064 1770 1138 1836 altis

100 1874 240 1938 turribus
256 1870 354 1937 lihere
374 1882 455 1960 agat.
473 1873 542 1938 lloc
560 1896 636 1962 ergo
648 1873 744 1938 modo
763 1873 947 1962 prophetia,
964 1897 1034 1964 quae
1049 1901 1136 1944 nuuc

99 1983 133 2046 iu
148 1981 297 2046 Debbora
312 1980 519 2058 describitur,
533 1979 616 2046 iuter
632 1981 762 2046 domum
774 1982 851 2058 Dei,
869 1994 901 2047 et
916 1983 998 2050 inter
1011 1981 1134 2053 excelsa

101 2087 218 2154 dicitur
228 2087 381 2153 hahitare.
394 2087 464 2154 Non
476 2088 562 2153 enim
573 2111 630 2153 uos
643 2088 815 2176 docetquae
827 2103 1049 2179 superterram
1062 2107 1137 2160 suut

104 2218 263 2282 quaerere,
281 2195 337 2262 sed
351 2218 421 2282 quoe
440 2196 472 2261 in
488 2194 575 2262 coelis
591 2207 664 2260 sunt
683 2207 716 2260 et
733 2196 765 2261 iu
780 2195 936 2274 excelsis,
947 2227 960 2259 ι
972 2202 1026 2265 uhi
1044 2202 1137 2266 Chri-

107 2316 174 2368 stus
185 2314 232 2368 est
242 2303 273 2370 iu
284 2303 393 2368 dextra
402 2303 459 2368 Dei
472 2303 604 2372 sedons³
618 2327 625 2368 :
641 2302 737 2370 »illuc
749 2327 806 2370 nos
817 2305 982 2395 prophetia
994 2307 1140 2374 hortatur

108 2411 295 2488 ascendere,
308 2410 384 2478 illuc
398 2410 568 2500 discipulos
584 2409 713 2476 molitur
727 2413 900 2500 imponere.

144 2519 198 2588 lV.
214 2521 288 2585 llaeo
302 2543 378 2612 ergo
393 2521 495 2608 primo
512 2518 673 2595 omnium,
691 2519 832 2605 inquit,«
848 2521 951 2597 misit,
967 2534 998 2586 et
1014 2524 1136 2589 vocavit

96 2637 139 2704 ad
155 2658 188 2701 se
199 2634 353 2704 Buram&
372 2631 516 2698 »Berach
533 2631 759 2722 interpretatur
774 2631 960 2696 coruscatio.
981 2629 1135 2699 Corusca-

95 2742 143 2808 tio
155 2763 229 2806 vero
244 2751 293 2804 est
303 2763 372 2828 quae
387 2737 484 2803 hahet
499 2736 628 2823 quidem
643 2731 768 2810 lucem,
785 2735 919 2801 sednon
935 2747 1136 2810 manentem,

98 2851 142 2916 od
157 2848 319 2915 modicum
331 2848 416 2913 enim
428 2845 579 2935 temporis
595 2843 795 2932 resplendet,
808 2856 840 2909 et
851 2845 976 2909 desinit.
991 2845 1051 2910 Hic
1063 2869 1140 2934 ergo

96 2957 224 3026 Barach
231 2955 310 3022 mihi
318 2954 443 3022 videtur
453 2953 587 3020 sormam
597 2976 706 3042 gerere
717 2951 826 3042 populi
834 2952 1028 3040 prioris,qui
1036 2955 1144 3042 primo-

95 3066 245 3134 omnium
263 3088 321 3153 per
339 3062 539 3152 prophetiam
563 3072 692 3128 vocatus
716 3071 781 3136 est,
801 3071 834 3124 et
852 3061 1002 3127 invitetur
1023 3062 1063 3128 ad
1082 3087 1139 3128 au-

93 3173 216 3242 dienda
237 3170 361 3261 eloquia
375 3169 453 3245 Dei,
473 3180 505 3233 et
523 3168 635 3233 divinae
653 3165 729 3256 legis
745 3190 878 3235 munere
895 3169 1067 3258 capienda,
1084 3169 1141 3259 qui

92 3281 223 3350 relulsit
234 3280 381 3369 quidem,
393 3289 426 3342 et
438 3277 478 3342 ad
489 3276 565 3365 legis
577 3272 778 3364 splendorem
791 3275 831 3339 ad
842 3276 938 3341 breve
951 3288 1076 3366 tempus
1088 3303 1140 3345 co-

92 3389 255 3464 ruscavit,
271 3388 326 3452 sod
343 3411 406 3452 non
422 3385 477 3450 diu
493 3383 685 3474 permansit,
702 3405 762 3448 uec
777 3385 967 3450 continuum
982 3385 1061 3453 lucis
1078 3412 1139 3477 po-

90 3500 160 3564 tuit
181 3497 324 3561 obtinere
339 3494 508 3583 fulgorem..
524 3491 606 3558 Cum
622 3514 698 3580 ergo
714 3490 840 3556 dixisset
855 3492 1004 3560 Debbora
1021 3495 1061 3560 ad
1076 3495 1141 3562 Ba-

88 3607 200 3680 rach,
224 3605 327 3670 idest
351 3602 517 3693 prophetia
542 3601 580 3665 ad
604 3601 743 3688 priorem
765 3599 937 3690 populum,
964 3603 1065 3692 quia«
1084 3603 1142 3668 tihi

89 3713 278 3806 »praecepit
291 3712 447 3778 Dominus
464 3711 550 3775 Deus
569 3706 681 3782 lsrael,
694 3721 726 3772 et
745 3719 779 3774 tu
799 3711 932 3776 ascende
947 3711 980 3776 in
1000 3723 1141 3776 montem

133 3861 219 3910 ¹Jud.
231 3876 266 3920 ιν,
280 3861 303 3910 5.
318 3885 341 3892 ·—
359 3854 520 3917 2Ριίἒαοιι,
537 3871 576 3906 12.
592 3884 623 3891 —
639 3853 756 3904 3(ιόἴοιι.
768 3873 813 3916 ιιι,
826 3872 851 3918 1,
868 3875 891 3904 a.
903 3853 1027 3932 sslltul.
1041 3877 1078 3920 rr,
1092 3856 1115 3908 5.
