2660 4610
358 323 388 364 us
414 321 576 366 ssnrrcuu
601 321 801 364 caurrconuu
825 323 884 364 aru.
914 323 946 364 11.
1099 301 1163 384 459

127 447 216 512 anim
228 457 316 511 erant
328 443 469 513 Ecclesia
481 469 577 534 quam
594 444 720 522 dilexit,
739 459 772 510 ut
788 469 857 511 eam
873 446 921 511 rel
938 447 1163 512 numerositate
1231 527 1234 538 ὁ
1288 483 1293 492 -

129 567 280 644 augeret,
295 551 342 617 vel
355 555 522 620 virtutihus
535 553 712 630 excoleret,
732 554 781 619 vel
795 554 996 643 perfectionis
1010 554 1163 621 charitate

131 660 174 725 de
185 659 273 724 terris
286 659 469 724 transferret
480 661 521 726 ad
536 657 664 726 coelum.
683 659 937 726 Ministreverunt
951 683 1027 748 ergo
1043 670 1075 723 et
1086 660 1165 725 Pro-

133 766 237 857 phetae
250 767 289 831 ab
305 766 411 842 initio,
424 763 681 832 ministraverunt
692 778 724 831 et
740 764 860 856 Angeli.
881 766 968 846 Quid
982 766 1066 831 enim
1080 762 1165 832 aliud

132 875 229 941 fiebat
245 887 322 939 tunc
345 898 419 941 cum
439 887 653 964 apparuerunt
671 885 734 939 tres
754 875 819 946 viri
832 874 965 941 Abrahae
987 875 1108 940 sedenti
1127 877 1167 942 ad

130 1005 287 1070 quereum
302 981 486 1048 hlambre¹i
505 983 593 1048 Licet
608 981 667 1051 illa¹
678 981 869 1070 Angelorum
888 983 1008 1072 species
1026 982 1097 1071 plus
1114 980 1167 1048 ali-

128 1091 209 1179 quid
225 1114 320 1178 qtram
335 1090 520 1178 angelicum
537 1090 709 1155 ostenderit
722 1090 930 1156 ministerium
954 1113 1050 1156 :nam
1068 1091 1170 1156 Trini-

128 1198 203 1266 tatis
221 1199 266 1264 ibi
278 1201 465 1288 mysterium
476 1200 679 1288 prodebatur.
696 1200 765 1265 Hoc
777 1211 844 1265 erat
856 1201 931 1265 etin
947 1201 1074 1276 Exodo,
1092 1223 1166 1266 cum

128 1303 273 1392 Angelus
294 1304 420 1369 Domini
448 1304 564 1370 dicitur
578 1305 611 1369 in
626 1303 754 1370 llamma
770 1303 850 1392 ignis
869 1305 1051 1393 apparuisse
1066 1305 1166 1393 Moysi

130 1413 162 1478 in
178 1410 293 1476 rubo².
312 1411 473 1476 Continuo
495 1396 600 1476 autem
623 1413 655 1476 in
676 1411 941 1498 subsequentibus
963 1413 1117 1477 Dominus
1135 1424 1168 1478 et

131 1521 217 1586 Deus
228 1518 315 1607 loqui
332 1518 500 1617 inphngelo
511 1520 678 1596 scribitur,
695 1532 728 1584 et
743 1521 807 1608 ipse
823 1517 908 1586 Deus
924 1543 992 1584 esse
1007 1519 1167 1585 Abraham

135 1641 167 1694 et
182 1627 265 1693 Deus
277 1628 363 1694 Isaac
374 1641 407 1693 et
418 1629 503 1693 Deus
514 1627 615 1693 Jacob
635 1628 827 1716 designatur.
844 1627 941 1708 Quod
953 1628 1083 1716 quidam
1102 1627 1167 1693 hae-

138 1736 305 1802 reticorum
321 1732 459 1823 legentes
482 1735 646 1810 dixerunt,
663 1737 765 1800 Deum
785 1734 875 1823 Legis
890 1747 922 1800 et
938 1735 1167 1824 Prophetarum

133 1843 226 1932 longe
245 1844 426 1910 inferiorem
446 1867 626 1932 essequam
649 1844 759 1910 lesum
781 1842 943 1909 Christum
966 1855 997 1908 et
1015 1843 1168 1932 Spiritum

130 1965 301 2020 sanctum:
323 1965 355 2018 et
370 1977 408 2018 eo
431 1975 529 2041 usque
546 1954 743 2042 impietatem
759 1975 847 2018 suam
866 1954 1116 2042 protenderunt,
1133 1964 1168 2018 ut

130 2061 365 2151 plenitudinem
376 2061 504 2150 quidem
516 2062 549 2126 in
562 2061 691 2126 Christo
702 2073 822 2150 ponant
830 2074 862 2126 et
873 2063 906 2127 in
915 2062 1033 2150 Spiritu
1046 2072 1167 2137 sancto,

130 2170 407 2259 imperfectionem
422 2193 497 2234 vero
512 2181 545 2233 et
556 2168 773 2234 infirmitatem
789 2171 820 2233 in
833 2171 901 2233 Deo
912 2169 1013 2257 Legis.
1030 2169 1093 2235 Sed
1102 2168 1169 2234 haec

133 2276 219 2345 alias.
246 2278 338 2344 Nunc
362 2289 468 2343 autem
489 2277 581 2342 nohis
602 2277 797 2365 propositum
820 2289 867 2341 cst
888 2276 1072 2352 ostendere,
1088 2300 1170 2364 quo-

134 2382 230 2448 modo
253 2383 352 2448 sancti
371 2379 482 2470 Angeli
499 2381 554 2468 qui
570 2393 642 2446 ante
657 2380 827 2446 adventum
838 2455 839 2460 γ
851 2379 969 2444 Christi
993 2378 1078 2445 velut
1098 2403 1171 2468 par·

132 2488 213 2554 vulae
232 2489 336 2556 adhue
361 2513 483 2578 spousae
498 2487 629 2554 tutelam
651 2490 883 2577 procurabant,
907 2489 965 2576 ipsi
981 2500 1056 2553 sunt
1078 2488 1169 2553 amici

130 2610 166 2664 et
176 2596 300 2664 sodales
316 2598 443 2687 sponsi,
459 2596 513 2685 qui
527 2595 646 2661 adeam
659 2596 763 2662 dicere
775 2596 959 2661 rideantur:
983 2595 1170 2661 «Faciamus

132 2707 215 2771 »tibi
231 2703 451 2772 similitudines
467 2705 533 2769 auri
550 2728 624 2770 cum
641 2705 895 2771 distinctionibus
911 2705 1031 2793 argenti
1053 2727 1169 2792 usque-

134 2837 221 2902 »quc
234 2837 288 2880 rex
304 2815 344 2878 sit
354 2814 386 2878 iu
402 2813 548 2880 recubitu
564 2811 677 2877 such»
704 2812 849 2878 Indicant
860 2819 936 2900 ergo
947 2812 1033 2900 quod
1048 2813 1105 2900 ipsi
1123 2813 1165 2878 la·

135 2923 221 2990 dant
237 2945 359 3010 sponsae
375 2946 438 2988 non
451 2945 562 2987 aurum
580 2921 796 3010 (nequeenim
809 2922 969 2986 habebant
982 2920 1043 2986 tale
1057 2945 1169 2988 aurum

134 3031 228 3120 quale
244 3031 375 3120 dignum
391 3043 458 3096 erat
470 3030 575 3096 offerri
587 3033 748 3120 sponsae),
765 3030 821 3095 sed
835 3054 894 3124 pro
908 3028 1170 3096 aurosimilitudi-

134 3164 191 3206 nes
206 3140 274 3205 auri
287 3163 319 3204 se
334 3139 438 3206 facere
451 3139 661 3226 promittunt,
677 3150 709 3202 at
725 3161 789 3203 non
806 3162 900 3203 uuam
914 3136 1168 3212 similitudinem,
1203 3213 1204 3216 Ἴ

134 3249 193 3314 sed
206 3245 332 3314 multas.
351 3249 396 3313 lta
411 3247 505 3312 etiam
518 3247 628 3312 dicunt
644 3247 683 3311 de
695 3258 843 3336 argento,
856 3247 1007 3334 sedquasi
1016 3246 1169 3312 habentes

138 3354 213 3422 licet
223 3380 351 3444 parvam
368 3355 486 3444 argenti
499 3355 681 3431 materiam,
698 3351 888 3443 promittunt
899 3377 932 3419 se
943 3355 972 3420 ei
988 3355 1092 3421 lacere
1103 3377 1168 3420 non

137 3461 374 3539 similitudines,
391 3464 447 3529 sed
462 3463 678 3529 distinctiones
693 3462 834 3551 urgenti:
852 3475 961 3552 utpote
976 3463 1090 3550 quibus
1105 3485 1169 3527 nen

135 3582 224 3636 tanta
246 3573 421 3638 abundaret
444 3572 563 3660 argenti
584 3571 733 3645 materia,
753 3582 788 3634 ut
811 3593 989 3636 connexum
1006 3569 1124 3658 aliquid
1137 3583 1170 3637 et

131 3677 273 3746 solidum
293 3704 371 3769 opus
393 3704 431 3746 ex
452 3703 490 3744 eo
512 3678 689 3769 producere
709 3692 857 3768 possunt,
875 3680 931 3746 sed
953 3678 1171 3746 distinctiones

132 3785 235 3860 solus,
253 3789 391 3877 assigna
414 3789 559 3876 quadam
582 3811 677 3875 parra
701 3787 784 3854 velut
806 3799 922 3876 puncta
945 3786 1169 3851 interserercnt

174 3933 182 3964 ¹
197 3939 258 3986 Ceu.
270 3955 344 3985 xrrrr.
365 3965 378 3971 ·-
398 3933 409 3967 ²
424 3939 501 3985 llxod.
515 3955 552 3984 111.
569 3967 581 3970 --
593 3967 596 3970 ·
609 3933 619 3967 ⁸
633 3937 704 3987 Cant.
722 3955 750 3998 1,
771 3953 794 3986 ιι
810 3976 816 3998 ,
832 3954 869 3984 rr.
