2604 4614
281 261 314 304 ru
339 263 504 307 cinrrcnn
528 261 733 308 carricentur
755 265 829 310 nou.
855 267 889 309 u.
1049 248 1108 314 551

66 375 212 442 extrahat
234 377 274 442 de
297 381 459 454 cavernis,
484 392 516 445 et
532 394 678 468 superata
700 383 841 470 pernicio
864 385 976 448 veneni
999 406 1111 450 eorum

66 482 183 572 pabulo
200 483 384 551 delectetur.
411 487 556 553 Forsitan
572 487 709 554 salvator
724 511 814 554 meus
832 513 946 578 caprea
967 491 1004 556 fit
1023 494 1111 580 juxta

68 607 194 681 θεωρίαν,
208 617 321 660 cervus
330 596 419 682 juxta
434 619 539 685 opera.
560 597 713 677 Quasnam
725 599 783 662 ista
799 610 873 662 sunt
884 601 1001 686 opera?
1014 602 1111 666 luter·

67 701 133 767 licit
157 703 222 790 ipse
246 714 427 790 serpentes,
452 705 635 792 contrariasa
647 705 847 770 fortitudines
871 705 1013 794 jugulat,
1039 709 1112 774 ideo

70 810 176 876 dicam
191 811 218 874 ei
236 811 328 875 :cTu
336 811 512 877 contrivisti
527 813 630 900 capita
648 811 823 877 draconum
836 835 933 900 super
946 837 1058 900 aquas,
1074 826 1110 878 tu

69 916 262 983 »contrivisti
279 931 373 1007 caput
389 920 537 985 droconis
549 919 571 983 ¹.
587 947 600 980 s

108 1025 184 1090 ΧΠ.
205 1025 351 1092 «Similis
372 1039 419 1092 est
441 1026 598 1093 fratruelis
624 1051 714 1092 meus
737 1050 877 1116 capreae,
900 1029 948 1094 vel
975 1029 1111 1095 hinnulo

68 1157 258 1200 »cervorum
273 1158 368 1223 super
388 1148 514 1200 montes
529 1135 642 1201 domus
661 1137 719 1201 Dei
729 1135 740 1170 ²
750 1160 781 1200 :s
798 1134 910 1200 Bethel
926 1139 1043 1226 quippe
1059 1140 1109 1204 in-

68 1243 379 1330 terpretaturdomus
390 1243 458 1308 Dei.
475 1243 500 1310 N
504 1267 545 1308 on
557 1265 667 1310 omnes
680 1256 805 1308 montes
815 1244 929 1308 domus
942 1245 999 1309 Dei
1013 1258 1108 1320 sunt,

72 1347 125 1412 sed
139 1347 190 1434 qui
211 1359 336 1412 montes
357 1346 498 1414 eeclesiae
520 1360 603 1412 sunt.
624 1348 834 1413 Inveniuntur
855 1349 974 1435 quippe
995 1360 1027 1412 ct
1055 1348 1109 1414 alii

71 1465 191 1520 montes
214 1455 330 1528 erecti,
355 1465 388 1518 et
408 1466 634 1542 consurgentes
657 1455 808 1520 edversus
838 1455 1002 1520 scientiam
1027 1455 1108 1530 Dei,

69 1573 187 1628 montes
203 1561 428 1650 AEgyptiorum
443 1574 476 1652 et
492 1560 748 1650 Allophylorum.
769 1561 824 1628 Vis
847 1562 947 1636 scire,
969 1562 1043 1649 quia
1066 1563 1111 1626 si*

72 1671 150 1736 milis
163 1681 209 1736 cst
224 1669 382 1734 fratruelis
394 1691 484 1734 meus
501 1693 622 1758 capreae
633 1720 642 1745 ,
655 1683 710 1734 aut
720 1667 855 1734 hinnulo
863 1692 1033 1734 cervorum
1051 1693 1107 1734 su-

67 1801 123 1866 per
134 1789 259 1842 montes
274 1767 411 1842 Betliell
425 1778 501 1842 Esto
518 1799 609 1842 mons
619 1775 850 1841 ecclesiasticus
863 1825 872 1850 ,
886 1797 978 1840 mons
994 1775 1109 1840 domus

65 1886 139 1960 Dei,
160 1897 192 1950 et
208 1885 312 1950 veniet
336 1885 376 1950 ad
396 1896 427 1950 te
447 1909 580 1973 sponsus
604 1883 713 1949 similis
736 1905 877 1971 capreas,
895 1882 943 1947 rel
971 1882 1109 1948 hinnulo

65 2016 232 2058 cervorum
249 2015 345 2080 super
356 2004 481 2059 montes
496 1991 620 2057 Bethcl
638 1991 748 2058 Cernit
763 2013 914 2078 sponsum
935 1992 1109 2079 appropin-

65 2125 175 2188 quasse
190 2101 342 2178 vicinius,
355 2103 409 2188 qui
422 2114 495 2167 ante
506 2123 603 2190 super
614 2113 738 2166 montes
747 2105 933 2166 versabatur
948 2113 980 2164 et
992 2101 1109 2178 colles,

66 2207 225 2274 assimulat
240 2231 317 2274 eum
339 2207 566 2274 transilientem
584 2221 676 2296 atque
693 2207 868 2273 salientem.
892 2209 931 2272 Et
952 2209 1107 2296 posthaec

71 2317 111 2383 sd
124 2341 156 2382 se
166 2329 196 2382 et
209 2318 248 2382 ud
262 2316 337 2382 alias
348 2314 598 2382 adolescentulas
608 2316 771 2382 advenisse
783 2337 979 2404 cognoscens
990 2365 998 2391 ‚
1010 2316 1106 2381 dicit:

75 2427 180 2492 «Ecce
199 2425 254 2490 hie
269 2437 354 2490 retro
372 2438 443 2514 post
459 2427 612 2513 parietem
628 2437 770 2489 nostrum
781 2424 805 2488 ³.
821 2452 834 2484 s
855 2423 888 2489 si
905 2423 1110 2488 aedificaveris

61 2536 216 2622 parictem
227 2583 236 2608 ,
249 2546 281 2599 et
290 2534 401 2598 feceris
412 2533 655 2598 aedificationem
664 2532 721 2596 Dei
733 2581 742 2607 ,
753 2531 857 2596 veniet
870 2543 941 2619 post
949 2531 1107 2619 parietem

62 2653 167 2707 tuum.
180 2668 194 2702 r
205 2642 403 2728 Prospiciens
418 2664 475 2729 per
490 2640 642 2705 fenestras
653 2639 675 2703 ⁴.
696 2640 792 2704 »Una
811 2640 946 2704 fenestra
963 2661 1044 2703 unus
1059 2650 1107 2702 est

60 2769 195 2821 sensus,
213 2768 271 2834 per
285 2746 374 2811 hunc
387 2745 541 2834 prospicit
559 2766 714 2832 sponsus,
731 2742 797 2812 alia¹
810 2743 946 2808 fenestra
964 2741 1042 2807 alius
1060 2754 1107 2806 est

60 2877 191 2929 sensus,
217 2865 249 2918 et
265 2875 323 2942 per
342 2854 430 2919 hunc
445 2874 578 2940 sponsus
598 2849 730 2914 sollicite
746 2861 928 2916 contuetur.
952 2850 1012 2914 Per
1027 2871 1109 2937 quos

59 2987 175 3030 sensus
190 2985 255 3028 non
267 2962 418 3050 prospicit
433 2983 537 3025 sermo
552 2959 633 3023 Deiil
647 2958 733 3039 Quid
745 2959 784 3022 sit
802 2969 907 3022 autem
924 2959 1109 3047 prospicere
1175 2939 1179 2948 .

58 3095 119 3161 per
127 3071 299 3145 fenestras,
316 3081 347 3134 et
360 3069 582 3156 quomodopcr
594 3090 646 3131 eas
656 3056 790 3154 sponsus
808 3066 936 3152 aspiciat
946 3083 959 3141 ,¹
974 3089 1109 3152 sequens

60 3180 194 3246 docebit
209 3177 399 3266 exemplum.
428 3178 488 3243 Ubi
512 3199 574 3242 non
597 3175 750 3263 prospicit
773 3197 925 3260 sponsus,
954 3174 998 3238 ibi
1020 3193 1107 3240 mors

63 3289 224 3354 invenitur
240 3287 431 3360 ascendens,
450 3296 485 3348 ut
502 3283 634 3372 legimus
653 3284 685 3346 in
701 3282 861 3348 Hieremia
877 3283 1006 3346 :rEccc
1019 3305 1107 3348 mors

58 3395 227 3462 »ascendit
248 3417 305 3483 per
325 3394 476 3460 fenestras
499 3403 621 3457 nostras
634 3390 655 3454 ⁵.
676 3389 843 3469 »Quando
859 3389 974 3453 videris
989 3387 1110 3454 mulie-

53 3529 128 3572 rem
146 3504 190 3571 ud
198 3503 488 3591 concupiscendum
501 3522 590 3574 cam,
603 3499 669 3586 jam
684 3521 770 3564 mors
779 3496 921 3562 ascendit
936 3519 994 3584 per
1006 3496 1108 3562 fenes-

51 3627 123 3680 tras
141 3625 226 3678 tuas.
240 3612 410 3678 «Eminens
423 3631 480 3698 per
495 3607 604 3674 retia⁶.
621 3604 785 3694 »lntellige
802 3605 875 3692 quia
890 3605 923 3668 in
937 3605 1044 3669 medio
1057 3603 1106 3670 la-

89 3780 100 3813 !
114 3779 206 3826 Palm.
219 3793 310 3838 mir,
322 3779 363 3837 rs,
377 3778 417 3835 14.
430 3801 463 3812 -
472 3769 483 3804 ²
493 3775 564 3823 Cant.
577 3790 612 3835 rr,
624 3792 649 3838 9.
662 3767 715 3808 -3
730 3771 795 3819 Ibid.
809 3797 836 3806 ·-
853 3767 940 3817 tlhid.
954 3795 986 3804 -
997 3765 1104 3818 ⁸terem.

48 3887 98 3931 n,
111 3887 157 3918 aa.
170 3895 200 3902 -·
215 3863 390 3939 *(ιυιιιηῃς).Ι
