2744 4600
251 246 314 309 516
699 266 841 312 ostentus
937 227 940 232 ¹

253 379 393 455 Christo,
419 381 501 446 sicut
527 392 560 444 et
582 378 751 467 Apostolus
776 381 915 455 dicebat,
939 391 971 445 ct
992 377 1153 466 proesentis
1175 371 1274 440 surculi

252 511 316 561 non
332 487 509 555 delectatur
525 487 701 562 illecebris3
719 502 752 554 et
767 490 792 554 si
812 513 941 556 omnem
957 487 1058 578 legem
1073 511 1143 577 quae
1160 488 1199 552 de
1211 486 1276 553 Na-

252 598 358 666 zarseia
371 599 443 664 data
459 611 508 664 est
523 596 873 688 spiritualiterimpleat
891 622 899 664 ι
918 611 996 664 tunc
1015 599 1229 686 semetipsum,
1246 596 1276 659 id

251 720 299 774 est
312 708 448 775 animam
465 731 568 786 suam,
585 709 701 784 obtulit
716 712 795 776 Deo.
811 709 874 788 Qui
891 709 924 774 in
944 709 1088 776 castitate
1102 704 1276 782 vivitjcor-

251 840 311 904 pus
321 839 416 882 suum
428 818 513 882 vovit
527 818 594 886 Deo
608 818 786 885 secundum
797 841 872 882 euru
884 818 939 906 qui
956 818 1055 884 dixit:
1084 815 1207 903 «Virgo
1221 838 1277 880 eu-

251 937 346 992 »tem
368 926 485 1013 cogitat
506 927 666 1012 quomedo
689 925 854 1010 sitsancta
879 949 1011 1015 corpore
1031 938 1064 990 et
1089 924 1201 1012 spiritu
1213 924 1234 987 ⁴.
1259 953 1271 985 ι

254 1032 334 1098 Nam
356 1045 388 1097 et
410 1032 473 1099 hoo
494 1034 598 1121 ipsum
618 1035 705 1121 quod
723 1035 800 1100 dixit
824 1041 952 1109 saum,
976 1034 1017 1100 ad
1042 1034 1105 1099 hoc
1128 1033 1275 1121 respicit:

252 1143 352 1207 suncti
371 1143 456 1207 enim
484 1142 636 1210 dicuntur
661 1143 704 1210 illi
728 1145 782 1230 qui
805 1167 839 1210 se
858 1157 1012 1209 voverunt
1033 1143 1110 1208 Deo.
1139 1141 1229 1206 Unde
1248 1154 1277 1207 ct

254 1231 346 1326 eries,
374 1253 462 1316 verbi
483 1253 590 1328 causa,
620 1253 644 1317 si
675 1267 808 1320 vovetur
835 1252 916 1326 Deo,
938 1264 1064 1318 sanctus
1090 1249 1276 1339 appellatur,

253 1385 348 1448 quem
359 1362 483 1426 tonderi
503 1362 544 1426 ad
561 1383 747 1428 communes
766 1387 840 1428 usus
855 1360 1018 1428 nonlicet.
1040 1360 1104 1426 Sed
1119 1375 1152 1427 et
1165 1361 1277 1428 vitulus

251 1471 276 1540 si
293 1470 425 1536 devotus
441 1471 535 1536 suerit
553 1470 634 1546 Deo,
652 1482 780 1536 sanctus
797 1469 1001 1538 nihilominus
1016 1469 1206 1558 appellatur,
1222 1493 1279 1535 nec

252 1580 326 1648 licei
341 1602 415 1644 eum
429 1579 519 1668 jungi
539 1580 570 1644 in
592 1602 672 1669 epus
687 1603 868 1646 commune.
892 1581 938 1646 Ex
953 1581 989 1646 iis
1004 1603 1080 1669 ergo
1096 1579 1278 1669 colligamus

136 1730 141 1744 ι
220 1695 225 1704 ’
252 1689 391 1776 quidest
407 1688 570 1759 hominem
588 1689 727 1777 seipsum
742 1711 854 1756 vovere
867 1689 954 1764 Deo.¹
966 1687 1001 1754 Si
1013 1702 1044 1754 te
1060 1689 1183 1754 voveris
1200 1689 1278 1764 Deo,

251 1797 421 1865 imitandus
433 1798 490 1863 tibi
502 1810 550 1862 est
565 1796 693 1874 vitulus,
705 1821 802 1886 quem
812 1823 876 1866 non
888 1798 962 1866 licet
973 1799 1121 1865 humenis
1132 1800 1276 1886 operibus

252 1907 422 1980 deservire,
439 1905 515 1972 nihil
535 1906 638 1974 secere
654 1908 740 1994 quod
763 1909 804 1978 od
824 1909 969 1974 homines
983 1921 1016 1974 et
1035 1909 1076 1974 ed
1094 1920 1280 1997 praesentem

251 2015 407 2103 portinent
426 2015 531 2081 vitem.
552 2015 615 2080 Sed
631 2016 785 2104 quidquid
806 2016 846 2082 ad
863 2017 1002 2082 animam
1026 2017 1179 2104 pertinet,
1195 2031 1229 2082 et
1242 2017 1279 2082 ad

252 2123 348 2188 divini
364 2122 467 2188 cultus
479 2124 726 2198 observantiam,
739 2123 801 2190 hoc
816 2135 847 2190 et
863 2124 1020 2212 agendum
1031 2137 1064 2190 et
1076 2125 1278 2212 cogitandum

252 2232 309 2298 tibi
320 2243 378 2311 est.

287 2343 344 2408 111.
363 2340 428 2406 Sed
437 2341 563 2407 interim
578 2363 716 2429 praesens
728 2342 822 2408 lectio
834 2344 976 2410 continet
988 2343 1188 2408 diversitates
1196 2367 1284 2432 quas

250 2452 323 2518 dam
335 2460 490 2518 votorum.
506 2451 633 2518 Etenim
647 2450 673 2516 si
688 2451 735 2516 vir
745 2449 840 2516 inerit
855 2452 1017 2537 quiverit,
1030 2452 1111 2517 liber
1125 2475 1197 2518 esse
1210 2453 1283 2520 diei-

249 2574 301 2627 tur
313 2560 349 2626 in
358 2561 437 2626 votis
449 2559 525 2634 suis,
536 2558 678 2646 nullique
688 2559 862 2646 subjectus.
874 2559 988 2626 Mulier
996 2575 1103 2628 autem
1115 2563 1141 2628 si
1154 2576 1285 2639 voveat,

250 2671 274 2736 si
289 2670 419 2758 quidem
434 2669 467 2734 in
480 2669 574 2734 dumo
591 2669 687 2756 patris
702 2671 754 2734 sui
766 2670 818 2745 ait,
837 2681 945 2750 votum
960 2672 1029 2759 ejus
1045 2674 1077 2738 in
1093 2675 1194 2760 patris
1209 2698 1287 2763 pcn-

251 2781 306 2872 det
320 2778 450 2846 arbitrio
469 2801 477 2841 ι
496 2789 528 2842 et
543 2777 568 2840 si
584 2777 712 2864 quidem
734 2776 787 2843 ille
807 2779 1013 2856 recusaverit,
1029 2779 1243 2856 liberabitur;
1262 2785 1288 2850 si

248 2911 324 2954 vero
339 2910 403 2954 non
415 2885 619 2960 recusaverit,
632 2887 737 2974 etipse
749 2898 781 2952 et
792 2885 856 2952 filiu
867 2898 1016 2954 tenentur
1028 2889 1170 2956 obnoxii.
1186 2891 1289 2971 Quod

250 2999 274 3062 si
289 3009 497 3085 posteaquem
512 3017 576 3060 non
588 2997 779 3062 recusaverit
790 3007 892 3084 pater,
906 3021 969 3064 non
986 2999 1162 3064 reddiderit
1174 3015 1293 3070 votum

250 3104 328 3180 lilia,
346 3099 588 3193 peccatum‘ipsi
608 3117 724 3170 manet.
744 3103 896 3172 Similiter
914 3118 1020 3172 autem
1040 3121 1073 3172 et
1091 3131 1169 3198 erga
1186 3114 1292 3178 mari·

251 3226 320 3280 tum
336 3213 530 3288 decernitur,
547 3227 582 3278 ut
597 3214 622 3278 si
638 3213 670 3279 in
683 3213 778 3280 domo
793 3215 897 3280 meriti
915 3239 992 3282 uxor
1006 3216 1129 3304 aliquid
1143 3225 1291 3299 voverit,

251 3336 283 3388 et
291 3321 422 3388 audiens
433 3322 564 3386 maritus
576 3344 640 3388 nou
653 3323 857 3408 recusaverit,
868 3305 939 3391 reus
949 3326 1061 3392 sitveti
1073 3328 1195 3415 pariter
1207 3353 1291 3398 cum

252 3454 371 3498 uxore:
390 3431 501 3498 sivero
517 3433 720 3508 recusaverit,
737 3443 802 3518 tam
814 3456 893 3521 uror
908 3435 947 3499 sit
962 3434 1061 3501 libera
1072 3461 1172 3524 quam
1183 3443 1292 3506 mari-

250 3556 317 3614 tus;
337 3564 362 3606 st
372 3561 455 3618 veru
466 3542 613 3618 tacuerit
635 3555 801 3630 uterque,
801 3555 835 3608 ut
853 3543 1002 3624 diximus,
1019 3567 1093 3613 reus
1109 3547 1293 3616 habeatnr

249 3653 324 3728 Haec
335 3653 560 3740 suntpuidern
565 3671 634 3742 quae
651 3654 766 3742 scripte
783 3665 879 3734 spnt:
898 3656 953 3726 sed
969 3637 1108 3725 urendus
1124 3671 1174 3725 eat
1190 3664 1297 3728 nobis

249 3760 345 3836 Deus,
360 3771 395 3823 ut
406 3756 604 3873 intellectum
615 3760 690 3827 dare
701 3761 854 3882 dignetur
855 3787 892 3829 se
909 3764 1051 3852 dignum,
1068 3790 1132 3853 quo
1148 3768 1242 3846 haee,
1259 3782 1295 3836 ut

282 3849 494 3944 ¹r.1Corvr,3l.
598 3885 601 3892 “
