2706 4624
373 299 404 342 us
428 299 567 343 nuunaos
590 299 721 343 aemma
744 303 765 343 r.
1021 283 1081 348 saa
1157 321 1160 334 ·
1207 336 1208 339 ,

85 415 125 482 lai
140 412 315 478 sacerdotes
331 411 439 478 Aaron
452 422 485 478 et
499 409 629 498 Moysen
644 435 850 482 numerorum
868 414 1014 480 censibus
1023 439 1080 511 ¹as-

80 525 149 594 obt
166 521 371 610 Suscipiendo
391 523 449 588 tibi
467 536 516 589 ost
529 522 632 610 primo
650 521 700 588 lex
714 523 785 598 Dei,
800 522 851 589 lex
863 523 998 612 Spiritus
1013 549 1082 593 san·

79 633 282 710 oti,oii'erenda
294 631 461 708 sacrificia,
473 631 634 721 explendae
646 632 892 720 purificationes,
903 636 1079 723 peragenda

79 754 170 809 cuncta
180 738 311 829 quaelex
326 738 461 828 Spiritus
477 739 582 816 docet,
596 739 741 830 uvpossis
752 737 920 828 aliquando
932 740 972 806 ad
983 741 1084 808 lsrad·
1116 744 1125 752 '
1218 809 1223 832 ,

75 849 177 918 liticum
190 871 364 944 numerum
379 847 548 937 pertincre.

106 961 163 1050 Ego
180 959 290 1026 adbuc
310 958 445 1047 amplius
460 955 578 1046 aliquid
594 957 720 1022 intueor
736 957 767 1022 in
787 956 850 1023 hoc
871 957 1081 1026 Numerorum

73 1067 138 1138 libro
151 1069 304 1159 mysterii.
320 1068 414 1134 Ratio
428 1069 513 1134 enim
530 1068 682 1143 tribuum,
695 1079 728 1132 ct
743 1066 904 1133 distinctio
918 1069 1078 1147 ordinum,

76 1183 185 1252 societas
199 1179 408 1256 familiarum,
426 1191 519 1266 atque
536 1177 692 1245 ordinatio
708 1191 822 1245 cuncta
837 1191 1024 1256 castrorum,
1036 1181 1083 1248 in·

76 1294 193 1382 genuum
205 1292 291 1358 mibi
306 1302 575 1357 sacramentorum
587 1290 693 1378 prodit
706 1286 819 1356 indicia
837 1313 845 1354 ε
863 1289 1013 1377 Apostolo
1029 1315 1083 1356 no·
1119 1361 1123 1386 Ι

80 1400 121 1464 bis
134 1399 217 1467 Paulo
244 1396 651 1488 spiritualisintelligentiae
673 1398 792 1467 semina
814 1411 1023 1488 respargente.
1043 1401 1084 1466 Et

86 1533 143 1598 age,
155 1513 207 1598 jam
219 1511 298 1601 quid
313 1511 416 1578 omnis
434 1509 502 1577 hacc
517 1532 725 1576 numerorum
739 1510 833 1586 ratio,
845 1511 922 1599 quid
937 1511 1083 1578 ordinum

87 1617 215 1687 dirersim
232 1619 449 1709 intelligentiae
472 1620 612 1708 mysticae
635 1619 807 1697 contineat,
823 1620 994 1686 videamus.
1021 1621 1084 1686 Ex·
1165 1633 1170 1642 '

87 1731 295 1816 perdoceris
310 1731 402 1798 nobis
416 1742 464 1796 est
478 1731 716 1798 resurrectionis
731 1743 944 1808 mortuorum,
957 1755 1033 1798 cum
1050 1731 1082 1798 hi

82 1840 126 1928 qui
141 1842 248 1918 vivunt,
271 1841 327 1930 qui
347 1840 460 1929 reliqui
485 1852 571 1918 sunt,
596 1865 659 1907 non
682 1841 873 1930 praevenient
894 1843 926 1908 in
948 1842 1084 1909 adventu

83 1947 178 2017 Christi
189 1975 243 2018 eos
256 1950 312 2042 qni
326 1949 537 2028 dormierunt,
551 1951 607 2018 sed
621 1949 715 2016 simul
730 1972 804 2016 oum
819 1951 865 2016 eis
877 1951 980 2039 juncti
994 1963 1026 2016 et
1037 1973 1085 2016 so-

83 2057 145 2126 u'ati
160 2063 312 2150 rapientur
327 2061 361 2128 in
379 2061 518 2126 nubibus
532 2061 659 2128 obviam
674 2060 801 2127 Christo
816 2060 848 2126 in
864 2067 948 2137 adra,
968 2061 1085 2127 terreni

90 2166 194 2234 aedium
202 2171 290 2258 buius
305 2169 368 2239 loci
390 2169 603 2261 corruptelam
618 2183 651 2236 ot
669 2171 779 2236 mortis
795 2168 972 2238 habitacula
995 2170 1086 2237 dese-

94 2279 261 2352 rentes,sire
273 2303 377 2348 onnes
388 2281 422 2347 in
433 2287 517 2358 ram,
533 2292 567 2346 ut
581 2278 696 2348 Paulus
711 2281 926 2368 pronuntiat¹,
941 2303 1086 2369 perman-

91 2385 155 2461 aun',
173 2387 229 2456 sire
244 2391 332 2460 dum
355 2390 452 2481 aliqui
470 2391 511 2456 ad
530 2390 711 2480 paradisum
731 2403 785 2456 aut
806 2388 864 2456 ulia
885 2389 1033 2477 quaelibet
1046 2411 1085 2454 ex

81 2493 171 2562 multis
192 2502 404 2568 mansionibus
429 2523 501 2589 quae
521 2500 607 2589 apud
628 2500 754 2566 Patrem
783 2509 856 2564 sunt
879 2498 1085 2564 transferendi

73 2600 140 2672 loca.
161 2607 329 2680 diversitas
353 2623 460 2679 autem
481 2609 703 2688 translationis,
725 2622 759 2675 ct
783 2609 881 2699 gloria
904 2634 944 2675 ax
964 2608 1085 2675 meritis

73 2711 125 2780 tine
143 2716 244 2785 dubio
265 2730 299 2786 et
319 2721 443 2786 actibus
471 2720 718 2808 uniuscujusque
739 2718 949 2809 praelabitur,
972 2731 1004 2784 et
1026 2718 1086 2784 erit

72 2829 279 2916 unusquisque
293 2828 326 2894 in
342 2852 380 2896 eo
394 2830 506 2896 ordine
523 2853 621 2917 quom
636 2831 695 2896 sibi
710 2842 870 2918 gestorum
884 2829 996 2894 merita
1011 2851 1085 2895 con·

67 2932 183 3004 lulerint
199 2960 208 3002 ε
228 2937 313 3002 siout
326 2950 358 3002 et
371 2939 452 3005 idem
468 2938 584 3006 Paulus
599 2950 792 3028 protestatur
807 2939 915 3006 dicens
929 2940 969 3004 de
985 2960 1088 3002 resur·

65 3045 228 3128 gentibus:
245 3071 258 3105 r
273 3045 486 3138 Unusquisque
502 3059 610 3114 autom
625 3048 657 3115 in
672 3073 730 3114 suo
742 3047 880 3115 ordine².
892 3077 905 3110 s
919 3048 1001 3114 Hinc
1011 3071 1086 3136 ergo

65 3157 175 3224 accidet
187 3157 227 3223 in
241 3160 482 3235 resurrectione,
496 3170 530 3224 ut
542 3160 758 3248 unusquisque
770 3171 824 3224 aut
836 3159 868 3225 in
879 3159 963 3223 tribu
974 3157 1087 3224 Ruben

61 3265 274 3352 spiritualibus
297 3267 420 3336 indiciis
438 3269 626 3345 ascribatur,
644 3271 684 3334 ob
702 3270 763 3336 boc
778 3267 920 3356 profecto
935 3266 1022 3355 quod
1034 3263 1089 3331 ali·
1189 3279 1193 3286 ·

61 3376 125 3462 quid
140 3379 177 3444 in
194 3378 357 3454 moribus.
370 3379 493 3446 actibus
506 3391 563 3446 aut
575 3379 635 3445 vita
652 3381 709 3469 ipsi
725 3379 838 3445 Ruben
853 3376 953 3443 simile
968 3387 1000 3442 et
1016 3398 1089 3442 con·

60 3486 267 3574 sanguineum
280 3486 404 3552 babuit.
423 3486 510 3556 Alius
525 3501 631 3554 autem
647 3489 679 3553 in
692 3489 776 3554 tribu
788 3486 938 3575 Symeon,
951 3484 1089 3551 fortassis

63 3613 105 3678 pro
116 3595 320 3662 obedientia.
338 3595 426 3663 Alius
442 3599 473 3663 in
489 3600 573 3664 tribu
588 3597 676 3674 Levi,
689 3599 784 3664 credo
800 3597 853 3685 qui
867 3599 949 3662 bone
964 3593 1089 3682 praet'uit

62 3705 247 3780 sacerdotio,
261 3702 310 3770 vel
327 3705 380 3794 qui
396 3707 478 3772 bene
493 3707 672 3774 ministrans
688 3706 820 3796 gradum
832 3705 890 3770 sibi
905 3706 1026 3770 bonum
1038 3723 1087 3768 ac·

62 3814 185 3898 quisirit.
207 3813 299 3881 Alius
316 3815 348 3882 in
365 3816 449 3883 tribu
461 3815 557 3893 Juda,
575 3842 637 3886 non
654 3817 765 3886 dubito
777 3814 862 3904 quod
877 3816 902 3881 is
917 3815 971 3904 qui
987 3811 1087 3899 regios

92 3941 232 3994 ¹1Thess.
244 3959 278 3991 ιν.
287 3969 316 3982 -
330 3943 340 3976 ²
356 3962 364 3994 ι
377 3943 437 3996 (tor.
450 3961 490 4006 ur,
503 3945 540 3996 25.
