2604 4614
331 256 362 298 an
387 256 527 299 rsannou
549 257 667 300 xxxtnr
691 258 764 300 noar.
791 259 825 300 ιι.
1039 237 1103 324 5η

62 405 191 456 sumus,
208 381 444 470 pervenerimus
463 404 520 468 par
538 381 756 468 poenitentiam
768 394 803 447 ut
816 361 978 448 tabescant
994 404 1104 448 manes

61 501 196 563 nostrae,
213 502 245 553 et
267 489 441 561 crassitudo
459 489 573 554 animae
590 501 705 554 nostrae
726 489 766 554 ad
785 488 991 556 subtilitatem
1008 491 1106 556 dedu·

63 611 157 665 catur
173 619 304 663 araneae.
322 595 357 662 Si
374 595 449 662 hinc
468 597 572 662 adbuc
589 619 703 662 carnes
714 597 868 662 fuerimus
880 599 1012 686 egressi,
1030 599 1105 664 mit-

64 719 173 790 temur
193 705 226 770 in
239 703 308 770 illos
323 704 457 770 meabas
469 705 525 792 qui
546 705 786 770 succenduntur
803 705 914 794 lignis,
931 704 981 771 vei
995 706 1103 782 steno,

66 811 115 878 rei
129 809 259 902 stipula,
280 810 314 876 id
332 823 398 886 est,
419 812 568 900 operibus
584 813 699 878 nostris
721 836 792 900 quac
808 814 1105 901 superposuerimus

64 921 272 986 fundamento
292 919 420 985 Christi.
439 918 515 985 Tale
530 931 578 984 cst
597 917 694 992 iliud.
712 931 751 984 ut
764 921 895 1008 opinor,
917 921 1003 1009 quod
1016 921 1106 987 Jcre-

63 1027 142 1093 mias
158 1027 235 1092 dicit
251 1050 259 1092 :
277 1025 392 1102 «Vidi,
410 1025 523 1108 inquit,
541 1024 680 1091 lebetem
692 1025 741 1092 vel
755 1028 913 1093 cacabum
924 1029 1103 1108 ardentem,

62 1135 180 1202 »facies
199 1137 270 1222 ejus
291 1158 309 1199 a
331 1134 410 1199 facie
428 1132 625 1222 Aquilonis¹.
645 1133 733 1201 »Vel
750 1135 867 1200 itonam
885 1158 961 1201 cum
983 1138 1104 1225 virgam

64 1245 139 1310 vidit
161 1263 309 1309 naccam.
333 1243 542 1328 Requiramas
564 1265 640 1331 ergo
661 1241 700 1307 de
727 1243 786 1308 ista
814 1244 996 1319 sententia,
1019 1245 1114 1331 quod.

68 1365 229 1440 propterca
244 1349 337 1415 simul
354 1350 474 1439 virgam
489 1349 646 1425 ostendit,
662 1362 696 1414 et
708 1352 865 1417 cacabum
878 1351 950 1440 igne
970 1375 1107 1420 succen-

71 1483 156 1535 sum,
173 1471 206 1524 ut
217 1460 240 1524 si
255 1458 385 1546 quidem
400 1456 579 1548 disciplinas
595 1458 732 1548 accipias
748 1483 806 1548 per
818 1460 937 1548 virgam
951 1473 985 1526 et
998 1483 1106 1528 emen-

72 1569 172 1643 deris,
190 1568 310 1633 cacabo
327 1589 393 1631 non
425 1567 566 1656 indigeas
588 1589 743 1633 succenso
764 1591 770 1632 :
797 1568 822 1632 si
842 1589 917 1633 vero
937 1591 1106 1656 pmmanct

71 1673 330 1764 indisciplinatus,
347 1686 379 1740 ct
391 1676 476 1762 virga
492 1698 558 1740 non
573 1675 770 1751 emendaris,
788 1676 820 1740 id
836 1689 903 1754 eat,
919 1677 1016 1750 verbo
1031 1699 1105 1744 cor-

67 1784 215 1874 captionis
231 1782 279 1850 vel
294 1782 476 1848 confutatus
489 1781 537 1849 vel
552 1784 728 1871 poenitens,
742 1795 778 1848 et
795 1781 850 1849 tali
872 1784 956 1873 virga
973 1807 1104 1874 correp-

65 1906 113 1958 tus
125 1891 255 1980 qualem
272 1891 349 1956 dicit
365 1889 499 1958 Paulus:
516 1917 529 1952 r
545 1892 632 1971 Quid
649 1890 761 1966 vultis,
776 1891 808 1956 in
826 1891 911 1981 virga
924 1894 1047 1959 veniam
1066 1894 1106 1960 ad

64 2025 139 2066 nvos
158 2001 261 2066 autin
280 1999 435 2066 maritata
450 1999 576 2087 spiritus
589 2011 622 2064 et
637 2000 888 2066 mansuetudinis
899 2000 911 2036 ²
924 2000 963 2065 t·
978 2001 1012 2068 Si
1027 2023 1105 2090 crgo

65 2109 117 2176 tali
133 2110 219 2198 virga
234 2131 299 2173 noa
314 2099 510 2184 emendaris,
528 2107 560 2172 in
572 2109 728 2174 cacabum
744 2109 898 2184 mitteris,
915 2117 949 2174 et
971 2107 1108 2176 cacabus

68 2216 287 2282 succendetur.
297 2201 465 2303 Propterea
473 2239 548 2305 ergo
559 2215 637 2280 vidit
649 2215 804 2282 Jeremias
812 2215 905 2280 simul
915 2227 1105 2305 atrumque,
1201 2293 1202 2296 Ἴ

70 2326 249 2414 stringam,
272 2337 305 2389 et
326 2327 482 2401 cacabum
497 2346 706 2400 woccaram,
725 2337 761 2388 ut
776 2337 954 2390 metuentes
980 2338 1107 2392 unum-

66 2459 142 2524 que,
163 2432 298 2500 alterum
313 2434 476 2499 rideamus
498 2455 540 2499 ex
562 2432 672 2499 altero.
696 2432 772 2498 Haec
795 2447 925 2522 propter
939 2434 1003 2501 bec
1016 2434 1107 2523 quod
1140 2415 1147 2424 '

63 2544 217 2632 scriptam
236 2554 287 2607 cst
308 2565 316 2606 τ
341 2569 354 2601 ι
375 2543 551 2607 Tabescere
570 2539 670 2606 fecisti
696 2540 781 2606 sicut
799 2557 948 2607 araneam
966 2542 1108 2608 animam

63 2653 168 2740 aejus.
186 2677 200 2711 a

106 2759 167 2826 iX.
184 2760 220 2826 sa·
234 2781 310 2848 orgo
324 2777 504 2822 sermonem
518 2757 562 2823 ad
576 2769 723 2823 naturam
738 2756 884 2824 animalis
899 2759 989 2824 istius
1004 2770 1109 2824 retor-

61 2890 199 2958 quemus
209 2917 220 2944 ‚
231 2891 274 2933 er
289 2865 341 2933 itta
357 2879 448 2955 parte
463 2889 524 2953 qua
540 2889 620 2954 opus
640 2864 881 2931 subtilissimum
902 2879 935 2929 et
957 2867 1044 2954 quod
1058 2867 1109 2932 vix

62 2977 178 3045 ocolus
187 2975 460 3066 comprehendere
471 2986 576 3063 potest
591 2972 734 3062 expleat,
748 2986 822 3062 apta
837 2973 997 3040 videbitur
1010 2995 1108 3064 eapo-
1184 3057 1188 3064 ι

62 3085 135 3149 sitio
148 3084 207 3148 ista
219 3131 229 3158 ‚
242 3077 745 3170 quamsuperiuscxpianavimus.
761 3077 794 3144 Si
808 3079 882 3142 vere
891 3077 966 3166 quis
980 3078 1109 3144 adillud

62 3192 182 3258 reserat
193 3191 284 3278 quod
298 3191 404 3255 Esaias
415 3190 449 3254 in
459 3187 610 3254 librosuo
622 3187 750 3262 scribit,
763 3187 838 3275 *qaia
853 3213 865 3246 a
880 3185 975 3253 telam
989 3211 1110 3254 araneas

68 3297 278 3366 stercorant*
289 3324 319 3372 ‚a
338 3297 429 3362 aliter
440 3296 660 3383 accipiendum
670 3308 719 3360 est
730 3319 737 3360 :
747 3297 934 3382 quiaomnia
947 3317 1018 3383 quse
1028 3297 1110 3374 texit

65 3421 98 3473 ct
121 3408 185 3496 agit
203 3419 373 3494 poetatur,
391 3417 455 3470 tarn
475 3403 553 3470 nibil
569 3404 647 3469 scias
670 3425 850 3491 essequam
871 3417 945 3468 sunt
965 3403 1018 3470 itta
1038 3427 1110 3493 quae

62 3519 143 3583 texit
157 3538 292 3590 aranea,
305 3513 382 3580 dicat
393 3514 477 3582 varia
494 3513 637 3578 videatur
652 3523 685 3576 et
696 3513 892 3601 composita,
911 3510 985 3579 licet
997 3512 1111 3600 erqui·
1196 3523 1202 3542 ¹

58 3629 123 3692 sita
141 3623 279 3712 quadam
296 3634 362 3688 arte
379 3622 507 3710 digesta.
532 3622 658 3701 Quanta
676 3633 845 3685 texuerunt
864 3620 907 3686 illi
927 3621 1038 3686 divites
1054 3620 1109 3706 qui
1153 3683 1157 3688 .

58 3743 140 3798 autc
150 3753 211 3796 noa
223 3729 369 3804 satorum,
383 3729 439 3819 qai
452 3728 575 3794 divitias
588 3728 679 3794 variis
691 3729 828 3805 artibus,
841 3743 874 3795 ot
890 3728 1010 3796 caliidis
1023 3727 1111 3794 adin·

99 3871 214 3924 ¹Jerarn.
226 3890 246 3934 r,
261 3869 300 3922 13.
324 3904 327 3909 -
354 3871 465 3923 ²1C0r.
479 3889 520 3933 av,
532 3888 573 3922 at.
586 3867 706 3926 —³Iaai.
718 3889 777 3932 nrx,
790 3871 816 3922 5.
