2702 4610
263 259 323 339 alati
700 279 844 324 ostentus

257 401 411 467 »rennos
425 401 581 466 invenerit
598 422 670 466 eam
686 413 865 477 vacantem,
881 403 1066 470 mundatam
1080 415 1113 468 et
1129 415 1289 480 ornatam,

258 510 385 582 suadit,
399 521 432 571 et
448 507 578 573 adducit
598 531 709 577 secum
730 508 809 576 alios
830 525 952 600 septem
976 512 1100 600 spiritus
1121 513 1290 602 nequiores

258 643 331 697 sae,
346 631 379 684 et
393 620 547 684 intrantes
562 619 595 684 in
610 620 744 686 domum
764 619 852 687 illam
868 621 1012 688 habitant
1027 623 1059 687 in
1073 645 1121 688 en.
1139 624 1180 686 Et
1193 635 1290 687 erunt

258 729 453 796 »notissima
474 728 611 796 hominis
632 729 715 796 iliius
737 732 846 820 pejora
869 730 1056 819 prioribus'.
1072 761 1085 794 s
1102 733 1177 798 Haec
1191 733 1219 796 si
1236 733 1289 797 ad-

258 851 430 912 vertamus,
446 839 608 926 quomedo
622 863 790 929 pessumas
807 838 855 906 vel
871 841 903 906 in
920 865 1017 929 parvo
1032 839 1233 930 negligentiae
1252 841 1290 906 ie

256 974 331 1018 eum
344 949 606 1016 dureiflabitavit
616 949 702 1014 enim
713 949 746 1014 in
758 950 850 1014 nobis
862 950 1043 1017 immundus
1055 952 1194 1039 spiritus,
1203 965 1288 1017 ante·

257 1085 353 1150 quam
364 1061 581 1134 crederemus,
594 1071 766 1147 antequam
779 1062 958 1126 veniremus
968 1061 1012 1126 ad
1025 1061 1200 1135 Christum,
1215 1086 1287 1128 enm

256 1171 375 1246 adhuc,
393 1181 427 1234 ut
445 1169 590 1258 superius
610 1169 686 1244 dixi,
703 1169 913 1235 fornicaretur
929 1173 1032 1236 anima
1052 1183 1159 1236 nostra
1175 1195 1192 1235 a
1208 1172 1286 1246 Dee,
1334 1189 1335 1198 ³

255 1290 289 1344 et
302 1291 385 1344 esset
400 1300 473 1345 cum
489 1278 684 1343 amatoribus
698 1279 763 1344 suis
780 1280 987 1347 demonibus.
1004 1279 1067 1347 Sed
1084 1294 1284 1370 posteaquam

256 1387 356 1453 dixit:
379 1387 555 1454 ‹Revertm
575 1386 616 1450 ad
638 1387 741 1452 virum
769 1409 877 1452 meum
902 1389 1080 1476 priorem»
1098 1402 1131 1454 et
1148 1391 1233 1454 venit
1251 1391 1283 1456 ad

257 1498 433 1573 Christum,
446 1498 500 1585 qui
514 1519 586 1560 eam
596 1519 636 1562 ex
648 1497 736 1561 initio
751 1496 792 1562 ad
803 1497 972 1586 imaginem
986 1522 1076 1564 suam
1090 1501 1222 1576 creavit,
1237 1525 1282 1565 ne

256 1611 392 1676 cessario
410 1608 517 1673 iocum
534 1606 622 1672 dedit
638 1606 764 1673 adulter
780 1609 924 1697 spiritus,
947 1609 1002 1674 ubi
1019 1609 1096 1674 vidit
1115 1609 1282 1698 legitimum

256 1719 370 1784 tirum.
390 1716 536 1804 Suseepti
551 1739 627 1804 ergo
645 1739 753 1782 sumus
768 1740 786 1781 a
803 1716 943 1792 Christo,
963 1730 995 1782 et
1011 1717 1162 1784 mundata
1175 1731 1217 1784 est
1231 1720 1283 1783 de·

253 1851 327 1894 mus
348 1837 454 1892 nosne
477 1847 495 1888 a
514 1826 653 1912 peccatis
668 1825 840 1913 prioribus,
857 1839 890 1890 et
909 1837 1019 1891 ornata
1035 1838 1083 1892 est
1099 1829 1279 1892 ornamentis

257 1947 529 2004 sacramentorum
540 1932 698 2011 fidelium,
711 1960 781 2023 quae
797 1949 916 2001 norunt
931 1938 984 2024 qui
997 1937 1111 2002 initiati
1125 1951 1206 2003 sunt.
1223 1937 1280 2003 Sed

256 2070 321 2114 non
341 2045 447 2111 statim
465 2045 579 2109 domus
596 2043 665 2110 haec
679 2043 891 2125 habitatorem
909 2044 1025 2109 habere
1042 2043 1204 2110 Christum
1219 2069 1280 2142 rpe-

256 2168 356 2230 retur,
369 2154 429 2219 nisi
443 2155 483 2220 sit
498 2153 559 2219 vitu
571 2155 640 2241 ejus
655 2165 687 2220 et
702 2155 900 2220 conversatio
915 2153 957 2218 ita
969 2167 1090 2230 sancta,
1105 2157 1147 2220 ita
1162 2179 1239 2244 pura
1253 2169 1278 2220 et

256 2262 556 2339 incontaminabilis,
569 2276 605 2328 ut
617 2262 772 2352 templum
785 2264 843 2329 Dei
854 2287 923 2328 esse
934 2277 1104 2329 mereatur.
1120 2265 1190 2332 Non
1204 2269 1280 2332 enim

255 2380 369 2445 domm
382 2375 500 2450 adhuc,
513 2375 568 2440 sed
581 2373 735 2461 templum
747 2397 814 2440 esse
827 2375 922 2440 debet
937 2375 969 2439 in
981 2399 1044 2462 quo
1055 2375 1176 2441 habitet
1187 2377 1277 2442 Deus.

256 2491 289 2556 Si
305 2511 381 2577 ergo
400 2497 564 2574 acceptam
584 2485 718 2572 gratiam
739 2483 889 2571 negliget,
905 2496 936 2548 et
952 2482 1093 2574 implicet
1108 2509 1139 2551 se
1152 2485 1276 2572 negotiis

254 2598 470 2668 securioribus,
486 2594 639 2660 continuo
654 2593 781 2680 spiritus
798 2591 849 2658 ille
866 2594 1048 2660 immundus
1064 2595 1157 2668 redit,
1171 2607 1202 2660 et
1215 2595 1279 2659 tin·

255 2713 341 2777 dieat
359 2706 418 2771 sibi
436 2705 567 2770 domum
586 2713 762 2768 vacantem.
782 2704 822 2768 Et
843 2727 883 2769 ne
904 2705 1021 2770 iterum
1042 2707 1141 2794 possit
1161 2703 1281 2794 expelii,

256 2818 332 2884 aiios
348 2835 456 2880 seeum
471 2823 593 2899 septem
608 2810 737 2898 spiritus
752 2811 881 2878 adhibet
897 2815 1079 2902 nequiores,
1091 2829 1123 2880 et
1139 2815 1220 2884 fiunt
1234 2839 1283 2880 no-

253 2927 379 2994 vissima
396 2921 580 3009 hujusmodi
601 2920 738 2986 hominis
757 2923 866 3010 pejora
886 2925 1046 3011 prioribus
1053 2950 1063 2998 ;
1082 2926 1156 3012 quia
1172 2925 1282 2991 tolera·

189 3091 193 3098 .
255 3035 350 3103 bilius
366 3032 467 3096 tuerat
483 3053 548 3095 non
565 3013 683 3094 redisse
703 3030 862 3096 advirum
877 3033 1016 3119 priorem
1037 3033 1177 3098 animam
1194 3031 1286 3098 semei

255 3141 526 3213 meretricantem,
536 3161 632 3224 quam
644 3161 801 3226 egressam
812 3151 883 3226 post
894 3139 1126 3206 consessionem
1138 3142 1209 3216 viri,
1222 3165 1286 3207 rur-

255 3277 327 3321 sum
341 3247 519 3316 adulteram
533 3245 610 3310 beri.
630 3244 722 3312 Nulla
733 3269 808 3334 ergo
824 3249 996 3323 «societas,
1009 3249 1093 3313 sieut
1104 3249 1187 3314 dicit
1203 3251 1288 3338 Ape

255 3353 393 3434 astatus,
405 3355 525 3444 templo
539 3356 598 3421 Dei
614 3379 688 3422 eum
704 3355 923 3432 idolis„autta
938 3360 1143 3424 consonantia
1161 3359 1287 3426 Christo

255 3506 268 3538 s
282 3487 315 3539 et
326 3464 455 3538 beliat&
470 3493 483 3526 ι
499 3464 532 3528 Si
544 3465 602 3533 Dei
615 3488 736 3540 sumus,
751 3464 828 3532 tales
839 3490 906 3533 esse
920 3468 1072 3533 debemus
1086 3480 1119 3532 ut
1131 3470 1289 3558 complea-

254 3599 308 3651 tur
318 3577 397 3646 iilud
414 3573 500 3662 quod
511 3573 589 3636 dicit
603 3574 644 3638 de
660 3575 752 3640 nobis
764 3574 849 3640 Deus
864 3598 871 3639 :
890 3576 1000 3655 «Quia
1015 3577 1166 3642 habitabo
1179 3579 1210 3644 in
1231 3580 1288 3654 eis,

253 3727 266 3759 s
281 3691 361 3758 etin
378 3685 424 3750 eis
439 3680 622 3756 ambulabo,
639 3694 671 3746 et
689 3683 747 3772 ipsi
762 3695 856 3750 erunt
872 3685 948 3750 mihi
968 3686 999 3750 in
1016 3686 1201 3774 populum³.
1220 3719 1232 3748 ι
1250 3691 1289 3754 Et

254 3805 336 3871 sicut
351 3792 412 3859 alio
423 3789 495 3855 loco
510 3788 667 3877 Propheta
683 3791 759 3857 dicit
778 3816 785 3858 :
803 3819 816 3851 ι
832 3793 921 3858 Exite
939 3794 1095 3860 demedio
1112 3820 1239 3875 eorum,
1258 3815 1289 3864 et

285 3930 365 3977 sLuc.
379 3939 414 3981 ιι,
429 3920 468 3980 ab,
483 3919 572 3981 ²51²&
587 3920 636 3956 -2
649 3937 661 3967 s
673 3920 732 3970 Gor.
745 3938 779 3981 ri,
795 3923 832 3971 15.
851 3925 893 3961 -ι
904 3922 970 3973 ibid.
985 3927 1021 3977 ab.
