2776 4616
181 393 186 406 ,
271 336 333 422 590
713 357 856 400 oucnurs
940 378 949 390 ·

270 475 366 560 »ejus
377 473 400 536 ¹.
420 501 432 533 ι
450 473 537 551 Quid
555 480 602 537 est
618 472 693 546 hoc,
705 472 792 560 quod
805 473 999 561 precipuum
1017 473 1129 538 urbem
1146 472 1185 538 de
1204 495 1302 560 ragno

270 583 354 648 Secu
367 583 540 648 nominavit
552 584 678 648 Eselson
687 583 701 648 Ρ
709 584 836 650 Eselton
848 584 1073 671 interpretatur
1083 583 1299 671 cogitationes.

268 691 382 758 lllorito
400 709 476 780 crgo
490 714 563 779 pars
579 692 715 757 maxima
735 691 823 780 regni
846 691 1008 766 diabolici,
1027 704 1059 757 et
1079 702 1216 779 potestas
1234 693 1303 778 ejus

268 798 404 888 plurima
421 800 712 889 incogitationibus
732 812 854 889 regnat.
875 799 929 866 Sic
943 801 1031 867 enim
1047 801 1124 866 dixit
1141 813 1174 864 ct
1193 799 1304 866 Domi-

270 931 342 984 nus,
361 907 433 995 quia
450 931 462 968 ι
475 907 521 974 De
536 907 634 974 corde
646 908 824 998 procedunt
835 909 1041 998 cogitationes
1057 906 1160 982 male,
1173 908 1304 975 homici-

270 1047 284 1080 ι
300 1019 365 1092 dia,
377 1016 543 1092 adulteria,
556 1018 651 1095 lurtu,
665 1016 740 1084 salsa
754 1017 947 1093 testimonia,
960 1017 1165 1106 blasphemias
1173 1042 1184 1090 3
1197 1028 1230 1083 et
1246 1019 1302 1084 isto

270 1155 284 1188 ι
301 1140 375 1193 sunt
386 1147 457 1214 quse
469 1127 677 1215 coinquinant
691 1127 855 1196 homiuem
866 1128 915 1194 ’.ι
930 1127 970 1192 Ει
985 1127 1057 1192 ideo
1069 1127 1248 1193 necessario
1259 1127 1304 1192 in·

271 1237 419 1304 conditur
433 1237 634 1312 istaciritas,
647 1249 680 1302 et
696 1237 768 1324 igne
786 1237 938 1302 exuritur.
955 1236 1029 1316 Quo
1046 1236 1142 1324 igne?
1160 1234 1219 1302 lllo
1234 1259 1305 1324 pro-

270 1347 357 1413 lecto
368 1345 409 1411 de
419 1367 483 1433 quo
497 1346 574 1413 dicit
584 1343 746 1412 Salvator:
765 1344 899 1433 «lguem
912 1345 982 1410 reni
993 1345 1119 1412 mittere
1132 1343 1303 1420 interram,

271 1483 287 1516 ι
302 1465 334 1519 et
346 1475 442 1542 quam
454 1451 528 1518 volo
542 1466 577 1518 ut
592 1451 817 1520 accendatur-⁸.
832 1480 845 1514 s

280 1618 285 1627 .
315 1563 355 1628 ll.
372 1561 560 1648 postpauca
575 1573 684 1628 antem
698 1560 835 1626 refertur
846 1560 886 1626 de
902 1560 974 1648 ipsa'
984 1560 1121 1628 civitate.
1145 1585 1158 1618 a
1174 1558 1306 1647 Propter

273 1671 378 1744 thoe,
393 1671 518 1756 inquit,
544 1669 650 1736 dicent
669 1669 884 1757 aenigmatista
902 1668 1040 1736 :⁴Venite
1059 1669 1091 1734 in
1111 1669 1251 1742 Eaebou,
1271 1681 1306 1734 ut

272 1780 490 1854 audificatur,
506 1793 539 1844 et
561 1791 764 1846 construatur
786 1780 895 1846 civitas
917 1780 1002 1846 Seon
1028 1804 1036 1846 a
1058 1781 1206 1867 quoniam
1225 1780 1309 1868 ignis

273 1919 285 1950 ι
301 1888 456 1977 processit
467 1888 507 1953 de
519 1889 658 1964 Esebon,
671 1900 703 1954 et
713 1887 839 1954 llamma
854 1887 1033 1954 decivitate
1049 1885 1132 1954 Secu
1144 1886 1307 1954 devoravit

273 2027 287 2059 s
304 1997 505 2085 usqnclllcub
516 1997 538 2062 ⁴.
553 2027 566 2059 ι
582 1997 667 2062 Seon
686 1999 735 2083 (nt
749 1997 898 2086 diximus)
913 2009 981 2062 crat
995 2019 1063 2071 rex,
1076 1995 1166 2082 cujus
1176 2008 1247 2060 erat
1262 1997 1309 2062 ui-

273 2107 351 2172 ritaa
372 2107 510 2172 Erebon.
537 2105 592 2173 Sic
613 2130 689 2196 ergo
710 2105 933 2194 intelligendus
953 2117 1002 2172 est
1022 2105 1102 2172 ordo
1120 2105 1309 2180 verborum,

272 2216 361 2301 quasi
381 2215 489 2282 dicunt
507 2215 557 2280 isti
576 2216 791 2304 aenigmatistae
815 2238 823 2278 :
843 2212 956 2280 Venite
979 2226 1015 2280 ut
1035 2225 1252 2288 construatur.
1275 2227 1309 2278 et

272 2322 449 2392 aedilicetnr
466 2324 606 2399 Esebon,
621 2348 693 2411 quae
710 2324 769 2389 luit
784 2323 894 2389 ciritae
908 2322 1004 2388 Secu.
1026 2322 1090 2388 Sed
1108 2323 1311 2411 requiramus

272 2455 358 2502 nunc
370 2433 424 2520 qui
441 2432 502 2499 sint
518 2433 567 2497 isti
583 2434 809 2522 aenigmatistae.
824 2431 970 2522 AEnigma
984 2432 1102 2501 dicitur
1111 2453 1217 2500 sermo
1229 2431 1312 2521 ligu-

273 2555 359 2608 ratus
378 2565 386 2606 :
406 2541 621 2630 aenigmatista
635 2563 710 2629 ergo
726 2542 890 2616 dicuntur,
906 2543 960 2629 qui
976 2540 1151 2631 figuraliter
1169 2540 1312 2627 loquun-

273 2667 336 2718 tur.
356 2653 396 2718 Et
412 2651 482 2738 quis
498 2663 546 2716 est
562 2649 639 2717 alius
654 2653 709 2739 qui
728 2653 761 2717 in
779 2649 887 2739 liguris
902 2650 1027 2718 locutus
1048 2653 1100 2727 sit,
1117 2653 1176 2718 nisi
1194 2652 1261 2718 Iex
1275 2665 1312 2718 et

273 2759 439 2847 Prophetae
449 2759 463 2822 l
474 2759 558 2824 Audi
573 2760 659 2824 enim
675 2761 837 2846 quomodo
848 2761 950 2828 David
965 2763 1042 2828 dicit
1057 2785 1064 2828 ι
1077 2790 1098 2823 ·ι
1109 2762 1259 2854 Aperiam
1277 2761 1313 2828 in

275 2899 288 2936 a
304 2866 462 2957 parabolis
474 2891 510 2932 os
519 2891 640 2944 meum,
649 2869 994 2957 loquarpropositionea
1001 2873 1041 2937 ab
1052 2873 1142 2938 initio
1152 2870 1315 2938 saeculi‘.»

276 2977 340 3044 Sed
355 2989 388 3041 et
404 2977 522 3050 Esaias,
541 2977 616 3062 quia
629 2978 795 3065 aenigmata
811 2978 959 3066 sintque
978 2981 1116 3070 scripsit,
1134 2981 1197 3047 hoc
1211 2982 1316 3048 modo

275 3083 438 3151 declarat:
463 3085 526 3148 «Et
537 3097 644 3159 erunt,
658 3087 780 3169 inquit,
801 3089 898 3152 rerba
913 3085 985 3152 libri
1002 3089 1098 3177 hujus
1114 3090 1198 3155 sieut
1212 3093 1316 3156 rerba

277 3195 377 3263 »libri
402 3197 531 3284 signati3
556 3218 650 3285 quem
680 3196 705 3262 si
732 3198 877 3263 dederint
900 3198 933 3263 iu
955 3221 1066 3266 manus
1088 3201 1227 3268 hominis
1253 3225 1316 3268 ne-

277 3335 289 3366 »
306 3305 432 3372 scientis
447 3301 578 3378 litteras,
591 3315 624 3368 et
635 3303 772 3371 dixerint
786 3305 828 3379 ei,
841 3304 937 3392 lnge,
949 3306 1047 3381 dicet,
1059 3307 1129 3373 Non
1140 3308 1216 3374 novi
1229 3307 1318 3374 litte-

277 3444 289 3474 ι
307 3435 367 3478 ras.
389 3410 422 3476 si
433 3421 543 3476 autem
553 3411 700 3478 dederint
714 3413 825 3480 scienti
841 3411 975 3490 litteras,
987 3416 1083 3492 dicet,
1096 3415 1167 3483 Non
1178 3440 1319 3506 possum

277 3529 290 3587 i
306 3520 424 3610 legere,
437 3521 577 3610 signatus
591 3537 640 3588 cst
651 3523 737 3590 enim
746 3521 769 3586 ⁶.
785 3551 797 3584 a
819 3521 967 3613 Signatus
979 3538 1086 3590 autem
1097 3524 1217 3593 dicitur
1229 3524 1320 3594 liber

277 3655 335 3720 pro
349 3651 388 3698 eo
404 3630 489 3719 quod
504 3631 613 3718 figuris
633 3629 800 3719 perplexus
821 3647 917 3702 estet
938 3635 1157 3724 aenigmatibus
1184 3635 1319 3702 involu-

277 3755 338 3809 tus.
359 3741 479 3808 Dicunt
495 3761 571 3824 ergo
591 3737 640 3802 isti
656 3739 871 3828 aenigmatista
888 3763 896 3803 ε
916 3741 1053 3810 «Venite
1068 3745 1099 3810 in
1116 3745 1262 3821 Esabon,
1280 3759 1321 3812 ur

310 3897 409 3945 ¹llum.
424 3910 475 3954 ιιι,
488 3897 525 3944 25.
540 3925 570 3935 -
580 3895 592 3930 ²
602 3897 682 3948 Marc.
695 3915 740 3954 vu,
755 3915 795 3958 ιι,
810 3917 850 3960 aa,
861 3899 899 3948 ιδ.
912 3927 942 3938 -
954 3899 964 3933 ⁸
976 3903 1035 3954 lanc.
1050 3919 1097 3964 ιιι,
1109 3905 1151 3969 49.
1165 3933 1196 3944 ·-
1210 3905 1220 3938 ⁴
1233 3905 1324 3956 llum.

277 3991 329 4034 ur,
344 3989 383 4036 ²7·
395 3971 433 4020 28.
445 3971 495 4008 —l
510 3971 575 4020 Psal.
590 3987 693 4033 nxxrru,
707 3989 728 4024 ι.
739 3974 789 4013 -⁸
802 3973 862 4024 lsai.
873 3991 943 4036 urz,
958 3991 996 4037 ιι,
1014 3995 1050 4028 ιι.
