2720 4624
388 300 421 341 ru
446 299 583 342 uuuauos
605 301 734 343 neuram
759 304 786 343 v.
1038 290 1099 356 505

59 431 139 474 »sm
156 406 295 496 plebem
312 407 416 476 Carth
437 435 445 472 ε
464 411 573 496 »quasi
593 411 625 474 iu
638 429 679 474 eo
693 413 923 482 exterminandi
941 432 1059 494 essent,
1075 425 1100 486 si

55 529 164 582 sancta
182 529 378 582 sanctorum
393 519 479 584 nuda
494 531 526 581 et
549 520 685 606 patentia
702 522 919 609 contigissent,
943 551 1013 614 quau
1039 555 1100 596 nou

58 626 159 694 solum
176 649 244 692 non
264 629 469 715 contingere,
487 628 542 694 sed
557 651 597 694 ne
612 629 726 694 intueri
750 633 876 718 quidem
893 635 938 702 sas
953 650 1021 703 erat
1038 663 1101 706 nou

63 735 173 800 velata.
191 736 226 800 Si
246 735 434 803 intellexisti
450 738 525 824 quid
537 737 675 804 historiae
690 739 769 804 ordo
781 744 953 818 contineat,
966 751 1101 818 ascendo

63 866 150 908 nunc
163 843 202 908 ad
217 842 431 931 splendorem
447 845 602 930 mysterii;
622 858 654 908 et
669 842 744 931 legis
760 848 929 933 spiritualis
942 851 1063 931 lumen,
1076 859 1100 922 si

64 975 161 1040 purus
177 953 234 1017 tibi
258 964 311 1016 est
328 952 445 1020 mentis
467 950 590 1025 oculus,
611 963 773 1018 contuere.
798 955 831 1018 Si
850 958 919 1042 quis
937 959 1049 1047 diguus
1064 987 1103 1028 ex

66 1062 102 1126 iis
116 1063 166 1148 qui
183 1062 255 1126 Deo
270 1061 466 1134 ministrant,
480 1060 581 1127 divina
602 1083 714 1146 capere
725 1073 758 1124 et
770 1062 874 1128 videre
887 1071 1048 1152 mysteria,
1061 1073 1101 1137 ad

65 1193 132 1254 quae
148 1170 338 1236 contuenda
361 1169 467 1236 oaeteri
486 1170 589 1234 minus
606 1191 738 1256 capaces
755 1184 840 1244 sunt,
858 1173 909 1240 hic
929 1179 1033 1244 Aaron
1055 1182 1102 1246 tel

64 1277 145 1342 lilius
160 1281 273 1344 Aaron
289 1299 360 1344 esse
376 1277 571 1365 intelligitur,
594 1281 648 1365 qui
665 1279 784 1364 ingredi
801 1293 904 1367 potest
922 1287 962 1350 ad
978 1305 1014 1352 ea
1034 1314 1102 1376 quae

67 1387 151 1453 adire
171 1388 242 1452 aliis
260 1388 307 1452 las
323 1411 390 1454 non
406 1400 463 1452 est.
482 1389 599 1474 siquis
615 1412 691 1474 ergo
707 1387 775 1453 talis
796 1404 856 1466 est,
875 1393 949 1460 huic
972 1396 1029 1461 soli
1053 1425 1103 1466 ra-

72 1495 170 1562 velata
185 1510 272 1584 patet
289 1520 365 1562 arca
383 1496 573 1571 testamenti,
591 1496 643 1561 hic
659 1494 743 1558 videt
763 1519 874 1564 urnam
893 1501 975 1566 intra
994 1527 1027 1568 se
1046 1506 1103 1572 ha·

74 1605 200 1668 tentam
216 1627 345 1678 manna,
357 1604 411 1668 hic
427 1604 604 1678 considerat
618 1617 650 1668 et
666 1605 811 1704 intelligit
827 1611 1081 1698 propitiatorium
1091 1642 1099 1688 ;

75 1714 127 1780 hie
144 1715 282 1780 intuetur
298 1727 333 1780 ot
350 1713 526 1780 Cherubim
545 1728 727 1802 utrumque,
746 1728 778 1782 et
793 1741 935 1788 mensam
951 1736 1105 1800 sanctam,

71 1836 103 1887 et
120 1822 348 1888 caudelabrum
366 1821 506 1896 luminis,
524 1835 557 1888 et
573 1823 671 1891 altare
686 1825 816 1892 incensi.
839 1827 901 1897 lste
917 1829 985 1898 haec
1000 1837 1105 1900 cousi-

72 1933 172 2008 derat,
191 1946 224 1996 et
240 1929 390 2020 intelligit
407 1929 621 2020 spiritualiter,
639 1931 744 2006 idest,
762 1937 815 2019 qui
835 1939 929 2004 verbo
942 1940 998 2004 Dei
1011 1954 1042 2006 et
1055 1968 1106 2010 sa-

73 2045 198 2131 pientiae
215 2043 376 2127 mysteriis
393 2063 521 2128 operam
537 2041 603 2114 dot,
618 2053 651 2106 et
667 2042 735 2108 Deo
749 2044 806 2108 soli
823 2046 853 2110 in
870 2051 986 2116 sanctis
1006 2066 1103 2120 vuaat.
1174 2115 1181 2126 ,

75 2153 164 2222 Sciat
183 2175 261 2218 sane
276 2151 328 2216 cui
344 2151 413 2218 hree
431 2149 620 2224 revelantur,
643 2162 675 2216 et
697 2153 899 2239 spiritualiter
915 2159 1107 2246 inspicienda

79 2261 270 2334 creduntur,
286 2282 347 2327 nou
362 2259 422 2328 sibi
441 2270 543 2325 tutum
558 2280 625 2323 esse
636 2259 760 2345 aperire
773 2283 823 2334 ea,
840 2273 872 2326 et
887 2265 1024 2349 paudere
1036 2269 1108 2354 qui-

80 2372 142 2434 bus
157 2393 219 2434 non
231 2367 425 2455 lieetpeu‘dis
439 2367 628 2454 sorloperirc
640 2368 734 2440 (lebet
745 2370 920 2457 singultum
931 2387 1039 2461 operta
1052 2401 1109 2444 cre·

79 2478 156 2542 teris
172 2477 277 2540 minus
292 2475 460 2562 capacibus
475 2474 597 2538 tradere
612 2475 767 2562 portanda
781 2476 982 2554 inhumeris,
995 2494 1026 2546 et
1038 2507 1109 2550 cer·

80 2585 201 2648 vicibus
218 2582 420 2669 imponenda.
445 2581 526 2646 Cum
543 2583 629 2648 enim
643 2604 683 2646 ex
700 2584 802 2653 verbis
819 2587 958 2671 mysticis
980 2593 1110 2669 eruditi,

76 2707 109 2758 et
129 2692 264 2782 perlecti
288 2715 416 2779 quoque
442 2693 588 2759 doctores
610 2715 704 2778 opera
728 2692 852 2781 populis
876 2696 1057 2785 injungunt,
1078 2717 1110 2770 et

78 2800 165 2890 plebs
177 2801 244 2889 agit
256 2801 384 2888 quidem
399 2812 432 2864 et
447 2797 636 2886 impletque
650 2801 852 2875 mandantur,
865 2825 929 2869 aon
943 2815 1046 2872 tamen
1058 2833 1110 2876 eo·

75 2936 147 2978 rum
162 2933 235 2999 quae
257 2919 412 2997 'geruntur
432 2907 574 2993 iutelligit
592 2908 768 2978 rationem:
786 2909 863 2993 quid
878 2909 962 2978 aliud
978 2916 1109 3001 geritur,

73 3023 134 3088 uisi
151 3031 266 3107 operta
281 3032 314 3082 et
329 3016 428 3082 velata
445 3028 550 3083 sanctu
568 3029 750 3082 sanctorum
761 3036 857 3103 super
873 3020 1021 3088 humeros
1035 3051 1110 3113 por·
1203 3015 1217 3030 ⁴

71 3128 208 3196 tantur?
232 3129 274 3192 Et
294 3139 330 3191 ut
351 3126 458 3192 adhuc
479 3123 673 3193 manifestius
692 3147 764 3210 quae
786 3124 936 3191 dicuntur
955 3132 1110 3211 advertas,

74 3234 232 3325 exemplis
248 3247 280 3299 te
295 3259 335 3300 ex
351 3235 461 3298 divinis
474 3233 686 3306 voluminibus
694 3233 845 3298 adhibitis
857 3234 1106 3311 informabimus.

73 3347 202 3434 Moyses
220 3342 415 3432 intelligebat
430 3342 497 3430 siue
516 3342 697 3428 dubioque
712 3355 794 3408 esset
810 3365 880 3408 vera
898 3347 1110 3430 cireameisio,

76 3452 277 3541 intelligebat
303 3451 390 3538 quod
407 3461 489 3520 esset
508 3471 617 3522 verum
639 3449 767 3535 pascha,
786 3450 989 3541 sciebatque
1007 3477 1113 3526 esseut

78 3585 159 3629 serm
174 3561 366 3636 neomenias,
384 3572 416 3624 et
433 3581 502 3645 quae
518 3579 590 3625 vera
606 3559 736 3625 sabbeta
759 3581 766 3620 ε
788 3571 819 3656 et
836 3581 908 3624 euru
923 3563 1110 3636 haecomnia

80 3670 282 3740 inoenfflfimr
296 3670 329 3736 tu
343 3668 471 3755 spiriu„
488 3667 590 3738 veihis
606 3677 711 3731 tamen
724 3687 761 3730 ea
777 3689 833 3751 per
850 3689 954 3740 renim
968 3695 1111 3762 corporu-

81 3778 155 3848 lium
169 3779 294 3869 speeies
312 3775 633 3860 adumbrationesque
648 3772 772 3839 velabat
787 3797 793 3838 r
807 3775 844 3841 et'
857 3799 931 3844 eum
953 3782 1047 3846 sciret
1062 3801 1113 3851 re·

82 3913 148 3954 rum
163 3889 282 3978 pascha
297 3883 527 3950 immolandum
538 3905 606 3946 esse
620 3881 795 3955 Christum,
812 3904 902 3948 ovem
916 3890 1111 3973 corporalem
