2734 4594
277 268 334 332 rba
721 289 863 333 orrasrrs

273 409 334 475 sale
353 408 465 497 spiritu
487 419 586 472 metet
605 408 700 472 vitam
724 410 905 476 aeternam&
923 441 935 470 s
955 411 1009 478 lsti
1023 426 1097 478 sunt
1115 438 1194 504 ergo,
1207 441 1273 506 qua-

269 539 343 580 rum
354 515 474 582 mmina
485 513 662 580 Madianita
672 528 902 603 corrumpunt,
914 517 968 605 qui
982 517 1014 584 in
1028 542 1122 586 carne
1132 524 1271 590 seminant.

271 624 326 690 lsti
347 633 422 688 sunt
443 645 580 708 quorum
602 622 724 688 fructus
746 624 1013 700 exterminantur,
1034 637 1067 691 et
1082 643 1211 715 pereunt.
1229 631 1282 716 llla

145 727 158 743 ’
270 743 376 795 autem
396 728 535 803 semina,
559 751 630 814 que
652 729 684 794 iu
707 730 821 817 spiritu
842 731 1062 807 seminantur,
1086 757 1147 800 non
1166 753 1275 824 ponuat

268 835 445 904 blndianitae
460 858 674 924 corrumpere.
700 836 771 902 Non
793 837 879 902 enim
899 851 1031 925 possum
1046 841 1216 909 adversarie
1228 870 1276 934 pa-

267 954 395 1010 testates
415 942 583 1008 ascendere
598 943 638 1008 ad
655 940 810 1030 spiritales
824 965 971 1032 campos,
987 958 1019 1010 at
1034 947 1155 1016 novalia
1168 952 1274 1040 spiritu

267 1063 423 1116 temerare
438 1059 554 1116 eorum'
564 1048 619 1137 qui
633 1071 698 1116 non
713 1050 870 1116 seminant
888 1074 982 1139 super
998 1054 1122 1142 spinas,
1137 1057 1190 1122 sod
1200 1060 1275 1124 inno

267 1169 342 1224 rant
355 1157 416 1223 sibi
431 1154 572 1223 novalia:
587 1157 642 1222 sed
657 1169 691 1221 et
704 1155 785 1222 illud
799 1157 981 1226 addendum
995 1172 1063 1226 est:
1080 1161 1152 1228 volo
1165 1167 1243 1231 enim
1252 1180 1277 1232 st

210 1331 217 1345 ,
267 1263 596 1353 meipsumvobiscum
607 1264 725 1351 pariter
734 1266 1276 1346 commoneredecautelaseminun‚

265 1388 298 1441 et
320 1371 508 1463 spiritalium
520 1373 683 1438 fructuum
699 1371 870 1461 diligentis.
891 1373 1088 1462 Frequenter
1105 1379 1237 1455 aeddit,
1254 1395 1278 1445 ut
1319 1427 1321 1432 -

266 1481 377 1571 aliquia
389 1482 421 1546 in
437 1503 532 1570 opere
550 1477 680 1567 spiritali
696 1479 832 1545 multum
852 1480 1024 1558 desudans,
1045 1483 1167 1572 fructus
1181 1511 1279 1576 quam

266 1589 420 1678 plurimos
431 1586 559 1660 fecerit,
575 1598 607 1650 et
618 1585 785 1673 repleverit
798 1586 912 1653 horrea
927 1612 982 1654 sua
997 1590 1128 1676 justitiae
1141 1593 1279 1682 fragiba,

262 1709 296 1762 et
310 1693 410 1762 mults
426 1696 510 1758 bona
531 1715 628 1782 opera
642 1692 856 1758 recondiderit
868 1695 901 1759 in
917 1697 1121 1763 concientiae
1139 1723 1201 1766 suae
1217 1725 1281 1768 aas·

264 1802 343 1870 clavi
359 1814 488 1890 :postea
509 1824 582 1867 vero
604 1802 628 1865 si
644 1799 798 1890 negligat,
822 1813 940 1890 etpost
960 1801 1105 1872 laborem
1129 1809 1279 1896 proditius

262 1911 302 1978 ad
312 1909 489 1998 voluptates
499 1921 533 1974 et
545 1908 684 1974 luxurias
696 1921 820 1997 vergat,
835 1911 940 1976 omnia
951 1911 981 1976 ei
991 1913 1157 1980 bonorum
1164 1917 1278 1992 senius,

261 2031 294 2083 et
309 2017 431 2083 fructus
443 2017 544 2083 saneti
563 2016 667 2105 operis
685 2016 869 2082 dominante
887 2016 1019 2084 libidine
1033 2038 1282 2112 corrumpuntur.

261 2126 344 2192 Cum
362 2124 448 2190 enim
470 2123 687 2190 subintroierit
712 2136 897 2213 peccatum,
915 2137 948 2190 et
963 2126 1173 2214 captivaverit
1194 2132 1287 2198 honi·

259 2234 309 2301 nis
323 2253 467 2307 sensum,
486 2244 521 2296 ut
536 2231 603 2319 jam
619 2254 682 2297 non
698 2231 844 2318 respiciat
859 2231 899 2296 ad
913 2233 1062 2300 mandata
1077 2235 1159 2311 Dei,
1177 2262 1288 2306 necar-

260 2343 357 2408 duam
383 2339 507 2408 virtutis
531 2339 613 2405 riam
634 2337 771 2404 libenter
790 2339 961 2414 ascendat,
987 2340 1170 2429 depereunt
1200 2347 1290 2412 omnis

259 2471 330 2538 qum
345 2448 432 2536 priua
441 2447 566 2512 fuerant
580 2446 614 2510 in
629 2443 745 2510 horreo
757 2447 959 2512 conscientie
977 2462 1189 2538 eongregata.
1207 2454 1292 2540 Prap-

259 2569 345 2623 terea
368 2578 442 2644 erga
460 2555 631 2642 Scripturas
653 2564 771 2618 sanctae
792 2555 883 2619 nobis
909 2554 1064 2621 servanda
1086 2561 1294 2626 commonitis

257 2676 306 2729 eat
318 2662 471 2729 dicentis:
488 2661 606 2726 «Omni
618 2660 760 2726 custodia
776 2661 1088 2727 servatuumaort»
1106 2664 1296 2732 Custodia

257 2773 335 2836 dum
350 2781 398 2835 est
416 2768 511 2856 igitur
525 2787 582 2833 cor
596 2768 636 2831 ab
652 2767 738 2832 omni
760 2778 913 2854 peccato,
934 2779 967 2833 et
980 2769 1150 2858 praecipue
1170 2774 1209 2839 in
1227 2787 1297 2838 ten·

257 2900 334 2966 pore
348 2875 588 2966 persecutionis.
600 2874 632 2939 Si
644 2873 696 2939 cui
706 2871 943 2948 eumoccidit,
960 2886 996 2940 ut
1007 2874 1041 2940 in
1050 2874 1169 2964 aliquo
1180 2881 1302 2967 quite·

257 2995 400 3072 ternpore
415 2991 587 3070 congreget
600 2981 720 3044 fructus
735 2979 880 3066 justitia,
895 2981 1063 3068 conquirat
1082 3007 1195 3072 opera
1212 2989 1304 3053 virtu-

258 3103 343 3164 tum,
366 3102 398 3154 et
421 3089 568 3156 om'nibua
588 3110 621 3152 se
642 3086 871 3174 probatissimis
894 3086 1018 3156 excolat
1041 3090 1239 3180 disciplinis
1254 3095 1306 3168 ‚iu

255 3181 484 3286 persecutionis
505 3217 581 3260 vero
609 3205 753 3281 tempore
780 3194 914 3282 deneget
939 3193 1060 3271 iidem,
1085 3197 1155 3263 iate
1184 3201 1311 3268 condita

255 3303 361 3370 omnia
384 3303 565 3377 evacuarit,
586 3323 626 3366 ex
643 3301 790 3366 omnibus
809 3299 1012 3367 facultatibus
1031 3303 1097 3368 suis
1118 3307 1250 3372 nudus
1271 3329 1313 3372 re

255 3418 349 3495 pente
360 3415 393 3471 st
405 3385 506 3470 inanis
518 3403 652 3472 effectus
666 3415 729 3477 est,
742 3404 816 3491 quia
827 3403 881 3468 diu
893 3404 1061 3490 quesitus,
1074 3419 1109 3472 et
1122 3411 1254 3476 multo
1273 3409 1317 3474 vir

255 3513 363 3580 labore
383 3511 553 3587 collectus,
571 3511 676 3578 subito
694 3511 798 3576 omnis
826 3510 945 3578 effusus
965 3523 1014 3576 est
1033 3511 1156 3580 labor:
1180 3529 1221 3581 et
1242 3517 1321 3582 sien

255 3623 331 3688 dicit
347 3618 524 3708 Propheta:
548 3615 907 3705 «omnes'justitiaeejus
926 3618 1113 3705 quesierit,
1136 3647 1217 3690 non
1240 3644 1325 3690 eom

256 3727 541 3795 »memorabuntur
559 3724 616 3790 ’.ι
650 3723 818 3811 Propterea
845 3747 922 3812 ergo
952 3725 1066 3794 sratres
1090 3728 1327 3820 deprecemur

290 3867 363 3920 aGal.
374 3883 413 3934 vr,
424 3866 448 3918 8.
460 3863 640 3922 -2Pr0v.1v,
652 3863 694 3916 23.
705 3893 739 3904 -
748 3862 759 3897 ⁸
769 3866 855 3915 Erech.
864 3881 909 3928 ιιι,
922 3883 964 3918 so.
