2692 4610
294 285 356 374 odd
737 308 880 357 orionus
945 366 954 379 ἱ

292 465 304 496 ι
322 459 392 502 ram
406 435 460 523 qui
476 433 571 501 faeiat
585 434 721 509 honum,
737 445 770 498 et
785 455 849 498 non
865 432 1009 521 peccet¹.
1024 421 1154 524 »Merito
1167 448 1230 516 ergo
1241 447 1277 492 so·

292 544 341 610 lus
355 545 449 612 Jesus
464 553 700 610 eonsummatos
719 541 818 608 hebet
837 563 962 616 manus,
982 541 1034 628 qui
1053 537 1132 605 solus
1146 547 1277 626 peceatum

291 677 355 720 non
373 653 463 727 feeit,
485 653 548 720 hoo
564 665 625 727 est,
642 654 696 740 qui
715 652 855 742 perfectu
871 665 904 716 et
918 651 1036 738 integra
1053 669 1142 737 opere
1160 665 1277 710 manuum

291 759 398 826 hebet.
416 760 546 826 ntideo
566 759 606 825 de
620 761 689 848 ipso
706 771 793 826 reete
811 759 928 828 dieitur
947 780 955 822 ι
980 784 993 817 ι
1009 757 1069 836 Qui
1087 763 1277 822 eonsummatos

293 868 418 935 »hebet
437 891 562 945 manus,
585 881 621 934 ut
641 869 793 934 induatur
806 879 915 934 saneto
929 867 952 931 ².
975 896 988 928 ι
1014 867 1072 931 Hie
1092 863 1171 930 enim
1187 861 1276 947 estqui

293 1001 366 1044 vere
389 978 519 1044 indutus
534 990 583 1044 est
606 990 728 1052 saneta,
745 1001 810 1044 non
833 975 885 1042 illa
907 999 977 1064 quse
999 976 1031 1040 in
1054 986 1127 1063 typo
1143 968 1276 1046 erant,red

292 1085 358 1174 ipse
374 1107 444 1174 quae
458 1109 532 1151 vere
548 1098 657 1152 sancta
673 1098 757 1152 sunt.
774 1085 870 1191 Quod
888 1087 915 1151 si
931 1085 1098 1152 risendim
1113 1082 1149 1146 de
1163 1077 1275 1145 excelsio-

292 1195 379 1262 ribus
397 1195 592 1260 indumentis
614 1195 698 1283 ejus,
714 1193 824 1282 recipe
843 1194 938 1259 rerba
955 1193 1135 1283 prophetice
1150 1210 1158 1255 t
1175 1186 1275 1254 ‹mic-

294 1333 307 1366 ι
322 1313 386 1380 tus,
403 1305 526 1391 inquit,
541 1303 662 1370 lumine
678 1305 761 1370 sieut
776 1302 977 1380 vestimento,
990 1305 1118 1390 abyssus
1130 1299 1202 1368 sieut
1212 1293 1273 1360 anio·

294 1419 375 1480 rtus
394 1415 618 1480 vestimentum
638 1416 708 1503 ejus
723 1414 745 1478 ⁸.
768 1443 781 1476 ι
805 1413 865 1480 Hic
887 1425 936 1479 est
954 1413 1017 1478 mei
1036 1408 1136 1498 magni
1156 1401 1272 1472 Pontiid

292 1521 433 1599 habitus,
450 1544 514 1611 quo
536 1521 694 1588 indicetur
709 1522 867 1612 profunde
886 1521 1015 1587 seientia
1031 1533 1063 1585 et
1079 1516 1217 1606 sapientie
1227 1511 1272 1576 tro

293 1631 435 1706 vestitus,
452 1655 522 1719 quae
537 1653 611 1695 vere
627 1642 735 1696 sancto
751 1642 825 1695 sunt
842 1628 1038 1695 indumenta.
1064 1655 1077 1688 ι
1092 1625 1168 1700 Non,
1184 1617 1270 1706 inquit

293 1739 444 1805 »auferet
458 1738 499 1804 de
522 1739 626 1829 cupite
644 1763 702 1806 suo
721 1740 853 1806 cidarim
866 1737 918 1803 ’.ι
941 1739 1016 1805 Jem
1034 1751 1066 1803 et
1084 1737 1163 1826 prius
1178 1731 1271 1798 diximus

293 1847 425 1913 cidarim
442 1869 542 1936 genus
560 1871 629 1913 esee
644 1847 846 1936 operimenti,
865 1847 953 1937 quod
974 1847 1069 1935 ospiti
1091 1838 1270 1932 superpositum

294 1953 436 2042 pontifici
451 1966 578 2043 praestat
593 1969 753 2021 ornatum.
770 1957 830 2022 Hie
845 1977 920 2044 ergo
932 1979 1067 2045 mugnus
1078 1951 1201 2020 Pontifex
1211 1962 1270 2011 utus

295 2083 458 2148 nunquam
478 2063 610 2151 deponit
628 2066 709 2130 seori
728 2065 840 2152 ospitis
862 2076 1024 2130 ornatum.
1047 2063 1139 2143 Quod
1154 2059 1183 2125 sit
1195 2065 1269 2119 sutem

295 2182 391 2258 ceput
406 2171 537 2247 Christi,
549 2175 590 2239 eb
606 2172 757 2262 Apostolo
775 2173 860 2238 disee
876 2175 930 2261 qui
947 2173 1027 2240 dicit
1042 2193 1051 2238 t
1070 2200 1083 2233 ι
1099 2173 1270 2260 caputium

294 2307 308 2342 ι
325 2279 441 2346 Christi
454 2280 539 2347 Deus
550 2281 572 2346 ⁶.
588 2311 601 2343 ι
616 2282 730 2348 Merito
745 2283 842 2371 igitur
856 2281 952 2347 istum
968 2285 1080 2372 capitis
1095 2282 1149 2354 sui,
1163 2275 1204 2364 qui
1215 2271 1272 2336 Deus

293 2401 353 2465 est,
369 2409 534 2479 nunquam
554 2391 685 2478 deponit
703 2401 866 2467 ornatum,
886 2392 959 2479 quie
977 2415 1102 2482 semper
1113 2400 1156 2455 est
1168 2386 1238 2450 Pater
1252 2376 1272 2438 in

178 2565 182 2573 ,
294 2495 390 2575 Filio,
402 2499 484 2564 sicut
499 2496 596 2564 Filius
608 2521 734 2586 semper
748 2500 781 2564 in
791 2498 894 2564 Patre.
916 2525 929 2558 ι
943 2501 986 2564 Et
998 2501 1171 2565 vestimentu
1181 2501 1273 2556 suanm

293 2635 306 2668 ι
323 2606 498 2696 disrumpet
512 2607 535 2672 ⁸.
552 2636 565 2668 ι
587 2607 668 2673 Vere
691 2608 745 2674 hie
762 2620 810 2673 est
827 2608 881 2696 qui
899 2611 1086 2676 vestimenta
1106 2631 1155 2674 sua
1171 2593 1275 2668 nondis

293 2718 429 2806 rumpit,
451 2717 508 2782 sed
532 2740 657 2806 semper
675 2741 712 2783 es
732 2717 871 2793 munda,
892 2741 1022 2807 semper
1044 2719 1169 2808 integra,
1191 2721 1277 2791 semper

293 2836 378 2890 ceste
390 2825 535 2891 servavit.
553 2851 567 2885 r
581 2825 621 2890 Et
638 2825 679 2890 ud
693 2849 822 2891 omnem
839 2826 977 2892 unimam
1000 2829 1172 2894 defunctam
1186 2839 1234 2885 non
1245 2813 1277 2876 iu·

294 2960 307 2992 »
322 2933 418 3000 trabit
428 2932 449 2998 ⁷.
465 2962 478 2996 ι
496 2934 577 3013 Qum
592 2945 640 2998 est
654 2933 758 2999 enimn
771 2935 943 3000 defunctui
956 2935 1065 3014 Quem
1080 2945 1217 3002 mortuam
1229 2923 1279 2988 Pru

294 3039 388 3128 phetu
406 3042 480 3107 dicit
498 3067 506 3107 :
527 3067 540 3104 ι
556 3043 670 3110 Anima
686 3065 757 3130 quae
771 3056 894 3130 peccat.
911 3045 976 3132 ipsa
996 3039 1173 3110 morietur&
1185 3065 1195 3097 ι
1206 3033 1280 3115 Super

293 3145 378 3215 hono
389 3169 465 3236 ergo
476 3150 615 3215 animum
629 3160 790 3214 mortuam
803 3149 947 3216 Christus
964 3175 1030 3218 non
1047 3135 1280 3241 superuenitquit

292 3255 444 3344 sepientis
460 3268 521 3332 est,
535 3269 567 3322 et
579 3258 731 3346 sapientie
744 3281 808 3323 non
822 3259 918 3325 intret
930 3261 962 3324 in
974 3261 1112 3326 animam
1124 3245 1278 3323 malevolam-

293 3365 363 3452 lpsa
378 3376 427 3430 est
441 3365 527 3432 enim
540 3379 677 3443 mortun,
691 3367 762 3454 quin
775 3368 826 3433 cui
844 3369 924 3434 inest
939 3369 1058 3436 malitia
1072 3371 1149 3434 inest
1161 3376 1189 3430 et
1201 3373 1293 3450 pecca·¹

293 3484 372 3540 tum.
392 3500 406 3534 ι
423 3473 595 3540 Peccatum
612 3489 719 3540 nutem
736 3499 811 3541 oum
828 3490 1099 3553 consummatum,
1119 3471 1225 3560 inquit,
1238 3462 1292 3527 sue

292 3581 375 3656 trit.
392 3596 522 3671 generat
540 3595 678 3650 mortem
688 3584 709 3649 ⁹.
727 3613 740 3646 ι
761 3587 800 3649 Et
814 3598 946 3674 propter
965 3586 1029 3652 hoo
1042 3586 1134 3652 Jesus
1148 3603 1203 3646 non
1217 3577 1290 3660 intrat

291 3689 332 3756 od
346 3692 486 3760 animem
497 3706 668 3759 mortuam.
684 3693 717 3759 Si
730 3706 837 3760 eutem
851 3695 932 3761 vivat
944 3695 1063 3772 anime,
1076 3695 1136 3760 hoc
1147 3701 1201 3763 est,
1211 3685 1230 3750 si
1240 3695 1289 3746 nor,

298 3883 302 3900 ι
323 3849 416 3900 ¹Ecol.
427 3871 446 3912 r,
462 3869 535 3903 nn-
547 3853 558 3886 ²
569 3855 628 3904 [aer.
643 3870 694 3912 ιιι,
707 3856 799 3904 ris-⁸
810 3857 848 3904 Ρι.
862 3873 912 3914 err,
923 3875 941 3905 ι
955 3867 982 3906 et
998 3857 1022 3905 6.
1038 3885 1061 3895 ·-
1073 3857 1083 3890 ⁴
1096 3857 1153 3903 ber.
1165 3865 1213 3904 ιιι,
1229 3847 1288 3908 ¹⁰³¹!

289 3925 386 3975 ⁵¹C⁰f=
395 3949 430 3993 ιι,
440 3933 464 3980 3.
473 3931 515 3968 ,t
527 3931 585 3978 Les.
596 3947 648 3988 ιιι,
658 3929 742 3978 ιο.--7
755 3931 792 3978 lb.
807 3931 897 3978 ιι.-1
910 3933 1001 3981 Erech.
1014 3909 1287 3992 xr111,4.'-⁹'Jat.¹‚¹5·}
