2748 4596
359 234 530 338 ruxcrunuu
551 295 620 338 issu
648 294 730 338 utun
754 295 827 338 nou.
854 296 883 338 r.
1102 269 1143 334 25

105 453 172 497 rum
198 442 265 507 ost,
293 443 408 520 praeter
435 432 634 520 temetipsum
665 431 859 498 extrinsecus
883 431 961 498 nihil
985 434 1139 520 requiras.

105 541 186 606 lutra
204 551 234 604 te
248 550 298 604 est
313 538 457 627 praelium
472 541 560 627 quod
570 551 715 630 gesturus
729 562 785 606 es:
801 539 990 606 intrinsecus
1002 553 1049 606 cst
1060 538 1143 606 male

106 647 289 723 edificatio,
312 669 383 735 quae
406 647 587 714 subruenda
609 658 656 712 est
676 671 684 712 :
702 647 801 714 hostis
821 647 952 713 tuus'de
970 659 1027 712 tuo
1047 647 1144 713 corde

107 756 257 844 procedit.
280 755 351 822 Nou
370 777 440 820 urea
464 777 525 820 vox
547 757 626 830 istu,
650 755 707 820 sed
729 756 846 821 Christi
869 767 927 821 est.
952 755 1036 822 Audi
1058 755 1144 820 euim

108 866 208 952 ipsum
225 863 384 928 dicentem
401 885 410 928 :
433 889 446 923 a
460 863 508 928 De
525 863 623 928 corde
637 863 725 927 enim
740 863 919 953 procedunt
937 863 1145 951 cogitationes
1222 859 1226 866 ’

3 1017 4 1052 ,
108 970 235 1046 amalae,
261 970 453 1045 homicidia,
478 968 650 1048 adulteria,
673 969 915 1047 fornicationes,
940 969 1043 1046 sorta,
1068 968 1145 1035 salsa

107 1077 325 1153 »testimonia,
344 1075 580 1166 blasphemie&
603 1105 616 1141 a
635 1076 731 1144 Vides
743 1089 879 1165 quantus
894 1087 926 1142 et
942 1076 1041 1166 qualis
1058 1099 1146 1142 exer·

3 1245 4 1248 ,
106 1186 185 1251 citus
199 1184 339 1250 bostium
357 1195 484 1250 tuorum
502 1184 668 1251 adversum
685 1196 717 1249 te
734 1185 775 1250 de
789 1197 845 1250 tuo
862 1185 960 1251 corde
979 1184 1146 1274 procedit?

2 1357 3 1362 ,
106 1293 158 1358 lsti
174 1293 267 1358 nobis
283 1293 385 1381 prima
401 1307 504 1381 strage
522 1292 675 1358 fundendi
694 1303 787 1370 sunt,
806 1293 855 1358 isti
871 1294 972 1381 prima
988 1293 1055 1359 ucie
1070 1315 1146 1381 pro-

64 1439 67 1444 ·
107 1400 276 1466 sternendi.
292 1401 413 1467 Horum
429 1400 454 1465 si
470 1401 624 1466 subruere
635 1401 771 1477 menia,
787 1402 935 1488 ipsosque
947 1400 987 1466 ad
1001 1402 1139 1466 interne·

109 1509 234 1574 cionem
246 1508 365 1574 caedere
380 1508 554 1596 poterimus
568 1509 612 1576 ita
629 1519 740 1574 utnon
758 1507 972 1596 relinquamus
982 1533 1021 1575 ex
1032 1509 1076 1574 eis
1089 1509 1142 1596 qui

109 1617 286 1692 renuntiet,
303 1615 350 1682 rel
373 1618 524 1705 respiret,
539 1617 563 1682 si
575 1618 641 1705 jam
656 1615 761 1682 nullus
776 1639 815 1682 ex
830 1618 866 1683 iis
881 1641 1008 1705 prorsus
1024 1618 1057 1682 in
1073 1640 1144 1682 nos-

108 1725 164 1790 tris
176 1721 417 1813 cogitationibus
430 1725 586 1790 redivivus
597 1725 754 1814 eruperit,
768 1735 844 1790 tuno
857 1726 948 1791 nobis
960 1748 1017 1814 per
1031 1725 1143 1790 desum

108 1833 236 1900 dabitur
252 1830 304 1897 illa
323 1831 472 1921 requies,
492 1844 527 1895 ut
546 1833 760 1919 unusquisque
779 1833 955 1920 requiescet
975 1832 1033 1896 sub
1054 1833 1143 1897 vinea

106 1967 162 2008 sua
179 1953 212 2006 et
228 1941 287 2006 sub
308 1939 374 2005 ficu
396 1963 470 2015 oua,
494 1963 569 2006 cum
589 1941 735 2030 jamnon
758 1940 798 2004 sit
817 1940 870 2028 qui
889 1951 1046 2007 exterreat
1061 1938 1144 2004 filios

107 2049 214 2118 lsrael.

154 2159 211 2223 111.
226 2157 453 2224 Verumtamen
468 2169 632 2226 transeunt
644 2157 816 2224 Jordanem
828 2158 1034 2247 quadraginta
1045 2155 1142 2222 miliia

112 2263 1144 2354 virorumarmatorumuccinctiinconspectuDominiadbellum,
1205 2335 1213 2342 ,

111 2387 147 2466 et
161 2386 238 2440 tunc
249 2374 324 2440 dicit
339 2375 522 2463 Scriptura,
545 2375 641 2464 «quia
650 2375 681 2438 in
698 2374 748 2439 die
765 2371 816 2438 illa
833 2373 979 2439 exaltavit
990 2374 1148 2439 Dominus

109 2483 243 2574 »desum
257 2481 290 2546 in
302 2493 478 2570 conspectu
493 2483 589 2547 totius
601 2482 724 2572 generis
736 2479 874 2546 filiorum
888 2482 901 2545 1
904 2478 983 2546 srael
992 2480 1016 2545 ’.-
1031 2509 1044 2541 »
1068 2481 1149 2545 Fue-

108 2591 151 2656 rit
178 2592 306 2680 quidem
329 2591 387 2656 ista
409 2589 557 2658 exaltatio
574 2589 640 2656 filio
661 2591 767 2666 Nave,
791 2601 826 2654 ut
847 2589 912 2654 dux
934 2587 1041 2677 populi
1065 2586 1148 2652 iliius

108 2700 196 2788 npnd
206 2721 262 2772 eos
277 2722 355 2786 quos
370 2701 519 2788 regebat,
533 2698 720 2787 magnificus
735 2698 927 2763 haberetur:
948 2709 1056 2762 nostor
1076 2717 1150 2761 vero

108 2807 202 2874 Jesus
217 2807 372 2872 Dominus
381 2827 489 2882 meus,
504 2807 568 2872 dux
578 2818 611 2870 et
623 2819 729 2872 rector
740 2803 848 2893 popuii
860 2805 975 2893 hujus,
989 2803 1150 2893 quomodo

108 2915 266 2982 exaltetur
281 2915 313 2979 in
327 2925 498 3002 conspectu
511 2914 614 2978 omnis
625 2913 748 3001 generis
760 2911 899 2977 liliorum
916 2911 1012 2978 lsrael
1025 2961 1035 2988 ,
1048 2913 1150 2977 rideo-

108 3050 193 3093 mus.
212 3027 279 3114 Ego
295 3025 450 3098 arbitror,
462 3023 536 3109 quia
549 3023 614 3111 ipse
629 3045 753 3112 semper
766 3023 850 3110 apud
862 3035 986 3109 patrem
995 3022 1151 3088 exaltatus

108 3144 178 3206 est,
191 3142 224 3195 et
237 3126 389 3194 excelsus.
410 3127 474 3193 Sed
486 3125 548 3192 boc
563 3149 641 3214 opus
656 3139 724 3204 est,
743 3137 778 3189 ut
793 3127 825 3192 in
842 3139 1016 3216 conspectu
1041 3138 1152 3192 nostro

110 3237 229 3304 exaltet
254 3235 344 3302 illurn
366 3237 460 3300 Deus.
486 3232 651 3300 Exultutur
675 3245 783 3300 autem
804 3233 837 3298 in
860 3246 1034 3322 conspectu
1060 3257 1151 3308 meo,

114 3369 191 3411 cum
206 3345 283 3410 mibi
299 3341 474 3410 sublimitas
496 3354 529 3407 et
549 3341 704 3407 celsitudo
723 3340 893 3406 divinitatis
913 3343 983 3428 ejus
1000 3343 1150 3430 aperitur.

115 3457 253 3538 Quando
267 3477 343 3544 ergo
359 3453 436 3518 mibi
453 3450 574 3518 excelsa
594 3453 663 3538 ejus
678 3450 823 3517 divinitas
847 3450 981 3517 revelata
994 3452 1064 3516 esti
1076 3464 1154 3518 tunc

112 3565 256 3655 profecto
267 3585 342 3630 eum
353 3561 525 3626 Jordanem
538 3561 721 3634 transirem,
735 3571 767 3622 et
777 3559 869 3624 variis
880 3574 1152 3627 sacramentorum
1174 3591 1177 3600 ¹

109 3671 319 3740 munimentis
331 3670 437 3733 sutura
452 3691 593 3734 nrmarcr
609 3668 648 3732 ad
664 3666 781 3756 praelin.

155 3780 211 3847 lv.
231 3780 290 3844 «Er
303 3780 495 3852 timuerunt,
509 3776 623 3864 inquit,
636 3775 744 3842 desum
758 3825 766 3850 ,
782 3777 864 3842 sicut
876 3777 1045 3842 timuerent
1060 3775 1151 3866 Moy-

148 3907 261 3966 1ΜειιΙΙι.
278 3927 339 3972 ,xv,
358 3926 397 3973 ¹9·
410 3937 439 3945 —
456 3903 528 3958 ²10⁵.
541 3923 577 3967 rr,
594 3912 631 3968 ¹4·
