2660 4610
354 283 385 330 tn
409 285 571 330 canrrcuu
595 285 799 354 canrrconuu
821 287 882 328 arn.
910 286 932 328 1.
1101 259 1163 344 597

1 442 10 483 ι
118 407 175 497 qui
191 407 398 496 complantati
417 409 547 474 luissent
570 408 774 473 similitudine
790 409 900 473 mortis
923 409 1010 494 ejus,
1032 429 1095 471 non
1111 429 1163 470 so-

2 553 10 559 ·
120 516 190 582 lum
207 527 354 590 vocatos,
371 517 428 580 sed
442 515 560 581 electos
577 507 711 580 loturos,
729 516 952 581 Cinumomum
969 537 1043 579 vero
1055 515 1165 580 imma-

2 659 10 678 η
124 623 268 690 culatum
289 622 425 698 dicitnr,
443 636 573 711 propter
585 623 760 688 Ecclesiam
776 623 842 686 sine
859 622 974 697 dubio,
994 645 1088 708 quam
1104 646 1165 710 pu-

10 776 14 806 ,
126 730 280 797 rilicatam
303 730 428 796 lavacro
444 753 534 817 aquae
551 730 787 796 immaculatam
804 730 896 804 fecit,
914 753 977 793 non
996 729 1166 794 habentem

125 836 303 913 maculam,
320 849 374 903 aut
389 861 520 926 rugam,
538 851 593 903 aut
608 837 725 925 aliquid
740 837 933 923 hujusmodi.
953 835 1017 901 Sed
1032 849 1064 900 et
1079 835 1166 902 cala·
1233 899 1236 904 ,

10 985 16 1025 2
122 963 197 1006 mus
211 942 404 1016 assumitur,
420 943 493 1028 quia
518 940 623 1030 lingua
639 943 708 1029 ejus
724 942 820 1006 etiam
834 953 882 1004 est
897 939 1035 1005 colamus
1053 941 1166 1004 scribas

4 1097 9 1107 .
119 1047 274 1114 velociter
289 1049 476 1124 scribentis,
493 1051 646 1116 doctrinae
667 1050 800 1137 gratiam
816 1048 983 1136 pigmentis
999 1048 1165 1135 designans

118 1157 296 1223 suavitatis.
324 1177 396 1245 ιριως
417 1179 544 1246 quoque
566 1158 686 1245 species
707 1156 876 1221 adhibetur
894 1153 1108 1230 calidissima,
1130 1167 1166 1219 ut

119 1264 223 1329 fertur
245 1276 277 1328 et
299 1265 515 1331 ardentissima
532 1287 540 1328 :
559 1266 591 1329 in
610 1289 672 1352 qua
694 1263 743 1328 vel
764 1263 901 1351 Spiritus
913 1263 1021 1328 Sancti
1041 1263 1164 1336 servor,

11 1423 16 1460 ,
122 1371 292 1438 relicturi
317 1396 374 1460 per
402 1373 507 1460 ignem
536 1373 645 1458 judicii
671 1371 848 1436 ostenditur
870 1371 981 1436 forma.
1009 1371 1165 1439 Numerus

0 1532 14 1562 ἦ
124 1503 200 1545 vero
221 1481 492 1569 quingentorum,
517 1479 566 1545 vel
590 1481 802 1545 ducentorum
825 1479 1054 1567 quinquaginta
1077 1477 1166 1544 siclo-

7 1639 14 1678 ,
125 1611 220 1662 rum,
241 1586 290 1654 vel
313 1589 454 1675 quinque
470 1611 622 1653 sensuum
638 1589 670 1652 in
686 1611 725 1652 eo
746 1588 934 1675 mysterium
955 1597 1166 1652 tenet-centu-

125 1694 250 1783 pliciter
262 1696 496 1784 perlectorum.
510 1694 559 1760 vel
572 1697 788 1761 remissionem
804 1707 1007 1782 peccatorum
1022 1717 1078 1782 per
1089 1717 1164 1762 eum

0 1887 1 1890 Ἴ
121 1803 232 1868 datam
247 1803 402 1891 signifieat
417 1804 704 1892 quinquagenarius
719 1801 847 1868 venialis
859 1801 1098 1890 quintupliciter
1108 1826 1162 1890 po

116 1910 211 1974 situs.
229 1912 293 1978 Sed
309 1910 379 1976 haec
396 1912 500 1976 omnia
516 1909 587 1976 oleo
608 1934 689 1998 puro
705 1908 913 1997 colliguntur,
939 1933 996 1997 per
1014 1909 1101 1997 quod
1115 1932 1163 1974 os

5 2006 10 2008 ‚
118 2018 280 2094 tenditur,
297 2018 345 2084 vel
365 2019 589 2084 misericordiae
605 2017 700 2082 solius
721 2041 816 2082 causa
832 2016 946 2092 fuisse,
967 2016 1052 2104 quod
1068 2018 1093 2081 is
1109 1999 1169 2105 aqui

6 2173 12 2189 ,
118 2138 191 2192 erat
205 2127 237 2190 in
252 2126 353 2192 formu
377 2127 435 2191 Dei
455 2127 588 2191 sormam
608 2127 687 2194 servi
708 2126 899 2214 susceperit,
925 2123 1024 2190 velen
1041 2147 1163 2211 quaeex

7 2283 9 2292 .
119 2233 277 2299 materiali
293 2235 467 2300 substantia
483 2236 516 2298 in
532 2235 659 2299 Christo
680 2233 805 2298 fuerunt
828 2243 1001 2321 assumpta,
1019 2255 1075 2320 per
1095 2233 1163 2320 Spi-

122 2344 219 2408 ritum
231 2344 384 2409 Sanctum
399 2342 527 2407 redacta
542 2343 575 2408 in
591 2365 691 2407 unum
705 2341 814 2416 luisse,
828 2354 921 2429 atque
934 2342 966 2406 in
985 2363 1081 2406 unam
1094 2364 1161 2429 spe-

118 2452 205 2516 ciem
218 2473 288 2538 quae
305 2465 352 2518 est
370 2475 503 2540 persona
515 2452 695 2518 mediatoris
711 2450 834 2515 ellectu.
858 2448 941 2515 lllud
956 2471 1031 2536 ergo
1055 2447 1162 2514 oleum

1 2642 3 2648 y
115 2557 285 2624 materiale
295 2559 383 2624 narllo
395 2583 509 2647 genere
522 2558 628 2624 oleum
641 2557 755 2622 laetitiae
772 2555 920 2645 appellari
939 2558 1052 2645 potuit.
1072 2558 1162 2622 lstud

115 2677 231 2732 autem
242 2664 366 2742 oleum,
383 2667 415 2732 id
426 2679 474 2731 est
493 2667 626 2754 Spiritus
643 2667 751 2730 Sancti
772 2678 988 2752 unguentum,
1006 2688 1069 2751 quo
1086 2688 1161 2729 unc·

2 2769 7 2780 ’
116 2787 174 2838 tus
192 2786 240 2838 est
257 2775 420 2850 Christus,
436 2786 468 2838 et
484 2775 573 2860 cujus
599 2797 684 2838 nunc
705 2772 836 2837 odorem
854 2772 1031 2859 percipiens
1049 2795 1162 2859 sponsa

116 2879 278 2944 admirata
304 2891 370 2954 est,
398 2877 503 2974 oleum
530 2877 663 2953 laetitiae,
688 2877 761 2964 quia
783 2876 904 2940 fructus
932 2876 1066 2963 Spiritus
1090 2899 1164 2962 gau-

115 2986 213 3050 diun'r
227 2997 300 3061 est,
326 2987 440 3052 merito
469 2984 644 3072 appellatur
663 3008 670 3049 :
700 3007 763 3071 quo
778 2985 863 3048 Deus
886 2984 975 3046 unxit
998 3006 1092 3058 eum,
1109 2983 1163 3069 qui

0 3101 4 3114 '
116 3088 234 3154 dilexit
240 3091 393 3176 justitiam
405 3100 438 3154 et
451 3089 523 3154 odio
539 3089 650 3154 hahuit
667 3088 877 3176 iniquitatem.
893 3088 1062 3175 Propterea
1077 3087 1162 3152 enim

14 3185 16 3188 ¹
115 3197 259 3262 diciturt'
284 3197 404 3262 ‹Unxit
426 3219 491 3261 eram
514 3197 670 3261 Dominus
688 3197 772 3258 Deus
794 3219 865 3257 suus
880 3191 950 3257 oleo
969 3191 1082 3258 laetitiae
1097 3215 1161 3282 prae

123 3306 373 3394 »participibus¹
386 3305 481 3370 »suis
493 3306 532 3369 Et
541 3303 612 3368 ideo
624 3303 705 3367 odor
719 3314 953 3390 unguentorum
966 3302 1034 3390 ejus
1046 3315 1093 3366 est
1108 3325 1163 3365 su-

12 3409 15 3416 ’
121 3415 297 3502 peremnia
313 3425 465 3479 aromata.
478 3411 578 3477 Simili
594 3422 701 3474 autem
709 3411 904 3496 expositione
918 3411 1054 3484 utimur,
1067 3411 1162 3474 etiam

117 3522 148 3586 si
171 3521 213 3586 ad
235 3541 489 3608 unamquamque
510 3519 648 3584 animam
668 3519 700 3580 in
724 3539 829 3580 amore
846 3528 878 3580 et
901 3517 1055 3582 desiderio
1077 3517 1161 3579 verbi

1 3627 14 3664 ¹²
115 3629 182 3695 Dei
207 3629 341 3715 positam
369 3626 574 3693 transferatur
599 3624 651 3690 hic
681 3647 809 3696 sermo,
835 3623 1025 3688 calluerint
1052 3644 1161 3686 omnes

112 3737 278 3803 doctrinae
292 3759 349 3823 per
364 3735 509 3802 ordinem
522 3736 681 3807 decursu,
698 3733 858 3819 inquibus
878 3743 950 3796 ante
972 3731 1163 3818 agnitionem

159 3882 168 3916 ¹
180 3880 270 3932 Psalm.
283 3899 345 3942 xcv,
356 3897 380 3948 7.
