2744 4624
254 305 297 368 po
695 301 839 344 onrcnrus

253 418 339 505 quod
350 397 409 484 sibi
422 419 585 484 imminent
597 416 726 483 bellurn.
738 416 842 484 Sentit
853 426 1021 481 venturum
1032 415 1084 502 qui
1096 424 1190 479 exuat
1198 413 1289 501 prin·
1346 410 1348 466 l

254 527 376 614 cipetus
388 529 457 615 ejus
469 539 501 591 et
511 538 693 616 potestates,
706 537 738 591 et
750 548 824 592 cum
836 523 951 592 fiducia
964 522 1138 611 triumphet
1147 523 1243 598 eos¹,
1256 535 1290 590 et

254 635 360 724 alliget
371 637 403 701 in
414 635 500 725 ligno
512 636 615 702 crucis
626 659 700 701 suae.
716 635 815 722 Igitur
827 645 998 700 convocato
1007 633 1092 698 omni
1105 645 1199 722 gente
1209 657 1289 710 sun,
1348 657 1350 750 p

254 746 482 812 circumvenire
500 758 533 811 et
547 745 811 812 circumscribere
834 744 921 831 cupit
940 745 971 808 in
991 743 1162 808 homnibus
1183 743 1289 808 retio-
1349 761 1351 830 p

254 853 392 918 nubilem
403 878 543 930 sensum,
557 855 609 942 qni
621 876 708 920 nunc
723 851 896 942 figuraliter
908 852 1022 917 dicitur
1034 849 1130 918 lsrael
1143 873 1151 915 τ
1165 864 1199 917 et
1210 851 1288 920 ideo
1350 839 1351 916 l

253 955 393 1052 prefecit
405 967 449 1030 eis
461 966 624 1054 magistros
637 985 784 1052 operum,
798 963 851 1051 qui
862 985 917 1026 eos
928 973 1043 1050 cogent
1051 961 1173 1028 discors
1185 985 1288 1048 opera

253 1074 370 1150 curnis,
382 1075 465 1140 sicut
479 1086 512 1138 et
526 1075 560 1140 in
570 1073 701 1140 Psslmis
716 1072 793 1138 dicit
805 1095 815 1137 s
827 1099 840 1132 s
851 1073 893 1138 Et
902 1070 1033 1138 srlmixti
1048 1083 1121 1136 sunt
1132 1073 1287 1158 gentibus

255 1207 268 1245 s
283 1194 316 1247 et
330 1183 509 1248 didicerunt
524 1207 619 1272 opers
635 1181 777 1248 eorum¹.
790 1181 915 1248 »Docet
930 1203 984 1246 eos
999 1192 1032 1246 et
1046 1180 1187 1244 civitates
1204 1180 1282 1246 sedi·
1353 1213 1354 1222 κ

255 1291 351 1358 licere
362 1291 530 1370 Phemoni,
544 1293 683 1369 Phitom,
696 1315 767 1381 quae
783 1292 814 1356 in
829 1302 934 1358 nostru
952 1288 1057 1378 lingua
1076 1287 1234 1377 significet
1249 1313 1286 1355 cs

253 1399 448 1474 dehctionis.
470 1401 517 1467 vel
532 1425 567 1467 os
584 1401 703 1489 abyssis
723 1413 755 1466 et
770 1401 946 1474 Ramesses,
968 1419 1038 1486 quse
1056 1399 1285 1487 interpretetur

157 1595 160 1599 .
253 1509 425 1574 commotio
442 1510 549 1582 tineoes
563 1511 682 1585 Ethon,
695 1511 728 1575 id
741 1523 789 1576 est
801 1507 984 1598 Heliopolis,
996 1531 1066 1596 que
1077 1508 1194 1574 dicitur
1204 1509 1284 1574 ciri-

253 1629 300 1682 tss
311 1617 394 1684 solis.
413 1617 508 1684 Vides
522 1617 630 1706 quales
645 1619 704 1684 sibi
720 1619 861 1684 civitates
876 1618 1024 1685 aerlisrcori
1041 1619 1183 1707 praecipit
1196 1617 1282 1684 Phs·

253 1729 326 1792 rso!
340 1727 398 1803 Os,
410 1725 525 1814 inquit,
543 1727 709 1800 delicienss
725 1727 832 1793 deficit
849 1751 985 1815 numque
1001 1751 1049 1804 os,
1065 1751 1137 1794 cunr
1149 1727 1279 1792 mende-

253 1837 340 1904 cium
354 1836 505 1926 loquitur,
519 1851 551 1904 et
565 1861 581 1902 o
596 1839 726 1904 veritate
738 1840 977 1928 probationibus
992 1838 1111 1903 deficit.
1125 1836 1177 1902 llle
1189 1839 1276 1904 enim

253 1946 293 2010 sb
308 1946 397 2011 initio
413 1946 548 2012 mendax
563 1947 655 2022 tutu,
669 1960 701 2013 et
719 1947 791 2012 ideo
804 1948 883 2012 tales
898 1948 956 2012 sibi
976 1947 1117 2013 civitates
1133 1944 1281 2012 mditicsri

254 2053 330 2119 vult.
346 2053 403 2120 Vel
419 2055 513 2119 etism
528 2079 563 2121 os
576 2057 693 2144 abyssi,
706 2057 777 2144 quir
791 2058 923 2144 abyssus
935 2055 1132 2143 perditionis,
1144 2064 1177 2118 et
1187 2053 1282 2118 inter·

252 2162 315 2227 itus
326 2175 373 2228 est
386 2161 486 2228 locus.
502 2167 542 2229 Et
559 2163 617 2230 ulis
629 2167 700 2252 ejus
714 2165 823 2230 civitas
837 2165 1011 2231 commotio
1028 2164 1119 2228 tinem
1132 2175 1192 2228 est.
1207 2161 1283 2228 Om-

251 2294 308 2338 nes
319 2273 404 2338 enim
415 2274 469 2360 qui
480 2295 554 2338 enm
566 2287 756 2362 sequuntur,
768 2275 813 2340 ibi
822 2285 1015 2362 congregent
1024 2273 1188 2360 thesauros
1196 2295 1283 2346 suos,

253 2375 307 2448 uhi
319 2383 403 2447 tinen
413 2383 614 2457 exterminet,
625 2396 659 2448 et
671 2384 725 2449 ubi
736 2383 820 2448 sures
836 2383 991 2449 effodiunt
1001 2395 1035 2447 et
1049 2383 1204 2448 ferentur.
1220 2381 1283 2446 Sed

251 2499 283 2552 et
298 2489 458 2555 civitatem
470 2489 544 2556 solis
560 2492 719 2556 aerlilicsnt
733 2490 810 2557 lalso
827 2493 968 2568 nomine,
982 2513 1039 2580 pm
1053 2515 1092 2557 eo
1110 2493 1197 2579 quod
1210 2514 1285 2557 con·

251 2599 343 2662 vertit
354 2619 387 2663 se
399 2599 481 2664 sicut
491 2597 621 2688 angelus
638 2598 729 2664 lucis.
749 2601 787 2665 ln
798 2599 846 2664 his
858 2622 934 2688 ergo
946 2601 1110 2688 prevenit,
1123 2600 1156 2664 in
1171 2599 1221 2664 his
1233 2621 1285 2665 oc·

250 2718 346 2792 cupst
365 2719 499 2780 mentes,
522 2730 592 2795 quae
614 2706 655 2770 orl
675 2695 739 2771 hoc
753 2705 843 2774 factm
858 2719 944 2782 sunt,
968 2721 1003 2773 ut
1023 2709 1151 2774 videant
1165 2707 1281 2776 Deum.

250 2807 404 2898 Prospicit
423 2825 528 2877 tamen
549 2813 715 2878 imminere
737 2815 796 2880 sibi
815 2814 949 2892 bollum,
964 2829 997 2882 et
1013 2828 1172 2882 maturum
1195 2817 1285 2905 genti

249 2941 313 2982 sum
328 2919 499 2986 offuturum
516 2923 611 2988 sentit
626 2923 769 2989 exitium.
788 2925 863 2990 ldeo
880 2927 969 3002 dicit,
987 2927 1069 3005 Quia
1087 2949 1165 3015 gens
1187 2925 1285 2994 lsruiil

248 3028 330 3093 vslet
345 3047 520 3118 supernos.
540 3033 668 3098 Utinam
683 3045 716 3098 et
732 3033 771 3098 de
787 3035 878 3100 nobis
895 3036 958 3100 hoc
973 3035 1071 3110 dicat,
1093 3035 1207 3100 sentiat
1226 3058 1285 3100 nos

249 3135 351 3202 velere
367 3159 461 3225 super
473 3143 524 3205 sel
539 3141 711 3219 Quomodo
724 3144 840 3208 sentire
852 3143 913 3208 boc
925 3144 1053 3231 poterit,
1065 3145 1105 3219 si,
1117 3167 1192 3210 cum
1207 3144 1286 3210 mihi

249 3246 454 3333 cogitationes
469 3249 571 3335 injicit
588 3248 698 3325 mules,
708 3263 740 3315 et
753 3253 1029 3340 concupiscentius
1045 3253 1210 3341 pessimus,
1225 3277 1287 3343 ego

248 3369 312 3420 uon
327 3351 510 3439 suscipiam,
522 3353 579 3420 sed
593 3354 697 3442 jaculo
712 3356 783 3443 ejus
799 3357 897 3445 ignito
913 3371 1005 3424 scuto
1020 3359 1094 3425 fidei
1110 3357 1284 3448 repelloms

248 3457 273 3524 si
285 3459 318 3524 in
329 3461 479 3525 omnihus
494 3483 704 3550 quecumque
720 3465 859 3553 suggerit
875 3467 973 3530 menti
985 3490 1077 3542 mem,
1090 3490 1149 3556 ego
1162 3491 1288 3532 memor

249 3567 365 3634 Christi
378 3571 439 3635 mei
452 3571 593 3647 D‘omini,
606 3573 709 3637 ‹licom
724 3596 731 3637 ε
745 3573 853 3642 «Vnde
868 3588 965 3648 retro,
981 3577 1114 3641 Sstunsl
1129 3576 1285 3665 scriptum

250 3705 262 3737 s
276 3679 419 3744 ostenim
433 3701 441 3743 ε
457 3680 630 3745 Dominum
644 3681 746 3747 Deum
763 3695 853 3750 tuum
866 3686 1024 3760 adorabis,
1036 3699 1068 3750 ot
1083 3687 1141 3774 ipsi
1153 3684 1209 3750 soli
1223 3709 1287 3750 ser·

248 3788 338 3853 »vies
348 3786 358 3820 ⁴
369 3787 383 3851 l
396 3787 451 3853 »Si
466 3811 541 3877 ergo
557 3790 625 3856 haec
646 3793 733 3856 omni
749 3793 825 3868 fide,
841 3795 927 3860 omni
948 3796 1122 3861 constantis
1138 3817 1285 3882 egemus,

276 3914 353 3964 ¹001.
369 3934 385 3963 ι.
395 3944 425 3952 -
435 3914 446 3948 ²
457 3914 547 3965 Psalm.
560 3935 609 3976 cvr,
625 3919 665 3966 55.
677 3946 706 3955 —
717 3917 725 3950 ⁵
737 3920 814 3970 Jorrn.
826 3937 880 3982 vrrs,
891 3921 932 3980 ll.
946 3949 976 3960 -
990 3921 999 3954 '¹
1013 3923 1105 3972 blattlr.
1117 3939 1150 3982 rr,
1165 3938 1200 3971 ιο.
