2702 4610
261 360 319 423 150
476 431 479 438 ¹
702 378 845 422 omcenrs

254 495 319 559 sive
338 493 502 582 peccando
524 491 744 578 quaesiverant.
762 493 803 559 Et
818 491 950 558 lortssse
965 507 1052 561 rente
1067 494 1197 582 quidem
1213 494 1299 560 dici-

256 615 308 668 tur
322 602 492 670 redemisse
507 623 565 668 nos
581 602 740 677 Christus,
759 603 814 690 qui
833 603 972 692 pretium
993 605 1092 668 nostri
1108 603 1297 691 sanguinem

256 735 350 779 suum
365 710 463 778 dedil.
483 709 569 790 Quid
585 708 647 778 ule
662 721 768 776 sulem
785 724 892 776 utnon
904 725 1099 778 mercaretur
1109 712 1208 777 etism
1220 713 1293 778 die-

257 820 349 911 hplus
364 818 477 885 dediti
490 820 574 906 Ergo
594 817 638 902 (si
652 819 798 907 videtur)
816 817 969 885 ausculta.
988 820 1217 897 llomicidium,
1235 845 1294 910 pe-

257 930 350 998 cunia
362 926 479 995 diaboli
491 939 549 993 est.
564 925 620 994 llle
637 928 723 996 enim
738 929 778 992 nh
794 928 886 994 initio
901 928 1059 996 homicide
1075 929 1154 996 esth
1174 930 1293 996 Fecisti

257 1035 479 1111 homicidium,
496 1033 612 1100 diaboli
624 1037 793 1123 pecuniam
804 1037 981 1124 suscepisti.
996 1036 1213 1113 Adulterium,
1227 1039 1294 1104 dis·

256 1145 322 1244 hqli
337 1145 473 1234 pecunia
487 1155 545 1210 est.
567 1143 689 1213 Diaboli
705 1146 791 1213 enim
814 1146 845 1212 in
870 1169 909 1212 eo
930 1147 1033 1235 imago
1056 1159 1117 1223 est,
1138 1160 1171 1214 et
1187 1171 1294 1237 snper
1347 1181 1348 1234 q

259 1256 399 1346 scriptio.
415 1255 607 1322 Commisisti
619 1254 825 1333 adulterium,
835 1257 985 1345 accepisti
994 1256 1111 1323 diaboli
1122 1260 1288 1325 numisma.

224 1373 226 1378 ’
257 1363 408 1438 Furium.
424 1363 537 1430 fulsum
551 1365 779 1440 [eslimonium
792 1366 959 1454 rapacitas,
973 1365 1133 1442 violentis,
1146 1366 1215 1434 hmo
1228 1391 1292 1436 om·

260 1475 311 1544 nin
327 1473 444 1541 diuholi
461 1495 575 1540 census
590 1485 650 1548 est,
667 1487 700 1538 et
713 1473 833 1542 diaboli
852 1475 1027 1540 lhesnnrus.
1045 1472 1130 1541 Talis
1141 1477 1227 1541 enim
1242 1501 1291 1564 po-

259 1585 353 1652 cunia
369 1583 408 1648 de
423 1583 493 1670 ejus
508 1593 635 1650 monete
648 1584 801 1668 procedit.
815 1584 884 1650 Huc
896 1584 991 1672 igilur
1001 1585 1134 1672 pecunia
1150 1587 1228 1651 emit
1243 1583 1292 1650 ille

259 1716 338 1780 quos
353 1690 443 1765 emit,
460 1702 492 1756 ct
507 1688 605 1756 elheit
621 1689 679 1756 sihi
695 1715 802 1760 servos
817 1693 996 1780 omnesqui
1015 1693 1057 1758 de
1071 1692 1291 1782 hujuscemodi

261 1825 358 1870 ceusu
374 1800 444 1887 ejus
459 1797 786 1888 quantulumcumque
802 1800 1009 1888 susceperint.
1028 1800 1143 1868 Verum
1157 1825 1212 1890 ego
1230 1825 1286 1868 ve·

263 1934 336 1976 reor
350 1932 391 1974 ne
405 1909 503 1974 etism
518 1906 638 1996 uliquos
654 1909 694 1973 de
707 1911 895 1983 astantibus.
909 1933 988 1997 quos
999 1911 1171 1986 noscimus,
1185 1911 1292 1978 diaho

262 2018 311 2085 lus
328 2029 489 2084 mercetur
506 2015 644 2094 occulte,
667 2039 708 2084 ne
724 2017 820 2085 etism
837 2016 994 2106 sliquibus
1011 2031 1193 2084 nostrorum
1210 2019 1293 2085 hune

264 2129 446 2219 pecuniam,
462 2151 559 2216 quem
570 2152 663 2217 supre
679 2129 949 2204 enumeravimus,
964 2124 1099 2217 ingeret:
1113 2129 1293 2197 1111εοί1111-

145 2245 153 2253 '
264 2236 310 2302 los
332 2257 459 2300 rursum
480 2257 566 2309 suos,
585 2246 617 2299 et
633 2259 759 2327 rursum
781 2258 840 2322 pro
859 2235 904 2302 eis
926 2235 1049 2302 unuln
1071 2237 1244 2314 servitutis,
1266 2251 1296 2303 et

265 2345 388 2434 pecenli
404 2343 651 2433 chirographum
666 2345 797 2420 serihnt.
814 2357 908 2432 utque
931 2345 1109 2412 immisceat
1130 2349 1224 2412 serris
1239 2349 1297 2413 Dei

266 2477 320 2521 eos
336 2477 414 2543 quos
429 2453 552 2542 peccati
563 2454 667 2542 pretio
681 2454 740 2522 sihi
756 2454 867 2520 lecerit
882 2477 998 2522 servos.
1013 2453 1103 2520 Solet
1113 2457 1203 2528 enim,
1218 2457 1295 2543 quie

266 2565 413 2630 inimicus
427 2562 524 2630 homo
536 2573 596 2634 esi,
615 2561 720 2628 lrilieo
732 2563 864 2630 miscere
876 2562 1007 2629 sirenis.
1021 2563 1060 2628 111
1074 2577 1177 2629 lamen
1188 2564 1213 2628 si
1226 2564 1299 2652 quis

268 2674 348 2740 forle
364 2672 588 2760 hujuscemodi
603 2670 770 2759 pecuniam
793 2694 811 2736 a
834 2671 960 2738 diabolo
983 2673 1137 2761 deceptus
1162 2675 1298 2763 accepit,

267 2807 334 2850 non
346 2803 570 2869 usquequaque
583 2781 728 2870 desperet
741 2801 750 2846 s
765 2782 945 2848 misericors
958 2784 1043 2849 enim
1059 2795 1108 2849 est
1122 2795 1155 2848 el
1170 2784 1299 2851 misere-

269 2905 319 2958 lor
329 2891 496 2968 Dominus,
506 2903 538 2956 el
549 2902 703 2957 creaturas
714 2915 779 2958 sure
791 2914 854 2958 non
865 2891 930 2956 vult
942 2906 1092 2968 mortem,
1106 2893 1162 2960 sed
1176 2906 1212 2958 ut
1225 2917 1302 2960 con-

270 3010 412 3065 vertnsur
424 3009 458 3064 el
471 2997 587 3064 virw-
605 2997 805 3075 Poenilendo,
823 2998 943 3076 llendo,
959 3001 1180 3068 satisfaciendo
1202 3003 1305 3076 delent

158 3089 161 3094 ⁵
271 3106 357 3196 quod
373 3105 545 3174 admissum
560 3117 617 3172 est.
633 3107 718 3173 Dicit
732 3108 817 3174 enim
830 3109 1001 3196 Propheta,
1017 3111 1090 3200 quis
1106 3111 1158 3176 «si
1175 3135 1307 3202 conver

272 3248 285 3277 ι
300 3240 352 3282 sus
370 3217 572 3305 ingemueris,
589 3229 666 3282 lunc
681 3216 785 3283 salvus
798 3219 891 3284 eris⁸.
905 3219 1024 3286 »Paulo
1040 3215 1133 3288 lelius
1147 3225 1305 3312 progressi

272 3349 396 3398 sumus,
420 3326 496 3390 dum
512 3323 657 3391 volumus
682 3349 841 3415 exponere
863 3330 1024 3415 quomodo
1047 3331 1131 3396 Deus
1158 3355 1230 3419 quc
1254 3355 1307 3398 sus

273 3447 347 3502 sunt
360 3435 485 3500 dieetm
500 3435 676 3520 roquirere,
692 3448 725 3500 el
739 3435 896 3500 redimere
912 3437 1056 3504 Christus
1072 3441 1226 3528 sanguine
1239 3464 1310 3530 pse·

273 3537 367 3620 lioso,
380 3565 459 3630 quos
474 3553 594 3608 emes-nl
610 3542 753 3610 dinholus
768 3543 819 3610 vili
834 3548 982 3628 mercede
997 3550 1129 3636 peccari.

305 3653 362 3724 ,X.
383 3679 396 3712 s
415 3651 572 3720 inducens
592 3651 696 3742 planln
716 3677 770 3718 eos
787 3655 819 3719 in
836 3669 944 3722 ruente
965 3657 1155 3725 haercdilntis
1172 3674 1235 3726 tusc
1249 3661 1271 3726 ⁴.
1293 3690 1306 3724 s

275 3763 345 3839 Non
362 3759 428 3828 vult
444 3784 502 3827 nos
519 3761 603 3828 lleus
617 3761 649 3828 in
664 3761 803 3851 AEgypto
824 3761 979 3852 plsnlure,
1003 3791 1063 3834 nec
1080 3769 1111 3833 in
1128 3768 1266 3856 dejectis
1281 3784 1313 3833 rr

275 3872 306 3936 in
319 3868 492 3936 humilibus
503 3868 598 3944 locis;
613 3871 668 3935 sed
687 3871 719 3936 in
731 3885 839 3937 monte
852 3873 1042 3942 haereditatis
1058 3901 1122 3944 suae
1139 3877 1208 3944 vult
1223 3878 1313 3968 plnn·
1342 3935 1346 3946 .

286 3973 402 4047 1110111.
415 4015 468 4057 vus,
478 3999 519 4057 11.
529 4025 557 4037 -
568 3997 680 4048 ²lizeuh.
694 4017 781 4060 xxxin,
792 4018 798 4050 ι
808 4020 865 4051 1.-
876 4003 885 4036 ³
898 4004 931 4053 ls.
947 4019 1002 4063 xer,
1013 4021 1052 4054 nn.
1062 4005 1110 4042 -l
1123 4005 1206 4056 Exod.
1219 4023 1260 4066 xe,
1275 4023 1312 4071 ¹7·
