2692 4610
383 259 415 300 us
440 256 614 322 savrrrcqu
636 257 763 300 neurus
789 257 817 297 x.
911 273 918 285 ·
1056 234 1114 296 251

83 373 231 460 requiras,
251 372 325 458 quis
342 373 382 436 sit
397 374 453 458 qui
471 373 555 437 hunc
571 372 700 437 hircum
709 371 856 458 perduxit
867 369 899 434 in
910 388 1067 441 eremum,
1082 379 1116 431 ut

78 485 230 568 probetur
241 472 274 546 in
286 505 326 546 eo
342 483 441 548 ctiam
456 480 541 569 quod
556 479 638 545 lotus
652 480 692 545 sit
703 478 884 548 otmundus
895 476 1044 550 effectum
1060 499 1115 564 po·
1181 464 1185 477 l

77 605 139 657 test
154 589 276 655 Pilatus
290 591 357 676 ipse
372 591 475 677 accipi
493 590 590 654 homo
600 601 741 676 paratus.
761 587 865 653 ludex
880 587 997 675 quippe
1013 586 1114 673 gentis

81 699 183 785 ipsius
193 709 273 771 erat,
283 699 334 784 qui
345 720 424 761 eum
434 721 491 784 per
502 698 690 762 sententiam
703 695 904 761 suamemisit
915 695 1116 758 ineremum,

82 805 169 872 Audi
181 817 286 871 autam
297 805 461 893 quomodo
474 804 557 871 lotus
572 806 612 870 sit
626 817 659 870 et
672 805 811 870 mundus
822 803 964 869 ell'cctus.
980 802 1062 866 Cum
1075 801 1115 866 ad

81 911 234 1000 populum
248 912 389 978 diceret:
404 910 530 1000 «Vultis
545 912 701 977 dimittam
716 912 805 976 vohis
821 910 943 985 Jesum,
960 910 1014 996 qui
1034 908 1115 974 dici-

83 1049 97 1082 ι
113 1032 164 1085 tur
178 1019 369 1086 Christus¹l
386 1051 399 1081 ι
414 1032 446 1085 et
467 1019 672 1104 acclamasset
692 1020 794 1084 omnis
812 1017 961 1107 populus,
983 1017 1112 1082 dicens:

88 1127 145 1194 «si
159 1130 250 1196 hunc
265 1129 412 1204 dimittis,
429 1151 494 1194 non
509 1151 543 1193 es
559 1129 679 1195 amicus
696 1127 846 1194 Caesaris²
860 1152 867 1192 :
880 1141 980 1193 »tuuc
999 1147 1115 1213 popos-

75 1239 131 1313 cit,
150 1239 272 1325 inquit,
287 1236 406 1304 Pilatus
427 1259 554 1325 aquam,
571 1251 604 1304 ct
622 1237 698 1303 lavit
719 1260 832 1304 munus
847 1260 917 1302 suas
932 1259 1040 1302 coram
1056 1260 1114 1323 po-

76 1345 166 1434 pulo,
182 1347 293 1411 diceus
313 1369 321 1410 ε
342 1345 505 1412 :Mundus
521 1370 579 1434 ego
598 1369 703 1412 suma
720 1347 872 1434 sanguine
892 1347 975 1432 ejus,
996 1367 1050 1409 vos
1076 1347 1105 1409 vi

82 1452 254 1518 »desitis⁸.
273 1481 287 1513 ι
303 1453 353 1518 Sic
373 1476 450 1541 ergo
471 1453 630 1544 videbitur
645 1454 716 1519 lotis
732 1454 879 1518 manibus
897 1452 960 1516 auis
978 1452 1116 1516 mundus

82 1560 228 1626 effectus.
244 1561 354 1627 Nostra
365 1563 475 1651 igitur,
490 1563 522 1626 id
538 1575 598 1637 est,
615 1563 669 1650 qui
685 1586 749 1628 non
765 1563 886 1653 umlhroe
898 1575 931 1626 et
945 1558 1115 1647 exemplari

82 1670 249 1742 servimus,
265 1669 320 1733 scd
337 1670 472 1744 veritati,
490 1669 560 1735 haec
578 1681 627 1734 est
645 1669 874 1758 propitiationis
897 1669 976 1742 dies,
1000 1669 1032 1732 in
1054 1690 1115 1754 qua
1139 1667 1144 1675 “

75 1777 147 1843 data
163 1789 212 1842 est
227 1778 322 1842 nohis
344 1778 486 1843 remissio
506 1789 725 1874 pcccatorum,
742 1802 815 1844 curn
838 1777 953 1866 pascha
971 1789 1116 1842 nostrum

74 1886 259 1952 immolatus
280 1899 328 1951 est
348 1887 525 1952 Christus⁴.
546 1889 716 1967 Quomodo
739 1887 814 1977 ergo
837 1891 961 1977 cognita
984 1888 1135 1954 veritato

72 1997 300 2062 convertimur
318 1996 435 2060 iterum
457 1997 498 2061 ad
518 1995 642 2062 infirma
662 2009 696 2062 ot
720 2020 818 2084 egena
838 1995 994 2061 elementa
1016 1996 1113 2083 hujus

74 2105 204 2178 muudi,
222 2105 338 2191 quibus
362 2128 471 2169 rursus
492 2130 510 2170 a
534 2106 637 2192 cupite
655 2105 772 2170 servire
795 2102 900 2178 vultis,
917 2105 982 2169 dies
1004 2105 1114 2168 ohser-

77 2225 207 2284 vautes,
229 2225 261 2276 et
275 2235 409 2288 menses,
430 2226 463 2278 et
478 2226 634 2302 tempora,
653 2225 686 2278 at
708 2214 830 2278 annos?
851 2213 932 2279 Audi
955 2213 1117 2300 quomodo

76 2318 177 2382 etiam
190 2317 345 2404 Propheta
357 2321 543 2406 hujusmodi
555 2321 711 2407 jejunium
724 2321 856 2407 respuit,
868 2332 900 2383 ct
912 2321 1006 2385 dicit:
1019 2347 1032 2380 a
1045 2321 1116 2386 Nou

73 2427 166 2492 »hoc
180 2427 344 2514 jejunium
360 2427 454 2516 elegi,
468 2429 544 2493 dicit
559 2429 728 2500 Dominus,
746 2449 849 2514 neque
865 2428 948 2492 diem
965 2437 1000 2490 ut
1015 2428 1117 2493 humi·

71 2534 153 2601 »liet
170 2536 278 2600 homo
292 2537 431 2601 animam
446 2534 570 2600 suam‘.
583 2534 653 2598 »Tu
670 2537 693 2600 si
710 2535 755 2599 vis
772 2536 916 2622 jejunare
938 2534 1117 2600 secundum

70 2644 247 2710 Christum
270 2655 304 2708 et
324 2641 491 2709 humiliare
513 2645 652 2708 animam
674 2657 775 2718 tuum,
794 2667 889 2708 omno
911 2644 968 2708 tihi
990 2655 1116 2730 tempus

67 2765 180 2842 aptum
200 2765 254 2818 est
272 2753 372 2816 totius
387 2753 462 2820 anui
485 2775 492 2816 :
511 2753 574 2816 imo
591 2754 687 2818 totius
702 2737 773 2817 vitm
787 2766 848 2818 tuae
864 2754 929 2818 dies
944 2753 1060 2818 habeto
1075 2753 1117 2818 ad

67 2859 312 2926 humiliandam
334 2859 472 2925 animam
487 2872 589 2936 tuam,
611 2861 636 2926 si
653 2873 759 2926 tamen
781 2861 919 2927 didicisti
940 2885 958 2926 a
979 2863 1115 2928 Domino

68 2969 244 3038 salvatore
262 2979 384 3045 nostro,
399 2971 471 3058 quia
483 2969 567 3034 mitis
583 2981 631 3034 est
644 2982 676 3034 et
691 2970 818 3036 humilis
834 2969 961 3036 cordc⁰.
977 2971 1117 3049 Quando

68 3102 140 3169 ergo
155 3101 233 3144 non
249 3078 370 3142 esttibi
386 3073 610 3142 humiliationis
626 3077 704 3152 dies,
718 3079 771 3167 qui
784 3078 945 3144 Christum
961 3081 1114 3167 sequeris,

69 3190 122 3276 qni
133 3201 188 3254 est
201 3183 337 3252 humilis
352 3184 463 3259 corde,
478 3196 510 3250 et
524 3184 709 3250 humilitatis
724 3187 893 3273 magister?
906 3186 954 3250 Tu
971 3185 1075 3275 itaque
1090 3191 1116 3253 si

72 3296 116 3359 ria
127 3296 297 3382 jejunare,
309 3292 421 3378 jejuna
437 3291 613 3356 secuudum
624 3305 819 3380 praeceptum
834 3293 1006 3382 Evangelii,
1018 3306 1050 3359 et
1061 3297 1117 3360 oh·
1202 3315 1208 3324 ·

77 3425 163 3468 serva
185 3403 221 3467 in
243 3399 379 3488 jejuniis
401 3399 604 3488 Evangelicas
626 3399 722 3490 leges,
746 3403 777 3466 in
801 3404 915 3490 quihus
934 3405 997 3470 hoc
1019 3408 1115 3473 modo

77 3507 219 3574 Salvator
232 3509 276 3579 de
291 3509 425 3596 jejuniis
445 3509 576 3574 mandat
594 3532 601 3574 :
621 3509 696 3574 «Tu
718 3521 824 3576 autem
840 3513 865 3576 si
879 3513 1016 3600 jejunas,
1032 3539 1116 3604 unge

74 3632 197 3708 noaput
211 3629 323 3692 tuum,
336 3628 370 3681 et
380 3616 496 3682 faciem
508 3629 595 3682 tuam
607 3616 674 3684 lava
685 3617 706 3684 ⁷.
722 3648 734 3682 s
746 3620 841 3699 Quod
852 3620 878 3684 si
889 3623 1022 3709 requiris
1038 3614 1115 3708 quo-

101 3771 110 3804 ¹
124 3772 204 3820 Mare.
217 3787 261 3828 xv,
273 3787 300 3834 9.
311 3767 449 3818 -²Joan.
463 3785 516 3828 rra,
528 3786 566 3818 ra.
585 3799 615 3809 -
627 3771 637 3804 ⁸
650 3773 741 3820 statut.
752 3789 832 3832 usn,
845 3772 882 3830 ad.
897 3801 927 3812 —-
940 3773 949 3804 l
964 3790 970 3821 r
983 3775 1042 3822 Cor.
1054 3790 1076 3829 r,
1091 3792 1121 3842 f.

68 3845 120 3882 -⁵
137 3845 198 3894 lsai.
212 3861 286 3902 artri,
302 3845 327 3893 5.
345 3871 376 3882 -
388 3843 398 3876 ⁸
410 3843 503 3893 Matth.
516 3859 550 3904 ιι,
566 3861 637 3907 ²9.-
647 3845 656 3877 ⁷
668 3845 751 3906 ldenr,
764 3861 799 3903 rr,
811 3862 848 3914 17.
