2644 4612
298 240 330 284 ra
355 238 516 284 caurrcuu
541 236 744 282 csurrcoauu
766 238 827 282 nra.
855 241 902 284 ιιι.
1055 225 1118 309 497

102 381 184 426 amca
194 367 223 424 et
232 353 315 422 salus
325 378 397 422 mea
414 379 421 420 :
435 375 532 444 quem
545 353 682 421 timebo¹
695 354 729 420 Ρ»
739 355 802 423 Sed
814 369 847 422 et
858 355 916 424 alia
931 357 1035 425 anima
1047 383 1121 450 erga

99 487 228 531 amorem
242 462 368 551 justitie
383 463 452 550 ejus
471 461 613 537 fervens,
629 472 662 526 et
676 461 946 550 dispensationum
961 487 999 531 ac
1013 467 1122 554 provi-

102 571 280 660 deutieejus
291 570 444 657 justitiam
460 582 632 646 contuens,
650 569 727 634 dicit
738 570 805 636 siue
816 571 933 647 dubio,
951 572 1122 642 vulnerate

103 681 216 767 justitie
229 701 287 768 ego
306 701 388 744 sum.
406 679 446 742 Et
462 676 521 744 elia
541 677 689 744 bonitatis
703 678 772 766 ejus
788 701 827 744 ac
845 680 969 768 pietatis
983 682 1123 749 immen-

100 788 212 854 sitatem
232 785 402 875 respiciens
418 781 530 851 similia
551 783 703 873 loquitur.
722 785 786 852 Sed
801 785 964 853 ethorum
980 790 1124 858 omilium

100 893 231 985 generale
243 905 290 958 est
305 894 390 960 istud
399 892 561 963 charitatis
575 891 704 968 vulnus,
716 917 779 981 quo
794 917 827 962 se
840 893 1036 964 vulneratam
1046 923 1126 988 prae·

99 1003 174 1070 dicat
187 1025 310 1092 sponsa.
326 1001 498 1069 Sciendum
511 1012 619 1066 tamen
632 1013 699 1076 est,
716 1001 801 1088 quod
812 1003 894 1068 sicut
908 1017 982 1070 sunt
994 1007 1052 1072 ista
1063 1008 1122 1074 Dei

95 1110 209 1199 jacula,
229 1135 300 1199 quae
324 1109 436 1177 auimae
458 1110 588 1177 habenti
608 1108 800 1176 desiderium
826 1113 986 1180 bonorum
1016 1114 1124 1183 salutis

96 1217 199 1286 vulnus
214 1214 362 1307 infligunt
384 1241 391 1285 ε
410 1219 545 1304 ita'sunt
559 1228 590 1282 et
605 1214 709 1306 jacula
729 1215 859 1307 maligni
872 1219 987 1308 ignita,
1007 1224 1123 1311 quibus

95 1326 191 1392 amma
204 1350 278 1416 quae
288 1337 413 1393 nonest
428 1337 519 1392 scuto
534 1325 609 1391 lidei
621 1337 784 1414 protecta,
799 1325 983 1396 vulneratur
994 1331 1026 1396 iu
1041 1353 1126 1398 mor-

92 1444 162 1500 tema
174 1434 221 1500 De
234 1434 309 1523 ipsis
325 1434 401 1500 dicit
412 1433 569 1521 Propheta
582 1455 590 1498 t
603 1460 616 1491 ι
627 1434 712 1499 Ecce
722 1447 905 1522 peccatores
921 1436 1126 1506 intenderunt

93 1566 219 1610 »arcum
232 1553 443 1630 ‚paraverunt
455 1541 581 1629 sagittas
597 1562 668 1607 suas
683 1541 714 1606 in
727 1535 875 1630 pbaretra
890 1567 965 1620 sua,
982 1557 1017 1610 ut
1028 1548 1125 1635 sagita

37 1675 38 1678 ¹
93 1661 179 1714 stent
192 1651 224 1716 in
241 1649 379 1715 obscuro
390 1660 493 1716 rectos
506 1646 634 1714 eorde&-
651 1648 732 1714 »Hic
746 1662 929 1737 peccatores
942 1651 981 1717 de
995 1652 1123 1722 occulto

95 1757 270 1845 sagittantes
285 1757 444 1823 daemones
465 1753 636 1822 invisibiles
651 1756 744 1832 dicit,
765 1769 798 1822 et
812 1758 960 1846 ipsisunt
970 1759 1124 1828 babentes

89 1866 234 1951 quaedam
257 1864 360 1952 jacula
379 1863 594 1930 fornicationis
605 1907 615 1939 ,
638 1861 699 1930 alia
720 1865 899 1953 cupiditatis
917 1879 950 1932 et
969 1870 1123 1946 avaritie,

87 1973 203 2059 quibus
212 1971 436 2060 quamplurimi
449 1969 666 2037 vulnerantem
681 1972 806 2039 Habent
821 1975 1044 2066 etiamspicula
1056 1980 1125 2066 jac-

84 2080 195 2145 tantiae
216 2090 249 2142 et
264 2101 351 2144 vanae
366 2076 472 2166 gloriae
490 2100 498 2141 a
514 2077 572 2142 sed
589 2077 648 2142 ista
669 2077 756 2142 valde
776 2080 903 2146 subtilia
921 2096 1012 2158 sunta
1029 2086 1071 2152 ita
1089 2100 1123 2152 ut

81 2184 247 2252 confixam
268 2207 301 2250 so
318 2185 422 2250 anima
441 2185 479 2250 ab
496 2183 541 2249 eis
559 2183 793 2271 sauciatamque
810 2187 860 2250 vix
876 2190 1006 2265 sentiat,
1023 2193 1122 2258 nisisi

79 2292 197 2356 induta
214 2301 263 2354 est
279 2289 374 2356 armis
391 2288 470 2362 Dei,
487 2298 519 2351 et
534 2298 595 2352 stat
608 2285 738 2375 vigilans
754 2299 787 2364 et
801 2289 973 2357 immobilis
987 2318 1060 2382 erga
1072 2319 1124 2362 as-

78 2400 179 2464 tutias
193 2396 311 2463 diaboli
323 2447 332 2474 ,
345 2407 436 2462 scuto
448 2394 648 2482 semetipsam
661 2393 735 2460 srdei
746 2418 803 2484 per
814 2398 920 2496 omnia
932 2411 1103 2491 contegens
1111 2407 1124 2482 ,’

75 2519 108 2572 et
124 2505 251 2572 nullam
269 2527 398 2593 prorsus
414 2503 556 2591 corporis
571 2514 694 2591 partem
713 2503 776 2569 fide
793 2505 912 2572 nudam
927 2505 1116 2597 relinquens.

73 2615 351 2699 Quantacumque
370 2623 477 2677 autem
494 2611 653 2680 demones
669 2610 801 2678 feceriut
820 2611 902 2690 tela,
918 2615 943 2680 si
958 2616 1119 2688 inveniant

70 2735 224 2788 mentem
252 2719 390 2785 bominis
419 2717 482 2784 lide
513 2718 687 2794 munitam,
710 2719 832 2786 etiamsi
855 2721 972 2790 luerint
1000 2726 1116 2814 ignita,

67 2830 204 2896 etiamsi
221 2828 433 2917 cupiditatum
445 2825 580 2892 llammis
595 2838 628 2891 et
639 2826 793 2893 incendiis
804 2829 935 2896 ardeant
946 2834 1113 2916 vitiorum,

68 2939 155 3004 [ides
171 2936 270 3027 plena
285 2946 402 3002 cuncta
418 2933 593 3022 restinguit.

120 3075 134 3108 a
150 3047 248 3112 Laeva
267 3045 336 3131 ejus
351 3042 410 3106 sub
428 3041 530 3129 capite
543 3063 635 3116 meo,
652 3053 684 3106 et
696 3042 805 3108 dextra
821 3043 890 3131 ejus
906 3043 1114 3138 amplectetur

62 3154 185 3220 »me³.
208 3149 413 3238 ’Descriptio
432 3159 479 3214 est
501 3148 629 3235 quidem
652 3151 795 3216 amatorii
816 3151 964 3222 dramatis
990 3183 1111 3249 sponsae

59 3257 252 3324 festinantis
268 3255 309 3320 ad
328 3252 526 3320 connubium
545 3253 670 3340 sponsi,
687 3253 773 3318 velut
787 3266 892 3322 tamen
909 3261 1002 3348 paulo
1019 3290 1112 3354 aper.

61 3363 211 3428 tioribus
223 3361 364 3449 corporis
381 3355 643 3447 appellationibus
658 3359 767 3422 currit.
782 3360 846 3425 Sed
857 3380 1005 3432 converte
1017 3381 1110 3436 teve·

55 3471 173 3537 locius
192 3469 233 3536 ad
248 3467 393 3556 spiritum
407 3463 620 3531 vivificantem
631 3513 640 3538 ,
652 3476 685 3528 et
704 3465 860 3554 refugiens
884 3471 1107 3560 appellationes

49 3599 259 3668 corporeas,
280 3598 353 3639 vere
373 3571 518 3662 perspice
539 3571 662 3659 quaesit
681 3573 768 3638 verbi
787 3573 845 3640 Dei
867 3573 958 3655 lava,
976 3605 1045 3669 quae
1068 3589 1109 3652 sit

49 3689 202 3760 dextra,
219 3681 304 3770 quod
319 3681 413 3746 etiam
429 3691 527 3768 caput
541 3701 663 3767 sponsae
673 3679 760 3767 ejus,
777 3682 888 3750 animae
902 3685 1023 3755 scilicet
1037 3716 1108 3780 per-

89 3837 99 3869 ¹
117 3835 301 3886 Psalmxxvrv
312 3868 320 3895 ‚
332 3848 355 3882 1.
368 3859 400 3869 -
412 3825 560 3890 ¹1d.11,2.
572 3855 600 3866 -
615 3827 706 3882 ’Cant
716 3849 736 3880 ιι
747 3833 787 3895 ,6.

185 3945 213 3986 x.
955 3919 995 3986 δι
