2744 4600
292 293 356 360 loa
735 307 878 384 onroprrs

292 427 404 514 dignus
424 448 478 492 ero
493 425 548 513 qui
562 423 694 490 offeram
708 424 776 489 Deo
792 445 934 488 munera.
950 448 973 493 ,ι
987 421 1092 488 Omne
1111 445 1163 488 vas
1175 447 1303 500 auream,

290 565 304 600 ι
323 548 482 621 torquem,
496 533 611 619 inquit,
623 545 677 598 aut
689 533 844 608 viriolem,
858 542 913 597 aut
923 531 1089 607 annulum,
1100 546 1157 598 aut
1166 534 1303 608 dextrale,

292 670 307 706 a
325 655 380 707 aut
391 639 571 706 catenulam
583 639 606 705 ¹.
622 668 635 701 r
653 639 788 728 Torquis
801 651 1025 705 ornamentum
1039 641 1200 728 'sapientiae
1210 656 1264 706 est.
1277 644 1305 708 ln

292 749 469 816 Proverbiis
486 748 572 814 enim
591 749 630 814 de
649 749 801 836 sapientie
824 749 954 824 dicitur,
973 750 1059 836 quod
1075 751 1127 837 qui
1145 753 1307 838 acquisierit

293 877 377 930 eam,
393 867 538 942 torquem
551 879 678 922 auream
691 869 787 944 ponat
798 857 883 922 circe
893 856 1011 924 collum
1023 859 1147 924 suum².
1157 858 1268 926 Viriola
1280 875 1305 926 et

293 965 441 1042 annulus,
460 980 645 1032 ornamenta
659 980 910 1041 santonorum,
927 967 960 1032 ia
981 968 1096 1055 quibus
1113 991 1245 1057 operum
1261 972 1308 1060 sig·

293 1086 410 1141 nentur
425 1075 551 1140 indicia.
570 1073 723 1140 Similiter
737 1087 770 1140 et
785 1074 935 1141 dextrale.
954 1075 1116 1142 Catenulre
1136 1101 1210 1143 vero
1234 1082 1310 1146 verbi

292 1197 325 1252 et
347 1185 499 1251 doctrinae
520 1185 734 1250 connexiones
761 1183 934 1250 declarent.
966 1211 978 1245 ι
1004 1187 1053 1252 Ad
1075 1188 1310 1275 propitiandum,

291 1323 305 1358 s
325 1294 448 1379 inquit,
467 1293 571 1358 Deum
590 1315 649 1380 pro
665 1293 756 1359 nobis
773 1292 796 1357 ¹.
819 1322 831 1356 s
856 1293 889 1359 Si
907 1295 1048 1361 dicamus
1064 1309 1196 1385 propter
1210 1321 1310 1362 aurum

290 1405 395 1470 Deum
416 1401 588 1490 propitiam
614 1400 682 1465 lieri
708 1401 904 1477 homiuibus,
929 1403 999 1468 vide
1022 1427 1118 1491 quem
1134 1406 1309 1480 absurdum,

291 1511 358 1576 imo
375 1533 471 1597 quam
487 1508 621 1596 impium
635 1509 807 1596 judicetur.
823 1510 891 1574 llec
903 1511 988 1576 enim
999 1511 1095 1576 etiam
1111 1513 1145 1577 in
1160 1513 1312 1581 virobono

293 1616 433 1686 notabile
451 1617 591 1692 ducitur,
606 1617 631 1682 si
647 1629 779 1704 eccepto
794 1641 872 1682 auro
888 1621 928 1684 ab
940 1619 1141 1686 inferioribus
1155 1622 1311 1710 placetur:

292 1741 411 1817 quanto
423 1750 499 1815 ergo
509 1729 608 1816 magis
622 1728 690 1792 haec
703 1725 742 1792 de
753 1727 821 1792 Deo
836 1728 952 1794 sentire
966 1752 1031 1794 non
1046 1734 1218 1796 convenit!
1235 1734 1315 1802 Unrle

291 1851 370 1927 pato
387 1838 587 1925 expositionis
602 1838 698 1924 hujus
715 1835 936 1903 ecclesiastice
953 1838 1051 1926 magis
1067 1853 1213 1905 constare
1230 1844 1318 1908 ratio·

291 1969 379 2022 nem,
400 1971 469 2034 quae
480 1971 537 2036 per
549 1947 617 2013 auri
630 1948 750 2035 species
761 1946 893 2011 indicari
910 1947 1002 2012 docet
1021 1949 1119 2013 animi
1134 1951 1316 2026 virtutes,et

290 2059 448 2123 honorum
463 2078 597 2145 operum
611 2068 711 2144 gesta,
725 2078 795 2142 quae
809 2053 875 2121 sola
891 2055 996 2121 ollerri
1008 2055 1076 2122 Deo
1087 2060 1129 2123 ab
1140 2058 1317 2127 hominihus

291 2166 422 2255 dignum
441 2178 502 2241 cst,
522 2176 554 2230 et
571 2189 630 2254 pro
646 2166 761 2253 quibus
783 2163 856 2229 solis
871 2165 1043 2253 propitium
1058 2165 1127 2231 lieri
1143 2169 1248 2235 Deum
1262 2170 1318 2234 lto-

289 2279 428 2344 minibus
445 2276 546 2341 decet.
570 2302 582 2335 ι
599 2277 639 2340 Et
657 2275 792 2363 accepit,
809 2277 932 2360 inquis,
952 2273 1075 2362 Moyses
1090 2289 1123 2342 et
1134 2277 1320 2345 Eleazarsr

289 2415 302 2450 ι
318 2387 430 2454 cordos
453 2407 566 2451 aarum
588 2386 628 2450 ab
652 2386 801 2451 omnibus
818 2384 965 2459 tribunis,
977 2395 1010 2450 et
1021 2389 1320 2464 centurionibus,et

288 2523 302 2560 r
318 2494 423 2562 intulit
445 2493 523 2560 illud
538 2495 571 2560 in
584 2494 827 2560 tabernaculam
848 2494 1032 2568 testimonii,
1049 2497 1243 2564 memoriale
1259 2499 1321 2564 filiis

287 2602 412 2669 »lsrael
428 2626 535 2669 coram
550 2603 688 2668 Domino
701 2602 723 2667 ⁴.
740 2632 752 2666 r
772 2602 867 2670 Vides
891 2604 963 2690 quia
989 2625 1058 2690 quae
1074 2605 1250 2686 «licuntur,
1268 2632 1324 2674 aaa

288 2715 329 2782 aad
344 2726 551 2802 conspectum
567 2710 734 2789 visibilem,
757 2713 812 2778 scil
833 2713 873 2778 ad
892 2713 1006 2778 mentis
1029 2718 1226 2782 memoriam
1252 2719 1326 2782 rele-

286 2837 411 2890 runtur.
430 2822 545 2888 Beatus
561 2822 647 2886 enim
661 2833 709 2886 est
725 2818 776 2886 ille
791 2822 847 2909 qui
861 2822 1047 2888 recordatur
1061 2846 1095 2888 se
1108 2824 1189 2890 boni
1209 2825 1327 2915 aliquid

287 2933 391 3021 operis
402 2931 501 3018 egisse
512 2953 620 2996 eoram
637 2929 789 3006 Domino,
806 2941 838 2994 et
853 2928 1004 3025 obtulisse
1022 2955 1157 2998 munera
1173 2935 1328 3024 henepla-

287 3041 348 3106 eita
364 3039 445 3115 Deo,
458 3040 554 3104 animi
570 3041 714 3114 virtutes,
732 3053 764 3105 et
780 3052 965 3106 ornamenta
979 3041 1116 3129 pietatis.

331 3149 387 3214 lll.
405 3148 479 3214 Post
498 3150 566 3215 haec
582 3149 725 3236 sequitur
738 3149 868 3216 historia
884 3151 924 3216 de
939 3151 1122 3218 hereditate
1143 3154 1287 3232 Rubea,
1302 3167 1331 3220 et

285 3257 368 3334 Geel,
381 3270 413 3323 et
424 3258 561 3324 dimidies
573 3260 674 3324 tribus
685 3259 846 3334 Manasse;
859 3262 898 3328 ele
913 3286 974 3350 qua
987 3279 1212 3351 proponentes
1226 3267 1333 3354 aliqua

285 3368 451 3444 disserere,
464 3366 610 3434 volumus
626 3369 714 3457 prius
727 3369 909 3436 auditorum
926 3370 1120 3460 diligentiam
1135 3397 1334 3442 commone

285 3497 333 3552 re,
345 3486 378 3539 et
392 3475 511 3540 animos
526 3499 638 3541 eorum
658 3477 698 3542 ad
717 3479 1017 3567 contemplationem
1037 3482 1222 3569 spiritualis
1242 3483 1333 3550 iutel-

283 3582 418 3673 ligentiae
434 3585 595 3650 suscitare.
611 3585 725 3651 Omnia
746 3611 815 3674 quae
829 3588 981 3654 (licuntur
996 3611 1060 3653 non
1073 3587 1181 3655 solam
1203 3616 1253 3657 ex
1270 3595 1335 3681 ipse

283 3693 337 3782 qui
352 3693 469 3759 dicitur
484 3715 628 3761 sermone
643 3697 804 3782 pensanda
816 3709 902 3772 sunt.
916 3699 1016 3763 sedet
1032 3721 1168 3786 persone
1185 3701 1339 3767 dicentis

285 3821 474 3889 magnopere
488 3801 717 3868 consideranda
731 3815 789 3869 est.
809 3803 904 3872 Verbi
919 3805 1017 3894 gratia
1034 3826 1043 3868 ε
1065 3807 1089 3871 si
1102 3831 1192 3894 puer
1206 3823 1265 3876 est
1283 3809 1340 3898 qui

335 3923 1111 3993 ttum.xrxr‚⁵0.-²t²rov.1‚9.-⁵1tum.rur,51.-·
1126 3931 1205 3984 thid.
1220 3936 1270 3994 Sl.
