2706 4624
381 287 412 330 IN
437 287 575 330 NUMBROS
598 289 725 331 trottttta
751 289 797 329 111.
1036 285 1095 350 297

84 403 118 468 sit
135 403 193 468 hoo
208 403 342 478 dictum,
359 401 445 491 qaod
461 405 612 472 «alienati
636 419 709 471 sunt
728 416 911 494 peccatores
929 406 969 469 ab
992 414 1094 478 utero,

83 522 314 576 »erraverunta
331 525 453 589 ventre,
472 512 569 578 iocati
587 525 660 580 sunt
675 513 760 579 salsa.
781 541 793 574 ι
807 513 848 576 Ει
864 511 915 577 itta
929 513 989 576 erit
1006 510 1094 578 vulva

82 641 165 705 quam
179 619 321 710 adaperit
335 624 437 687 omnis
448 625 637 710 primitivus,
650 624 703 711 qui
715 622 930 688 sanctificatur
941 623 1018 687 Deo.
1034 623 1083 689 ad

81 731 192 816 epea-ait
213 729 384 818 aliquando
404 733 489 798 Deus
510 728 634 796 vulvam
656 732 733 805 Liae,
757 753 827 818 quae
847 743 915 795 erat
930 729 1048 804 clausa,
1063 742 1096 793 et

79 841 190 926 peperit
209 842 423 928 patriarchas:
441 841 584 906 similiter
598 852 631 905 et
646 840 778 914 Rachel,
803 853 837 904 ut
856 853 979 928 pareret
998 842 1095 905 etiam

79 946 138 1034 ipsa
157 951 248 1036 cujus
267 950 351 1014 visus
367 963 434 1016 erat
450 951 616 1038 perspicax
633 962 666 1015 et
686 951 820 1016 decoras
839 948 1013 1038 aspectus¹.
1032 947 1095 1012 Sed

83 1063 107 1117 et
120 1054 149 1118 ia
163 1054 272 1121 multis
287 1056 355 1121 aliis
371 1057 543 1144 Scripturas
557 1056 634 1121 locis
651 1057 789 1122 invenies
806 1056 960 1144 adaperiri
976 1054 1091 1120 vulvas.

85 1161 212 1241 Quarum
230 1167 256 1228 si
272 1163 392 1253 singula
408 1189 465 1253 pro
481 1166 558 1230 loeis
573 1166 767 1242 consideres,
780 1166 917 1231 invenies
935 1164 1094 1252 quomodo

83 1284 225 1340 eterrent
249 1287 432 1363 peccatores
453 1299 469 1338 a
489 1273 595 1350 vulsa,
614 1285 646 1339 et
670 1272 713 1340 iili
733 1274 949 1361 adaperientes
971 1272 1095 1338 vulvam

84 1382 307 1450 sanctificentur
321 1385 353 1450 in
368 1383 479 1450 ordine
495 1384 727 1473 primitivorum
743 1387 825 1450 :alit
836 1396 930 1448 erunt
944 1383 1034 1457 mihi,
1048 1383 1097 1445 in-

85 1493 181 1575 nquit,
198 1491 317 1556 Levitae
331 1515 340 1556 ε
354 1515 459 1557 mcum
479 1505 527 1556 est
541 1494 627 1558 enim
642 1517 736 1558 omne
751 1494 945 1581 primitivum
959 1516 966 1556 :
980 1515 1020 1556 cx
1035 1492 1096 1578 qua

51 1595 52 1598 '
83 1600 151 1665 »tto
166 1604 306 1690 percussi
324 1625 419 1668 omne
438 1605 683 1692 primogenitum
707 1605 737 1668 in
758 1615 840 1668 terra
854 1602 995 1691 AEgypti,
1017 1602 1095 1666 mihi

84 1711 287 1776 »annutiavi
310 1733 406 1776 omne
426 1713 671 1801 primogenitum
684 1711 706 1777 ².
723 1741 735 1774 ι
757 1713 876 1803 Notum
895 1711 1035 1799 est·quid
1055 1710 1094 1774 de

6 1883 7 1888 ,
83 1817 249 1884 iishistoria
266 1821 440 1896 contineat,
457 1822 617 1908 quomodo
633 1844 781 1909 percussa
803 1822 866 1886 sint
886 1818 1094 1908 primogenita

6 1933 8 2012 J
81 1926 301 2017 d'gyptiorum,
325 1953 400 1997 oum
420 1930 556 2019 populas
575 1930 671 1996 lsree‘i
685 1933 876 1997 educeretur
889 1953 929 1994 ex
943 1909 1092 2017 AEgypto.

79 2034 139 2102 Hoc
155 2049 203 2102 est
217 2059 293 2126 ergo
311 2038 397 2124 quod
412 2039 445 2103 in
460 2037 531 2104 loco
547 2039 719 2113 indicatur,
735 2039 807 2127 qaia
823 2062 887 2104 non
901 2039 987 2127 prius
1003 2059 1096 2102 sauc-

78 2141 181 2208 titieati
196 2158 268 2210 snat
280 2145 477 2234 primogeniti
495 2144 591 2210 lsrael
607 2169 702 2233 quam
718 2159 960 2233 percuterentur
975 2145 1096 2235 AEgyp-

76 2250 192 2314 tiorum
203 2253 398 2342 primogeniti
410 2276 418 2318 :
428 2253 555 2340 etquasi
566 2274 694 2318 causam
703 2253 958 2320 sanctificationis
966 2255 1094 2330 horum,

6 2373 8 2382 ¹
75 2353 636 2449 interitumetnecemponitiliorum.
650 2361 739 2426 Unde
751 2373 782 2426 et
795 2363 847 2427 hic
858 2362 1096 2450 intelligendum
1177 2448 1179 2452 Α
1224 2343 1231 2356 '

6 2549 7 2560 ἵ
73 2477 130 2541 cst,
153 2489 221 2534 esse
243 2470 393 2555 quosdam
410 2470 636 2558 primogenitos
647 2471 744 2534 etiam
759 2471 790 2535 in
807 2469 973 2558 AEgyptiis,
990 2473 1096 2544 idest,

6 2565 7 2576 ¹
74 2574 104 2638 ia
119 2577 283 2642 contrariis
294 2579 515 2666 potestatibus,
529 2580 616 2666 quasi
631 2579 748 2644 electos
761 2581 794 2646 ia
805 2577 923 2644 malitia
936 2591 967 2642 et
979 2578 1097 2666 primos

6 2765 7 2768 Ἴ
83 2697 151 2748 nter
165 2685 337 2758 daemonas,
356 2686 409 2773 qui
426 2687 483 2751 nisi
498 2687 638 2774 percussi
651 2687 767 2752 fuerint
782 2699 815 2752 ot
827 2686 971 2760 extincti,
987 2687 1100 2751 sancti·

85 2787 250 2860 irationem
266 2795 429 2882 percipere
444 2794 657 2861 israelitarum
673 2797 872 2884 primogeniti
888 2796 1018 2860 omnino
1034 2817 1098 2860 non

81 2915 209 2986 posunt.
235 2902 315 2981 Quis
330 2927 405 2990 ergo
424 2915 472 2968 est
486 2902 543 2969 iste
555 2905 608 2991 qai
621 2905 847 2992 primogenitos
862 2903 1096 2992 AEgyptiorum,

77 3007 107 3072 id
114 3022 167 3087 ot,
176 3011 376 3099 principatus
388 3023 420 3076 et
430 3024 601 3101 potestates
612 3012 792 3076 daemonum
804 3011 979 3100 percussit?
988 3013 1099 3078 Nonne

6 3179 7 3182 ,
79 3117 225 3185 Dominus
240 3143 332 3186 meus
346 3121 437 3185 «lesus
455 3121 611 3194 Christus,
625 3121 678 3208 qui
694 3132 742 3184 est
758 3121 986 3208 primogenitus
997 3121 1100 3186 omnis

75 3242 235 3301 oredurae,
261 3230 316 3315 qui
337 3229 579 3315 principatuset
600 3241 770 3316 potestates
788 3229 932 3294 adversas
950 3229 1099 3303 traduxit,

20 3409 25 3426 ⁸
77 3335 270 3426 triunphans
286 3361 339 3402 eos
351 3337 383 3402 ia
396 3337 514 3402 cruce?
527 3337 616 3413 Quos
629 3337 736 3424 utique
748 3337 807 3401 nisi
819 3333 871 3400 ille
882 3337 1098 3423 percussisset,

6 3473 11 3582 p
73 3455 103 3508 et
118 3444 355 3532 triumphasset,
368 3443 575 3511 sanctificatio
588 3443 627 3507 ad
639 3466 696 3508 nos
709 3441 903 3530 primitivalis
916 3444 1020 3508 venire
1032 3440 1099 3507 nui·
1187 3511 1196 3518 ,

6 3583 9 3644 3
72 3547 191 3620 latenas
203 3552 366 3640 potuisset.
385 3551 425 3615 Ut
437 3563 545 3616 autem
555 3551 646 3615 nobis
659 3551 940 3640 primogenitorum
954 3551 1100 3619 benedic-

6 3683 8 3752 ζ
73 3658 169 3727 dones
180 3663 328 3735 donaret,
340 3659 477 3725 efficitur
489 3657 575 3746 prius
586 3658 653 3746 ipsa
663 3659 891 3747 primogenitus
902 3683 940 3724 ex
952 3660 1097 3732 mortuis,

6 3757 7 3838 f
73 3779 104 3830 ut
113 3769 156 3836 sit
172 3770 204 3836 in
220 3769 369 3835 omnibus
389 3769 455 3855 ipse
475 3768 648 3854 primatum
668 3778 790 3842 tenens,
809 3779 841 3833 et
856 3791 913 3834 nos
933 3769 1097 3837 credentes·

6 3957 7 3964 ἵ
105 3893 285 3946 ¹Gencs.xxx.
297 3893 347 3936 --·²
360 3895 437 3944 Νιιιιι.
451 3914 487 3952 ιιι,
503 3911 540 3954 aa,
557 3896 592 3943 rit.
607 3921 636 3932 -
648 3895 657 3927 ³
670 3896 748 3944 ltxod.
764 3911 801 3943 ιι,
865 3921 870 3942 ι
