2692 4610
357 329 390 371 ut
412 327 584 372 Lattmann
607 329 733 372 nottlttt
760 331 790 372 X·
812 373 815 378 ,
1027 329 1090 394 229

67 471 130 535 gnra
139 449 325 514 futurorum
341 447 373 512 in
389 439 473 536 Lege
489 459 521 512 et
535 448 713 536 Prophetis,
729 447 779 513 vei
795 448 925 536 scripta,
938 447 988 514 rei
1003 459 1089 537 gesta

65 569 137 622 sunt.
149 557 248 625 Venit
259 557 346 622 enim
362 556 429 643 ipse
442 556 561 652 Artifex
575 568 608 621 et
623 570 734 621 auctor
744 559 901 632 omnium,
914 569 946 622 et
958 557 1089 644 Legem,

65 688 128 751 qne
147 665 294 729 umbram
316 664 454 729 babebat
475 663 655 730 futurorum
675 667 847 741 bonorum,
871 663 1033 730 transtulit
1047 665 1090 729 ad

67 773 163 861 ipsam
185 773 349 861 imaginem
366 771 503 839 remm'.
517 772 581 838 Sed
597 797 637 838 ne
653 773 734 838 sorte
748 773 876 840 difficile
892 774 949 838 tibi
962 773 1092 861 probari

69 903 155 968 posse
169 903 236 966 que
250 879 385 944 dicimus
400 879 579 956 videantur,
596 902 787 970 recognosce
799 904 856 970 per
868 881 1001 970 singula.
1015 883 1092 947 Erat

70 991 152 1078 prius
166 987 339 1054 Jerusalem
357 989 433 1053 urbs
456 987 507 1054 illa
530 1011 643 1078 magna
661 988 785 1078 regalis,
803 991 855 1055 ubi
875 989 1029 1078 templum
1046 991 1094 1056 sa-

68 1099 269 1164 mosissimum
286 1099 355 1163 Deo
368 1097 470 1162 fuerat
483 1109 664 1164 extructum
678 1121 687 1163 ε
701 1110 906 1186 posteaquam
918 1123 992 1165 reru
1008 1099 1093 1164 venit

66 1203 113 1272 iiie
130 1206 182 1294 qui
202 1217 274 1271 erat
299 1229 411 1272 rerum
434 1204 587 1294 templum
609 1206 681 1281 Dei,
703 1188 736 1270 εἰ
760 1205 885 1271 dicebat
911 1207 949 1271 de
973 1203 1091 1292 templo

63 1315 199 1402 corporis
214 1315 275 1390 sui,
294 1312 437 1379 «Solvite
454 1314 608 1403 templum
625 1313 708 1381 boc²
722 1341 735 1375 ι
749 1325 781 1379 et
796 1314 866 1401 quia
885 1312 1019 1380 caelestis
1034 1313 1090 1378 Je·
1198 1308 1209 1330 ⁰

66 1421 198 1488 antalam
213 1424 308 1510 eoepit
324 1423 445 1511 aperire
457 1423 621 1510 mysterio,
633 1421 736 1488 deleta
751 1432 799 1486 est
814 1419 865 1486 illa
880 1432 1018 1494 terrena,
1038 1420 1092 1485 ubi

68 1527 201 1596 coeiestis
215 1531 355 1617 apparuit
373 1553 382 1594 ε
400 1530 433 1596 ἰιι
449 1529 567 1619 templo
584 1529 638 1595 ilio
652 1551 717 1595 non
737 1529 887 1594 remansit
903 1525 984 1616 iupis
997 1549 1092 1614 super

67 1636 214 1726 lapidem,
224 1659 262 1704 ex
276 1661 339 1725 quo
355 1660 465 1703 rernm
478 1635 634 1726 tempium
648 1637 705 1702 Dei
722 1635 803 1701 iacta
816 1647 864 1702 est
875 1660 950 1703 caro
963 1634 1090 1700 Christi.

65 1745 137 1810 Erat
149 1745 236 1834 prius
250 1745 393 1834 pontifex
406 1747 557 1836 sanguine
570 1741 734 1811 taurorum
752 1742 784 1810 et
799 1744 963 1811 hircorum
980 1741 1092 1831 purifi-

60 1878 135 1921 cans
155 1852 312 1943 populum
335 1877 342 1919 ι
365 1854 421 1920 sad
435 1877 475 1920 ex
489 1878 552 1943 quo
567 1854 652 1920 venit
669 1877 758 1920 serus
772 1853 930 1926 Pontifex,
946 1852 1001 1940 qui
1019 1873 1093 1916 san·

61 1963 152 2051 guina
167 1986 228 2027 suo
243 1961 459 2028 sanctificaret
473 1963 651 2035 credentes.
664 1983 821 2048 nusquam
832 1973 879 2026 est
890 1959 941 2026 iile
953 1958 1093 2048 pontifex

61 2071 158 2159 prior,
176 2093 240 2136 nec
263 2068 347 2134 ullus
361 2070 390 2136 ei
408 2068 536 2136 relictus
550 2064 603 2135 est¹
616 2067 715 2135 locus.
740 2068 846 2135 Altare
861 2068 920 2133 suit
935 2069 1034 2158 prius,
1058 2078 1094 2131 et

61 2175 214 2240 sacrificia
229 2171 495 2240 celebrabantur:
508 2175 565 2240 sed
578 2187 612 2238 ut
624 2175 710 2238 veuit
723 2195 814 2238 verus
827 2175 935 2261 Agnus
946 2173 1001 2261 qui
1012 2173 1092 2258 seip-

63 2305 139 2346 sum
151 2283 284 2346 bostiam
295 2281 411 2348 obtulit
426 2283 507 2358 Deo,
523 2293 637 2348 cuncta
651 2281 702 2347 iiia
715 2280 800 2346 velut
812 2304 870 2368 pro
881 2293 1026 2368 tempore
1038 2301 1094 2366 po-

62 2389 124 2452 sita
141 2400 346 2455 cessaverunt.
363 2389 433 2455 Non
449 2390 506 2455 tibi
522 2413 598 2478 ergo
611 2389 734 2454 videtur
752 2387 850 2474 quod,
866 2387 1042 2452 secundum
1058 2385 1094 2448 fi-

59 2519 172 2586 guram
186 2519 280 2583 quam
291 2519 384 2585 supra
396 2497 573 2583 posuimus,
590 2495 686 2561 veluti
698 2494 807 2560 iormae
818 2495 935 2559 fuerint
949 2492 1094 2580 quedam

56 2629 75 2666 e
92 2600 162 2666 into
177 2600 276 2674 botre,
297 2623 355 2687 per
375 2623 453 2688 quas
477 2601 614 2666 veritatis
641 2602 896 2688 exprimerentur
921 2597 1094 2686 imagines?

55 2709 228 2796 Propterea
242 2707 379 2793 denique
395 2708 499 2772 divina
516 2708 706 2796 dispensatio
722 2707 904 2796 procurarit
921 2718 955 2771 ut
969 2717 1001 2771 et
1017 2705 1090 2771 civi-

58 2829 104 2880 tas
114 2817 198 2904 ipsa,
210 2827 245 2879 et
260 2813 427 2901 tempium,
440 2827 473 2880 et
487 2813 658 2882 omniarilla
676 2817 792 2901 pariter
807 2817 1067 2880 subverterentur
1082 2835 1093 2877 a,

54 2949 95 2993 ne
111 2927 166 3014 qui
183 2925 270 2989 sorte
284 2924 390 2989 adbuc
404 2923 554 3013 parvulus
565 2935 598 2990 et
613 2922 733 2989 lactens
744 2923 777 2987 in
789 2922 852 2986 fide
868 2923 893 2987 si
908 2922 1029 2987 videret
1044 2919 1095 2984 illa

27 3057 34 3069 ·
53 3045 218 3107 constare,
231 3033 311 3096 dum
324 3030 551 3098 sacrificiorum
568 3031 677 3106 ritum,
695 3031 771 3094 dum
783 3031 1031 3096 ministeriorum
1046 3051 1097 3093 or·

54 3143 163 3208 dinem
178 3140 340 3205 attonitus
354 3149 505 3227 stuperet,
526 3140 593 3226 ipso
609 3139 805 3203 diversarum
819 3135 992 3202 formarum
1008 3157 1096 3223 rape·

55 3263 146 3315 retur
159 3248 294 3316 intuitu.
312 3245 377 3311 Sed
390 3247 560 3334 providens
572 3246 657 3310 Deus
672 3243 847 3310 infirmitati
859 3257 988 3318 nostrae,
1000 3255 1033 3307 et
1046 3265 1096 3306 ιο.-

56 3357 124 3424 tem
140 3355 349 3445 multiplicari
366 3354 541 3421 Ecclesiam
556 3378 660 3426 suam.
680 3353 786 3418 omnia
802 3352 853 3418 illa
866 3353 1006 3420 subverti
1021 3351 1097 3417 fecit

58 3481 93 3530 ct
107 3463 376 3553 penitusauserri‚
392 3475 428 3527 ut
441 3464 509 3529 sine
525 3461 588 3530 ulla
604 3461 807 3528 cunctatione
822 3458 883 3526 illis
900 3461 1097 3526 cessantibus

57 3575 132 3642 baec
149 3597 214 3641 sera
227 3595 315 3648 esse,
328 3595 387 3661 pro
400 3573 514 3658 quibus
526 3574 560 3638 in
575 3569 634 3637 illis
647 3583 740 3658 typus
758 3579 973 3657 precesserat,
987 3568 1101 3634 crede-

56 3705 175 3750 remus.

99 3793 193 3860 Unde
215 3807 250 3861 et
273 3813 365 3858 nunc
384 3787 516 3854 dicenda
540 3789 630 3853 nobis
654 3784 736 3852 sunt
749 3784 853 3872 aliqua
871 3785 965 3850 etium
987 3783 1026 3846 ad
1047 3805 1101 3846 eos

84 3925 92 3952 ¹
109 3921 180 3971 Eeb.
194 3940 220 3971 x.
231 3948 263 3959 -
274 3919 287 3954 ²
300 3919 381 3967 Joan.
400 3933 429 3974 ιι,
444 3931 486 3977 ι9.,
