2692 4610
366 333 401 374 ru
425 331 595 376 nnvrrrcnu
617 330 746 375 nonanta
771 331 825 372 vu.
1047 312 1108 374 215

76 454 271 524 sobrietate,
289 461 323 515 et
337 448 483 536 crapula,
496 461 528 514 et
542 449 575 514 in
591 445 855 514 sollicitudinibus
871 443 990 521 seculi,
1009 458 1041 510 et
1057 469 1110 510 ve-

75 563 168 627 »aiat
188 585 285 650 super
304 582 359 623 ros
379 559 563 623 subitaneus
580 543 725 621 interitus
739 555 761 619 ¹.
776 585 790 626 ,r
808 556 948 624 Audistis
965 556 1107 620 edictum

74 670 169 760 Regis
185 668 307 742 aeterni,
318 678 352 732 et
368 663 610 731 lamentabilem
624 663 720 728 linem
737 662 956 738 ebrietatisvel
971 661 1108 750 crapulae

76 777 241 843 didicistis.
256 775 372 862 Siquis
390 774 480 839 vobis
496 773 615 861 peritus
630 786 662 836 et
677 772 800 859 sapiens
811 771 954 838 medicus
969 771 1019 836 bis
1033 772 1108 858 ipsis

77 886 184 951 verbis
193 886 387 972 preciperet,
396 894 430 948 et
441 881 561 946 diceret
575 904 583 945 ε
597 881 760 948 Attendite
773 881 910 946 vobisne
922 879 992 966 quis
1004 880 1105 965 (verbi

76 993 196 1082 gratia)
210 993 248 1058 dc
258 991 342 1056 illins
358 989 408 1056 vel
422 988 507 1056 illius
522 987 629 1054 berbae
643 1011 741 1068 succo
755 991 875 1054 aridius
890 1000 1006 1063 sumat,
1020 990 1107 1076 quod

76 1101 103 1167 si
117 1100 222 1165 lecerit
232 1100 358 1164 subitus
370 1099 400 1162 ei
416 1098 520 1162 reniet
533 1097 695 1169 interitus3
712 1121 776 1162 non
793 1097 903 1164 dubito
919 1099 995 1184 quin
1012 1121 1107 1172 unus.

71 1211 203 1299 quisque
218 1207 358 1297 propriae
379 1205 489 1272 salutis
510 1205 628 1270 intuitu
644 1206 870 1294 praemonentis
891 1207 1006 1274 medici
1027 1231 1104 1293 prae-

70 1331 161 1406 cepta
174 1329 325 1384 servaret.
341 1315 368 1380 N
372 1337 436 1380 unc
448 1337 522 1380 vero
534 1314 713 1380 animarum
724 1327 756 1380 et
768 1311 939 1401 corporum
952 1313 1105 1390 medicus,

73 1424 233 1510 simulque
249 1435 284 1490 et
300 1423 469 1498 Dominus,
485 1424 576 1510 jubet
591 1423 753 1488 ebrietatis
768 1423 902 1488 herbam
916 1434 949 1486 et
970 1423 1106 1511 crapulae

77 1533 252 1608 vitandam,
263 1531 402 1598 similiter
412 1544 446 1598 et
455 1531 700 1599 sollicitudinem
710 1531 910 1601 secularium
923 1531 1009 1598 velut
1023 1555 1106 1599 mor-

75 1644 185 1709 tiferos
202 1665 310 1708 succos
330 1643 501 1710 cavendos.
519 1644 559 1710 Et
577 1644 685 1710 neseio
705 1645 729 1708 si
749 1643 817 1730 quis
832 1655 976 1712 nostrum
992 1666 1056 1708 non
1071 1643 1104 1708 in

72 1753 123 1818 bis
140 1751 350 1824 consumitur,
371 1751 417 1814 uti
434 1774 475 1817 no
498 1751 630 1818 dixerim
645 1752 814 1817 sauciatur.
832 1753 889 1816 Est
907 1773 982 1839 ergo
999 1753 1104 1824 ebrie-

70 1877 116 1929 tas
130 1863 193 1926 rini
209 1861 388 1949 perniciosa
401 1862 434 1926 in
448 1863 610 1936 omnibus,
623 1859 687 1928 sola
704 1883 841 1950 namque
858 1873 905 1952 est
925 1885 998 1949 quse¹
1010 1863 1102 1928 simul

69 1995 143 2036 cnm
159 1993 294 2057 corpore
306 1982 341 2033 et
357 1971 496 2034 animam
510 1970 648 2038 debilem
664 1971 785 2038 reddat.
803 1969 840 2035 ln
852 1971 972 2036 ceteris
983 1973 1103 2038 etenim

72 2089 175 2168 potest
188 2079 258 2142 lieri
275 2089 323 2152 ut,
340 2079 517 2142 secundum
536 2077 736 2164 Apostolum,
752 2101 826 2145 cum
841 2078 1020 2152 infirmatur
1035 2103 1104 2146 cor·

71 2211 144 2274 pus,
161 2199 238 2250 tuno
252 2187 349 2274 magis
368 2197 481 2273 potens
496 2186 535 2250 sit
550 2186 691 2273 spiritus,
704 2198 737 2250 et
750 2187 802 2250 ubi
820 2188 845 2250 is
861 2187 913 2274 qui
929 2174 1043 2277 deseris
1053 2202 1102 2252 est

76 2298 178 2361 bomo
192 2296 412 2382 corrumpitur,
427 2293 480 2359 ille
496 2295 550 2382 qni
567 2296 650 2359 intus
668 2296 736 2360 est²
752 2307 932 2361 renovetur.
951 2298 986 2362 ln
1002 2299 1103 2363 ebrie·

70 2406 147 2471 tatis
164 2426 238 2470 sero
247 2404 440 2492 aegritudine,
457 2426 573 2491 corpus
592 2401 685 2468 simul
704 2416 736 2468 et
750 2404 854 2468 anima
870 2406 1098 2492 corrumpitur,

64 2515 198 2604 spiritus
218 2514 334 2600 pariter
352 2536 427 2578 cnm
444 2535 540 2577 earne
555 2511 692 2576 vitiatur.
717 2509 833 2576 Omnia
853 2514 995 2576 membra
1013 2513 1100 2580 debi-

62 2625 146 2698 litat,
165 2622 294 2712 pedem,
310 2646 456 2696 manum,
477 2621 618 2710 linguam
640 2619 781 2697 resolvit,
803 2621 913 2686 cordos
936 2623 1095 2695 tenebrat,

61 2743 208 2797 mentem
230 2729 312 2794 velat
331 2729 460 2804 oblivio,
474 2729 515 2794 ita
535 2742 569 2793 ut
588 2727 750 2794 hominem
769 2753 803 2796 se
819 2730 938 2796 nesciat
956 2752 1024 2796 esse
1038 2755 1100 2800 neo

58 2841 189 2906 sentiat.
206 2839 311 2904 Habet
321 2863 396 2927 ergo
413 2839 496 2904 istud
508 2840 611 2926 primo
626 2839 791 2905 dedecoris
810 2839 982 2926 corporalis
992 2841 1098 2909 ebrie-

58 2963 125 3023 tas;
143 2951 211 3036 jana
230 2971 306 3014 sero
323 2949 348 3011 si
370 2947 575 3012 discutiamus
590 2960 670 3034 quot
690 2947 793 3014 modis
814 2957 903 3012 mens
925 2950 1098 3016 inebriatur

59 3060 217 3134 bumana,
243 3058 439 3123 inveniemus
463 3056 567 3120 ebrios
590 3055 686 3120 etiam
706 3078 761 3120 eos
784 3054 838 3140 qui
861 3054 919 3118 sibi
942 3057 1038 3120 sobrii
1058 3060 1102 3122 vi-

59 3171 189 3235 dentur.
209 3166 380 3232 Iracundia
402 3165 537 3230 inebriat
558 3165 709 3239 animum,
727 3164 815 3228 saror
832 3187 905 3229 vero
924 3189 994 3230 earn
1016 3165 1098 3255 plus·

60 3299 158 3362 qnam
178 3275 305 3341 ebriam
326 3273 413 3348 lacit,
431 3274 454 3338 si
477 3273 679 3359 quiditamen
699 3295 766 3338 esse
787 3273 940 3340 ebrietate
961 3276 1095 3366 amplius
1122 3342 1128 3351 ,

63 3397 176 3470 potest.
195 3381 366 3471 Cupiditas
381 3393 414 3445 et
432 3379 559 3445 avaritia
577 3401 642 3444 non
656 3377 758 3444 solam
776 3381 912 3456 ebrium,
931 3383 985 3447 sed
1005 3396 1037 3448 et
1054 3410 1101 3450 ra-

62 3491 175 3555 bidum
193 3491 360 3558 bominem
379 3488 527 3553 reddunt.
540 3490 579 3553 Et
597 3489 754 3553 obsuoenae
769 3492 1034 3578 concupiscentiae
1048 3495 1098 3559 in-

62 3599 184 3665 ebriant
194 3600 353 3669 animam,
365 3597 450 3661 sicut
461 3618 479 3659 e
491 3595 651 3662 contrario
662 3607 694 3661 et
707 3607 822 3663 sanctae
835 3601 1100 3688 concupiscentie

59 3709 218 3774 inebriant
233 3729 321 3780 eam,
336 3705 394 3770 sed
408 3704 561 3768 ebrietate
576 3717 683 3770 sancta
699 3703 750 3770 illa
767 3707 806 3771 de
818 3731 877 3795 qua
891 3708 1099 3804 dicebatqui,

89 3835 174 3888 ¹Luc.
186 3854 239 3898 ur,
254 3835 296 3894 34.
309 3861 340 3872 -
352 3832 364 3866 ²
375 3849 388 3880 a
399 3832 459 3881 Cor.
472 3849 505 3892 rs,
523 3835 558 3880 nt.
