2706 4624
237 233 298 300 cto
607 213 610 218 Α
678 247 821 292 ιιιιιιιιιιιι

233 372 403 462 colligitur,
426 391 500 436 cum
523 369 681 436 frumenta
703 379 851 440 teruntur
872 367 905 432 in
926 369 1018 445 areis,
1039 369 1150 433 obeaoe
1164 366 1272 455 mugio

233 506 330 573 quam
350 481 499 570 prodesse
515 480 674 546 ridebitur
687 503 696 543 :
710 479 753 544 ita
768 491 800 544 ct
815 480 835 544 ii
851 480 967 566 quibua
982 478 1085 567 pluvia
1102 479 1195 542 verbi
1210 465 1272 542 ilci

234 589 440 659 ministranda
453 589 676 664 committitur,
691 590 860 654 observare
874 589 992 653 debent
1006 587 1068 653 hoc
1083 587 1172 674 quod
1191 586 1273 652 dicit

236 700 413 788 Scriptura,
430 710 464 762 ut
480 699 510 764 in
527 710 669 784 tempore
686 698 860 784 praebeant,
876 696 909 761 id
925 708 985 772 est,
1000 719 1041 761 ue
1054 691 1227 782 crapulato
1241 705 1273 756 et

235 811 325 876 ebrio
348 810 480 875 v'erbum
501 808 559 873 Dei
578 806 736 894 ingerant.
757 829 818 871 nec
837 816 994 892 occupato
1012 804 1045 868 iu
1062 801 1131 868 aliia
1146 801 1271 874 animo,

235 943 310 986 cum
325 933 464 985 attentus
485 941 554 984 esce
574 940 639 983 uon
659 929 780 1006 potest:
800 913 849 982 vel
868 939 944 982 cum
962 913 1098 1000 alicujus
1118 912 1186 980 vitii
1202 911 1274 976 lan-

236 1053 334 1118 guore
354 1030 545 1097 constrictus
566 1039 627 1101 cat,
642 1040 675 1092 et
695 1051 759 1093 non
775 1027 911 1102 doctori,
929 1025 984 1090 eod
1005 1027 1122 1091 morbo
1140 1023 1273 1112 proprio

238 1139 371 1205 interior
391 1150 559 1228 praestetur
580 1137 716 1204 auditus.
739 1135 916 1202 Prudenter
942 1157 1017 1224 ergo
1039 1135 1194 1221 conjiciat
1220 1132 1271 1197 ubi

235 1260 341 1337 potest
356 1271 466 1315 vacare
481 1271 583 1323 meua,
602 1248 657 1312 ubi
672 1247 809 1320 sobrius,
827 1247 880 1312 uhi
899 1243 1040 1333 vigilans,
1058 1243 1113 1308 ubi
1129 1243 1270 1307 intentus

237 1357 363 1422 auditor
378 1369 439 1432 est,
455 1369 489 1422 et
502 1357 544 1423 ibi
564 1353 704 1446 pluviam
726 1355 883 1420 ministret
899 1356 930 1419 in
949 1366 1091 1441 tempore
1110 1376 1119 1416 t
1142 1354 1228 1418 sicut
1240 1365 1270 1415 et

236 1467 331 1533 tritici
343 1489 525 1534 mensuram
536 1488 644 1532 cervus
657 1463 758 1531 fidelia
771 1479 804 1531 ot
818 1464 958 1555 prudens
970 1465 1001 1529 iu
1013 1461 1188 1552 Evangelio
1201 1485 1272 1529 con·

238 1575 334 1640 cervis
346 1575 422 1640 darc
433 1575 562 1661 jubetur
576 1576 609 1638 in
620 1585 774 1663 tempore.
793 1574 857 1640 sot
871 1572 977 1639 etalio
992 1572 1088 1638 modo
1104 1593 1271 1660 possumus

238 1681 412 1772 intelligere
433 1683 496 1748 hoc
517 1683 603 1770 quod
622 1682 792 1748 mandatur
806 1683 909 1750 imber
924 1683 1047 1748 dandus
1061 1681 1095 1747 in
1113 1693 1265 1770 tempore.

239 1791 322 1856 Puer
336 1804 384 1857 cat
396 1788 520 1877 aliquia,
537 1803 569 1856 et
579 1789 728 1879 parvulus
744 1790 777 1857 in
792 1791 867 1867 lide,
880 1792 1001 1880 indiget
1011 1790 1130 1880 pluvia,
1144 1792 1196 1857 sed
1209 1791 1268 1856 lac·

240 1899 279 1964 tia
291 1897 405 1987 pluvia.
425 1897 478 1964 Sic
493 1899 578 1966 enim
590 1899 668 1964 dicit
683 1898 735 1964 ille
750 1901 804 1988 qui
816 1900 935 1966 sciebat
950 1899 1070 1988 pluviae
1084 1902 1268 1988 intempore

240 2009 421 2097 dispensare
435 2030 444 2073 ε
458 2008 546 2074 «Luc
565 2011 651 2075 vohis
670 2021 780 2098 potum
803 2010 889 2085 dedi,
911 2033 974 2076 non
994 2010 1262 2085 cucumerarium

242 2117 353 2182 »euim
369 2116 548 2205 poteratis¹.
568 2117 732 2183 »Profecit
749 2128 820 2206 post
836 2117 903 2183 haec
923 2118 954 2182 iu
972 2117 1051 2193 fide,
1067 2119 1164 2184 crevit
1178 2127 1267 2182 aetate

240 2237 274 2288 ot
299 2225 460 2312 sapientia.
488 2227 590 2314 Aptua
614 2226 683 2292 aino
707 2226 805 2291 dubio
828 2227 927 2294 lautus
941 2237 1002 2302 est,
1022 2228 1076 2314 qui
1092 2226 1270 2293 solidiorem

240 2335 394 2425 percipiat
408 2336 526 2403 cibum.
546 2335 729 2404 lulirmatur
749 2335 875 2423 aliquis,
893 2347 926 2402 et
947 2359 1010 2402 non
1034 2361 1093 2426 pro
1115 2353 1269 2427 tempore,

241 2446 297 2512 aad
316 2469 375 2534 pro
396 2445 578 2512 infirmitate
601 2469 715 2534 capere
733 2467 797 2510 non
818 2458 921 2535 potest
941 2470 1011 2535 quae
1026 2451 1156 2514 robuste
1177 2459 1269 2514 aunt:

244 2557 331 2622 verbi
347 2579 441 2623 causa
456 2577 520 2622 non
530 2567 635 2644 potest
645 2553 738 2643 plene
750 2554 790 2619 de
802 2555 945 2620 castitate
954 2578 1068 2644 capere
1080 2579 1272 2628 sermonem,

243 2678 369 2755 oportet
384 2666 534 2755 compati,
548 2677 580 2730 et
595 2663 699 2729 metiri
714 2663 892 2728 doctrinam
907 2686 965 2751 pro
980 2665 1094 2728 virium
1108 2665 1272 2752 qualitate,

243 2789 276 2840 et
290 2774 422 2841 concedi
437 2771 553 2840 talibus
576 2774 709 2861 nuptiae.
729 2773 798 2840 Hoc
816 2785 865 2838 eat
885 2771 1023 2839 oleribus
1038 2797 1169 2864 pascere
1184 2773 1276 2839 infir-

243 2905 345 2956 mum,
362 2893 394 2946 ot
408 2884 449 2948 ad
464 2881 647 2970 hujusmodi
670 2903 833 2947 mensuras
855 2881 966 2947 animae
987 2896 1094 2971 optare
1119 2882 1207 2949 velut
1231 2897 1277 2949 te-

244 3015 341 3060 nuem
357 3003 389 3056 et
402 2993 466 3056 rori
480 2989 613 3057 similem
629 2989 767 3080 pluvium
784 2991 882 3056 verbi.
905 2993 960 3057 Est
975 3005 1081 3058 autem
1102 2992 1161 3060 alia
1177 3006 1275 3068 terra,

246 3125 317 3190 qua
335 3113 438 3189 puteat
453 3103 611 3191 suscipere
634 3100 749 3168 ruli'doa
775 3103 904 3177 imbrus,
923 3103 1006 3168 lerre
1028 3105 1122 3169 etiam
1144 3103 1276 3171 flumina

247 3211 334 3276 verbi
351 3210 423 3284 Dei,
444 3211 569 3298 rupidus
587 3223 714 3298 portare
735 3223 901 3278 torrentes.
925 3212 972 3279 De
992 3213 1030 3278 iis
1048 3214 1134 3278 enim
1161 3213 1278 3279 talibus

247 3318 403 3408 Propheta
426 3319 503 3384 dicit
525 3320 557 3385 in
579 3318 809 3386 Psalmisrellt
828 3332 1001 3386 torrentem
1024 3320 1194 3410 voluptatis
1217 3333 1279 3387 tuae

248 3441 386 3516 »potum
400 3428 490 3493 dahis
505 3427 624 3494 illis'.»
729 3454 732 3462 ·

299 3537 413 3603 «Dabo
437 3560 507 3625 ego,
533 3539 654 3624 inquit,
679 3540 766 3604 vobis
782 3537 920 3627 pluvium
936 3539 967 3604 in
986 3552 1129 3629 tempore
1153 3565 1226 3617 suo,
1250 3555 1281 3606 et

250 3679 262 3713 ι
278 3651 365 3725 dabit
375 3662 457 3715 terro
470 3651 646 3716 nativitates
656 3652 755 3716 aues‘.
772 3651 865 3716 »Post
876 3653 1011 3740 primum
1024 3653 1281 3722 benedictionem

252 3757 376 3847 pluviae,
398 3758 454 3821 istu
476 3758 615 3824 secunda
635 3771 683 3823 est
703 3783 763 3848 qun
785 3761 900 3825 (licitur
916 3773 998 3827 terra
1014 3777 1162 3853 suscepta
1180 3766 1281 3855 pluvio

286 3883 295 3916 ¹
307 3899 319 3931 ι
333 3883 392 3932 Cor.
405 3900 441 3942 ur,
455 3899 516 3944 ιι-
526 3881 537 3914 ²
549 3883 612 3932 Peal.
628 3901 714 3944 xxxvi,
724 3885 747 3935 Β.
759 3915 788 3923 -
799 3887 808 3920 ³
820 3889 899 3936 Lurit.
915 3903 982 3946 xxvi,
993 3889 1018 3946 l.
