2748 4596
385 286 416 327 nt
441 285 555 327 mnnuu
578 284 646 326 isse
672 283 753 326 aava
777 285 850 328 nou.
877 285 930 328 vn.
1137 267 1176 350 57

145 407 396 497 ‚concupiscatis
421 418 453 471 et
468 405 583 471 tollatis
598 406 637 472 ab
659 407 879 483 anathemate,
896 419 928 472 et
942 408 1062 474 faciatis
1076 423 1179 478 castra

145 507 302 583 »liliorum
319 513 415 580 lsrael
432 506 612 589 anathema,
625 526 657 578 et
673 516 841 580 conteratis
853 538 924 592 nos,
936 529 969 580 et
985 541 1112 584 omnem
1125 544 1178 608 sy-

146 644 318 712 »nagogam
330 602 459 686 Domini
467 620 489 684 ¹.
502 648 515 681 a
530 618 605 685 Tale
616 631 665 684 est
680 621 765 708 quod
777 620 935 686 indicatur
948 619 982 687 in
992 623 1041 687 his
1053 625 1175 690 verbis:

145 729 254 795 llidote
279 751 319 794 ne
338 728 416 815 quid
436 729 469 793 in
488 728 577 793 vobis
595 726 745 793 saeculare
766 729 906 794 habeatis
923 779 932 804 ‚
951 753 991 795 ne
1013 731 1177 797 saeculares

146 861 246 904 mores
259 833 326 912 ,ne
343 837 435 912 vitia,
454 859 493 901 ne
513 835 803 924 tergiversationem
817 837 856 902 de
874 835 989 902 saeculo
1008 839 1174 905 vobiscum

147 947 184 1012 ad
198 943 371 1011 Ecclesiam
390 943 546 1010 deferatis.
569 943 633 1008 Sed
648 941 815 1010 anatliema
827 945 866 1009 sit
883 946 969 1010 vobis
984 948 1087 1014 omnis
1098 972 1178 1014 con-

144 1053 274 1118 versatio
286 1051 453 1117 saecularis.
476 1048 580 1117 Nolite
600 1051 712 1116 divinis
733 1049 895 1119 mundana
908 1055 1062 1131 miscere,
1080 1055 1176 1122 nolite

143 1162 264 1250 negotia
286 1158 392 1225 saeculi
409 1157 558 1225 Ecclesiae
576 1157 704 1223 secretis
717 1159 956 1227 inserere.'Hoc
978 1160 1126 1251 estquod
1144 1176 1177 1229 et

143 1269 279 1334 loannes
294 1265 435 1357 epistolae
446 1291 509 1331 suae
520 1278 668 1355 personat
680 1265 755 1332 tuba
767 1265 875 1334 dicens
890 1291 897 1348 ς
911 1269 1035 1354 «Nolite
1049 1271 1177 1361 diligere

145 1377 320 1442 »mundum
331 1425 339 1451 ,
351 1373 454 1463 neque
466 1399 503 1440 ea
515 1397 584 1461 quae
594 1377 626 1438 in
642 1375 762 1439 mundo
774 1388 847 1440 sunt
858 1375 878 1440 ².
892 1404 905 1438 a
919 1379 958 1441 Et
970 1377 1083 1444 Paulus
1096 1380 1178 1446 simi-

144 1485 236 1550 liter:
262 1513 274 1544 a
293 1483 415 1560 Nolite,
435 1481 554 1569 inquit,
585 1482 778 1546 conformari
798 1483 874 1549 huic
895 1487 1048 1551 mundol.
1073 1517 1085 1546 a
1112 1491 1176 1570 Qui

144 1595 230 1660 enim
245 1595 312 1658 haeo
326 1592 446 1658 iaciunt
457 1641 466 1668 ,
479 1591 638 1678 accipiunt
653 1591 693 1655 de
708 1590 918 1657 anathemate.
930 1594 1037 1659 Sedet
1049 1594 1092 1660 illi
1109 1595 1175 1684 qui,

145 1697 228 1768 verbi
243 1724 354 1775 causa,
367 1723 442 1766 cum
462 1693 632 1764 Christiani
644 1699 725 1774 sint,
738 1699 950 1766 solemnitates
968 1697 1110 1791 gentium
1123 1730 1178 1771 ce-

143 1809 283 1884 lebrant,
297 1807 465 1872 anathema
483 1807 515 1871 in
531 1805 687 1872 Ecclesias
705 1806 922 1873 introducunt.
940 1811 1003 1888 Qui
1019 1811 1059 1876 de
1073 1826 1178 1878 astro·>

141 1941 213 1982 rum
231 1909 375 1982 cursibus
391 1915 488 1980 vitam
503 1913 670 1978 bominum
684 1926 715 1978 et
728 1926 814 2002 gesta
828 1915 1034 2003 perquirunt,
1053 1921 1105 2006 qui
1127 1946 1177 1986 ro-

140 2024 221 2112 latus
248 2017 371 2098 ariam,
399 2034 431 2086 et
456 2017 570 2086 caetera
588 2021 771 2108 hujusmodi
798 2046 868 2109 quae
886 2019 930 2087 in¹
947 2025 1061 2090 saeculo
1089 2029 1176 2116 prius

141 2132 403 2205 observabantur,
419 2129 603 2215 inquirunt,
616 2127 655 2192 de
671 2126 799 2194 Jericho
812 2132 978 2196 anathema
990 2133 1129 2200 inserunt
1145 2139 1176 2202 in

142 2238 332 2315 Ecclesiam,
350 2250 383 2302 et
397 2236 544 2326 polluunt
559 2248 662 2301 castra
681 2237 827 2313 Domini,
844 2250 876 2302 et
891 2239 973 2304 vinci
988 2239 1107 2306 iaciunt
1122 2267 1177 2332 po-

143 2343 255 2435 pulum
277 2341 354 2410 Dei.¹
368 2344 433 2409 Sed
450 2355 482 2407 et
503 2341 604 2408 multa
627 2338 687 2408 alia
700 2339 921 2431 peccata'sunt
935 2340 993 2434 p'er
1012 2372 1082 2435 quae
1100 2374 1177 2416 ana-

142 2455 249 2519 thema
262 2453 301 2517 de
312 2453 332 2516 J
334 2451 444 2517 ericho
456 2449 669 2531 introducitur
680 2451 712 2514 in
724 2449 897 2517 Ecclesiam
902 2477 911 2524 ;
928 2477 984 2540 per
993 2479 1062 2541 quae
1078 2481 1175 2546 popu-

140 2561 188 2627 lus
209 2561 267 2626 Dei
286 2561 424 2625 vincitur
447 2570 479 2622 et
494 2557 712 2648 {prosternitur
738 2560 777 2622 ab
802 2559 947 2624 inimicis.
971 2559 1119 2628 autnon
1144 2580 1177 2631 et

139 2667 309 2758 Apostolus
317 2668 386 2733 baec
400 2667 512 2732 eadem
524 2667 682 2754 praecipit,
699 2689 774 2730 cum
787 2667 863 2732 dicit
881 2692 888 2732 ε
908 2659 1176 2738 i‘Modicun1·ser·-

139 2790 308 2850 »mentum
319 2789 418 2842 totam
434 2799 568 2841 massam
577 2774 769 2863 corrumpit*
782 2776 818 2839 l»
854 2767 857 2774 ’
1115 2759 1117 2764 ’

184 2886 268 2953 Sed‘
282 2898 315 2950 et
336 2884 415 2950 illud
430 2909 494 2949 non
510 2885 612 2948 otiose
626 2875 906 2950 transcurrendum
920 2899 985 2963 est,
1008 2890 1092 2975 quod
1113 2915 1176 2956 uno

137 3005 292 3084 peccante
304 2993 350 3058 ira
366 3016 461 3080 super
477 3014 605 3056 omnem
620 2981 775 3078 populum
790 2993 884 3058 venit.
905 2995 974 3060 Hoc
985 2999 1112 3082 quando
1128 3023 1178 3064 ac-

137 3101 240 3170 oiditt
261 3101 390 3189 quando
410 3091 589 3164 sacerdotes
602 3099 655 3186 qui
675 3091 794 3187 populo
809 3114 966 3187 praesunt,
983 3127 1056 3193 erga
1079 3105 1177 3171 delin-

136 3220 271 3298 quentes
285 3207 412 3296 benigni
429 3204 539 3271 volunt
555 3205 671 3283 videri,
685 3219 717 3271 et
734 3220 877 3272 verentes
893 3214 1094 3297 peccantium
1113 3214 1175 3280 lin-

136 3341 215 3406 guas
231 3317 363 3382 neforto
378 3315 461 3380 male
478 3315 517 3380 de
532 3315 577 3378 eis
592 3313 774 3401 loquantur,
788 3317 988 3382 sacerdotalis
1002 3307 1176 3388 severitatis

137 3427 357 3499 immemores,
374 3422 487 3488 nolunt
502 3420 633 3510 implere
648 3421 733 3508 quod
744 3423 896 3510 seriptum
911 3436 958 3488 est
973 3449 980 3489 :
993 3427 1024 3486 «⁶
1040 3428 1175 3495 Peccan-

176 3627 295 3685 ¹Jos.v1‚
317 3626 356 3678 18.
371 3652 401 3664 —-
414 3630 426 3664 ²
440 3645 449 3675 r
465 3629 555 3676 Joann.
574 3644 608 3687 rr,
626 3621 841 3676 15.-³1t0man.
860 3644 913 3688 nn,
931 3647 996 3678 2.-
1014 3633 1023 3665 t
1041 3630 1177 3684 icortmh.

132 3741 162 3782 v,
181 3721 206 3767 6.

173 3809 243 3857 ⁵Nn.
255 3826 280 3855 νι
289 3835 299 3845 -
308 3825 353 3858 vir.

172 3895 376 3958 6ι’[ἰιιινμο.
