2692 4610
372 299 404 344 ru
428 297 600 346 narratum«
622 297 750 344 nonnis
774 299 829 344 ιιι.
1052 277 1114 360 aly

1 498 2 507 ἵ
72 410 273 478 ambulasset
287 436 358 480 aras
376 427 409 480 et
424 414 509 482 idola
524 416 779 494 Atheniensium,
796 418 851 484 uhi
866 417 987 483 invenit
1004 414 1114 503 Serip-

72 533 138 586 tum
157 545 166 585 ε
187 521 315 612 Ignoto
327 525 398 589 Deo
408 522 433 599 ¹,
452 536 486 590 et
499 549 539 591 ex
554 526 617 593 hoc
635 530 731 594 verbo
745 526 878 616 sumpsit
894 525 1010 593 Christi
1031 546 1113 612 prae-

73 631 243 698 dicationis
265 633 450 708 exordium,
470 636 565 700 etiarn
590 637 634 702 ihi
654 659 723 702 aras
741 635 906 725 gentilium
924 635 1061 700 lustrans
1081 635 1112 697 in

76 742 195 806 sanctis
210 742 332 829 positus
346 755 429 818 erat,
445 746 519 831 quia
530 757 639 812 sancta
656 745 825 834 cogitabat.
841 745 949 810 Sedet
963 744 1113 832 quicum·

77 873 143 937 que
164 853 301 918 custodit
319 876 353 918 se
371 865 443 941 post
466 866 630 942 acceptam
648 855 780 944 gratiam
798 856 856 920 Dei
880 878 920 919 ue
941 853 1059 920 incidat
1078 852 1113 916 in

76 957 302 1036 homicidium,
319 962 352 1026 in
368 960 574 1038 adulterium,
588 964 623 1029 in
641 963 775 1036 furtum,
793 964 825 1028 in
841 961 954 1028 tatsum
967 962 1112 1027 testimo·

75 1068 179 1146 nium,
192 1081 224 1133 et
235 1068 296 1134 alia
311 1069 424 1136 similia
432 1095 444 1144 a
457 1073 514 1138 sed
528 1084 693 1159 permanet
705 1072 843 1137 mundus
854 1074 895 1138 ab
906 1073 993 1138 omni
1005 1083 1114 1137 conta-

70 1177 165 1266 gione
179 1179 323 1266 peccati,
343 1202 407 1244 non
428 1181 523 1245 exivit
542 1181 601 1246 iste
621 1180 660 1246 de
676 1180 806 1256 sanctis,
822 1193 854 1246 et
875 1204 938 1246 non
954 1179 1111 1246 contami·
1145 1253 1151 1264 ⁸

68 1289 159 1354 navit
173 1289 465 1356 sanctificationem
483 1291 539 1356 Dei
561 1291 608 1356 sui
626 1292 659 1356 in
678 1291 861 1378 semetipso,
878 1291 949 1377 quia
966 1299 1110 1356 sanctum

69 1395 184 1462 oleum
201 1397 383 1462 chrismatis
393 1397 452 1462 Dei
464 1398 511 1463 sui
527 1421 623 1486 super
638 1399 804 1486 ipsumest
806 1443 887 1462 ......

121 1502 191 1568 Sed
207 1505 285 1592 qnid
298 1505 447 1571 additur²
463 1507 639 1594 posthaec?
657 1506 742 1571 «Hic
758 1529 889 1571 uxorem
904 1505 1057 1594 virginem
1072 1506 1115 1570 de

74 1642 90 1676 ι
107 1635 229 1701 genera
246 1635 302 1678 suo
316 1614 451 1702 accipiet
468 1637 476 1678 ε
499 1613 627 1680 viduam
645 1626 766 1688 autem,
783 1625 816 1678 et
830 1615 979 1701 ejectam,
996 1625 1028 1678 et
1044 1635 1111 1678 me·

74 1750 89 1782 ι
104 1721 256 1786 retricem
268 1745 335 1788 non
346 1723 495 1810 accipiet,
508 1723 564 1788 sed
576 1723 728 1812 virginem
740 1722 781 1787 de
790 1745 905 1811 genere
920 1746 991 1800 suo,
1003 1735 1035 1787 et
1047 1744 1113 1788 noa

68 1860 84 1893 ι
101 1831 340 1896 contaminabit
354 1853 464 1896 semen
479 1853 574 1896 suum
595 1831 629 1896 in
645 1828 763 1919 populo
778 1853 836 1894 suo
853 1853 861 1895 r
880 1854 939 1919 ego
957 1831 1116 1896 Dominus

66 1970 81 2001 ι
99 1940 157 2027 qui
174 1939 344 2006 sanctifico
363 1962 438 2005 eum
448 1939 471 2004 ⁸.
486 1966 499 2001 s
515 1939 598 2018 Quia
614 1963 689 2027 ergo
704 1939 801 2004 totius
816 1940 1017 2027 expositionis
1032 1940 1111 2005 ordo

67 2050 112 2114 ad
127 2069 244 2112 verum
254 2047 464 2114 Sacerdotem
475 2071 628 2136 magnum
641 2060 806 2114 revocatus
817 2060 865 2114 est
881 2047 1056 2124 Christum,
1069 2050 1112 2114 vi-

70 2157 213 2222 deamus
224 2167 352 2224 nuncet
363 2157 438 2244 quid
454 2156 493 2222 de
504 2157 623 2245 nuptiis
634 2157 704 2243 ejus
716 2154 846 2244 intelligi
858 2157 983 2224 debeat.
998 2157 1116 2224 Paulus
1195 2133 1200 2150 ι

76 2261 256 2352 Apostolus
269 2263 361 2331 dicit:
383 2262 608 2332 «Volcentem
620 2288 672 2330 vos
684 2287 795 2330 omnes
811 2266 865 2330 nui
878 2267 946 2331 viro
959 2267 1110 2355 virginem

77 2403 94 2437 ι
114 2385 239 2440 castam
258 2374 400 2440 exhibere
414 2374 541 2441 Christo
557 2375 608 2440 ’.ι
629 2376 741 2442 Timeo
759 2388 867 2442 autem
881 2400 934 2454 ne,
951 2379 1033 2444 siout
1049 2401 1112 2444 ser·

71 2506 161 2572 pens
180 2482 301 2548 seduxit
325 2483 424 2548 Evam
445 2484 559 2549 astutia
580 2508 652 2559 sna,
669 2485 712 2550 ita
737 2498 984 2573 corrumpantur
1003 2509 1113 2554 sensus

68 2591 173 2656 vestri
190 2615 208 2654 a
229 2589 443 2678 simplicitate,
460 2613 530 2678 quas
550 2592 582 2656 in
598 2591 726 2658 Christo
740 2604 797 2656 est.
813 2591 889 2657 Vult
902 2617 978 2682 ergo
998 2593 1113 2661 Paulus

65 2723 189 2767 omnes
205 2698 388 2765 Corinthios
401 2701 554 2787 virginem
567 2713 686 2766 castam
702 2700 851 2766 exhihere
864 2702 990 2768 Christo
1004 2727 1013 2769 ε
1026 2706 1112 2792 quod

65 2813 187 2898 utique
212 2829 379 2895 nunquam
394 2806 500 2885 vellet,
517 2810 576 2874 nisi
599 2809 632 2873 id
654 2808 802 2896 possibile
818 2810 948 2877 videret.
969 2813 1059 2878 Unde
1080 2830 1113 2881 et

64 2919 195 2985 mirum
213 2915 348 2981 fortasse
362 2916 519 2993 videatur,
531 2917 694 3003 quomodo
707 2917 741 2982 hi
760 2917 814 3005 qui
831 2919 959 2984 diversis
975 2923 1114 3008 peccatis

61 3027 222 3116 corrupti
234 3025 277 3090 ad
289 3023 385 3090 fidem
396 3025 513 3092 Christi
525 3039 692 3102 venerunt,
702 3050 812 3092 omnes
823 3028 918 3093 simul
929 3030 1016 3119 virgo
1028 3043 1113 3097 casta

63 3139 245 3209 dicanturs
259 3159 333 3223 quae
344 3136 431 3224 virgo
443 3147 507 3200 tam
522 3147 645 3211 sancta,
659 3147 725 3201 tam
740 3148 825 3203 casta
840 3140 892 3214 sit,
906 3150 940 3204 ut
956 3151 1114 3206 mereatur

63 3247 170 3312 etiam
184 3243 309 3310 Christi
325 3243 442 3331 nuptiis
454 3241 607 3330 copulari.
622 3241 742 3308 Verum
754 3244 903 3331 quoniam
916 3245 985 3312 haec
996 3249 1035 3313 ad
1047 3271 1115 3314 cor·

68 3355 124 3420 nis
141 3353 361 3441 integritatem
377 3351 494 3416 referre
509 3375 573 3417 non
589 3374 770 3440 possumus,
782 3364 907 3418 certum
918 3368 965 3420 est
977 3357 1063 3443 quod
1074 3360 1115 3422 ad

72 3463 297 3548 integritatem
310 3459 424 3526 animm
436 3471 594 3548 spectent,
608 3463 714 3549 cujus,
728 3461 903 3527 meandum
919 3463 1015 3552 ipsius
1027 3466 1115 3533 Pauli

73 3572 284 3646 sententiam,
305 3568 489 3658 simplicitas
511 3569 584 3635 fidei
601 3593 670 3656 quat
687 3571 719 3635 in
737 3570 863 3636 Christo
878 3585 937 3648 est,
958 3575 1116 3664 virginitas

107 3765 116 3795 ¹
132 3765 191 3810 ,ti-t.
204 3779 268 3811 xrrt.
285 3761 326 3808 25.

103 3837 162 3886 1Κ.
176 3839 203 3887 5.
217 3852 243 3900 p.
260 3837 319 3892 252,
334 3833 391 3881 2⁵3.

106 3909 214 3959 'Levia
227 3923 281 3966 ιιι,
295 3907 333 3966 ll·
347 3905 398 3945 ..t
411 3921 423 3954 a
434 3907 494 3955 Cor.
504 3919 540 3964 xi,
552 3921 574 3956 a.
