2702 4610
231 235 291 300 10ss
671 264 813 312 onrenvrs

131 461 141 468 β
227 375 301 441 beru
318 379 490 446 Dominum
505 383 621 457 neseit;
645 385 829 452 verberatus
843 384 1012 474 supplicari
1030 409 1087 474 pro
1104 409 1137 453 se
1155 388 1265 454 Domi·

228 505 306 550 num
323 500 422 576 rogat.
442 489 497 554 Est
514 491 677 578 proiectus
696 494 728 559 in
749 496 863 583 poenis,
883 495 946 561 boo
964 496 1067 583 ipsum
1087 520 1263 585 agnoscere

230 595 316 682 quod
338 598 491 665 merueris
513 621 650 689 poennm.
672 603 811 670 «Nescio
832 629 921 695 ergo,
941 609 1002 680 ait,
1027 607 1214 679 Dominum·
1232 619 1265 672 et

226 705 354 772 »Israel
376 731 440 774 uon
463 709 628 776 dimitto.»
650 710 714 776 Sed
734 711 805 778 vide
831 712 865 778 in
886 711 1073 801 Evangeliis,
1099 713 1266 800 quomodo

229 815 412 881 verberatus
427 818 575 884 emendet
594 818 676 885 bone
693 844 816 886 vocem.
840 821 1002 910 Scriptum
1019 835 1067 887 est
1084 823 1171 887 enim
1191 824 1266 910 quie

228 919 445 994 clamaverunt
460 929 619 996 demones
635 929 676 993 nd
696 931 883 1007 Dominum,
901 944 933 996 et
949 933 1094 996 dixerunt
1115 955 1124 996 s
1150 931 1262 1010 «Quid

229 1035 367 1101 »venisti
382 1050 454 1104 unte
470 1051 597 1128 tempus
614 1052 762 1126 torquere
778 1042 860 1106 nosi‘
874 1041 1000 1106 Scimus
1016 1054 1047 1106 te
1066 1042 1120 1128 qui
1138 1042 1200 1107 sis:
1215 1041 1264 1106 Tu

228 1169 241 1200 v
257 1165 290 1207 es
305 1142 402 1212 Filius
417 1148 475 1213 Dei
491 1148 614 1213 vivifi»
631 1147 691 1213 Ubi
709 1160 866 1214 tormenta
882 1161 1060 1224 senserunt,
1076 1150 1182 1216 sciunt
1203 1151 1266 1216 Do·

229 1251 363 1319 minum.
387 1257 470 1323 Ante
485 1256 606 1346 {ingeila
632 1259 734 1324 dicit:
753 1258 1096 1333 «NesuioDominum,
1116 1271 1149 1324 et
1169 1260 1263 1324 lsrael

229 1386 324 1430 »non
343 1367 486 1441 dimitto;
502 1394 515 1430 s
530 1368 585 1432 sod
607 1381 716 1456 posten
739 1367 835 1434 isreel
858 1368 1000 1444 dimittit,
1022 1379 1054 1432 et
1074 1391 1138 1433 non
1162 1368 1266 1437 solum·

230 1469 372 1550 dimittit,
386 1476 442 1541 sed
460 1476 575 1564 etipse
593 1477 778 1564 perurgebit
792 1499 867 1541 eum
884 1477 978 1540 exire.
1001 1473 1091 1540 Nuiio
1110 1474 1197 1540 enim
1213 1498 1266 1541 so-

229 1580 327 1646 cietas
339 1581 418 1648 lueis
431 1584 471 1647 nd
483 1586 630 1650 tenebras
637 1609 647 1657 ς
663 1583 748 1650 nulie
760 1609 832 1674 pers
843 1583 929 1650 fideli
942 1605 1024 1651 eum
1033 1581 1156 1650 infideli
1164 1583 1185 1649 ¹.
1199 1583 1269 1649 Sed

231 1690 308 1776 quid
323 1691 430 1758 adbuc
445 1691 534 1758 eddit
550 1693 582 1757 in
600 1694 756 1781 responsis
772 1693 860 1758 suis?
876 1693 1022 1772 «Quare,
1036 1694 1153 1778 inquit,
1168 1691 1261 1777 Moy-

231 1826 244 1857 »
258 1823 307 1864 ses
320 1813 352 1866 et
366 1802 486 1876 Aaron,
503 1794 680 1888 pervertitis
695 1800 856 1890 populum.
868 1803 908 1867 nb
923 1800 1072 1887 operibus
1082 1800 1097 1863 i
1106 1798 1266 1864 biseedite-

232 1933 244 1964 s
259 1907 475 1995 unusquisque
492 1908 533 1974 ed
549 1930 628 1995 opus
644 1921 783 1974 vestrum
794 1908 816 1973 ⁸.
831 1938 844 1972 v
858 1910 970 1974 Donec
984 1931 1093 1974 secum
1108 1920 1155 1972 est
1169 1930 1268 1996 popu·

232 2015 293 2092 ius,
309 2031 341 2084 et
360 2017 463 2083 lutum
482 2029 632 2106 operetur
651 2043 689 2086 ac
703 2017 854 2093 laterem3
874 2018 977 2085 donee
994 2019 1027 2083 in
1051 2017 1148 2106 paleis
1169 2041 1267 2084 econ·

233 2137 325 2213 patus
340 2139 401 2204 est,
414 2151 479 2193 non
494 2141 584 2215 putat
599 2151 674 2194 eum
688 2151 756 2194 esse
770 2150 967 2216 perversum,
983 2126 1039 2192 sod
1052 2138 1140 2192 recto
1158 2127 1270 2192 itinere

234 2227 392 2304 iuuedere.
408 2237 442 2303 Si
459 2261 533 2304 vero
549 2238 646 2315 dieat,
659 2236 740 2306 Volo
755 2238 802 2302 ire
816 2239 900 2304 vium
913 2239 1009 2303 trium
1020 2237 1146 2302 dierum
1160 2248 1193 2301 et
1209 2261 1272 2302 ser·

236 2346 301 2411 vire
315 2348 466 2424 Domino,
479 2349 622 2437 perverti·
632 2347 785 2438 populum
799 2348 876 2414 dicit
891 2370 948 2436 per
961 2346 1091 2436 Moysen
1102 2359 1136 2411 et
1152 2347 1260 2412 Aaron.

236 2457 305 2523 idue
320 2457 449 2546 quidem
466 2459 633 2524 dioebntur
647 2458 794 2545 antiquis.
813 2457 878 2522 Sed
893 2469 926 2522 et
940 2455 1036 2522 hodie
1050 2455 1077 2522 si
1099 2455 1222 2543 Moyses
1236 2466 1270 2521 et

236 2567 355 2641 Aaron,
372 2567 404 2632 id
426 2578 475 2634 est
496 2565 704 2654 propheticus
722 2577 755 2630 et
777 2563 980 2630 sacerdotalis
1002 2586 1106 2634 sermo
1131 2563 1275 2628 unimam

236 2673 383 2742 sollicitet
397 2674 438 2740 nd
452 2674 614 2739 servitium
628 2673 686 2738 Dei
691 2723 701 2749 ,
713 2673 887 2761 invitetque
897 2696 969 2738 enm
983 2673 1069 2738 exire
1085 2671 1124 2737 de
1140 2669 1268 2747 soeouio,

238 2784 420 2848 renuntiare
429 2781 579 2848 omnibus
590 2804 661 2870 quae
672 2781 823 2871 possidet,
840 2805 969 2872 operum
981 2783 1056 2848 dare
1068 2781 1189 2847 divium·
1197 2779 1269 2870 legi,

237 2904 272 2956 et
285 2893 373 2979 sequi
390 2891 532 2959 Verbum
547 2891 625 2965 Deis
635 2893 789 2958 continuo
804 2892 914 2958 audies
926 2892 989 2958 diei
1004 2893 1043 2958 nb
1061 2891 1110 2957 bis
1121 2893 1177 2980 qui
1191 2891 1274 2957 Pha-

240 3002 328 3066 rnoni
345 3001 508 3067 unanimes
522 3011 555 3066 et
569 3001 664 3068 amisi
681 3001 757 3068 ¹suut
772 3025 781 3068 s
799 3000 913 3071 Videte
928 3001 1089 3090 quomodo
1112 3001 1276 3067 seducun-

240 3123 293 3176 tur
307 3110 450 3180 homines
462 3123 494 3177 et
508 3121 742 3199 pervertuntur,
762 3108 871 3198 quales
886 3106 1105 3175 adolescentes
1126 3131 1168 3173 ne
1190 3105 1280 3174 labo-

242 3229 331 3295 rent,
342 3243 384 3286 ne
401 3217 550 3297 militent,
566 3242 607 3286 ne
621 3233 716 3310 egent
731 3217 851 3308 aliquid
863 3217 952 3307 ¹quod
966 3217 1011 3282 eis
1026 3215 1140 3306 prosit,
1159 3215 1281 3282 relictis

242 3331 337 3396 rebus
359 3330 541 3396 necessariis
564 3340 597 3393 ot
619 3327 763 3404 utilibus,
780 3327 912 3417 ineptius
934 3337 1096 3392 sectentur
1110 3335 1146 3404 et
1162 3324 1274 3389 otium.

245 3439 331 3518 Quid
346 3451 393 3505 est
414 3440 530 3506 servire
549 3439 711 3505 Domino?
726 3439 885 3506 beborere
900 3433 1026 3510 nolunt,
1042 3447 1075 3500 et
1096 3434 1210 3504 inertis
1223 3434 1278 3499 otii

243 3547 425 3615 oeensiones
449 3547 626 3635 requirunt.
655 3547 731 3615 Haeo
754 3558 848 3615 erant
873 3557 951 3610 tune
972 3543 1069 3610 verbe
1092 3541 1278 3618 Phaenonis,

245 3658 316 3726 baeo
326 3668 359 3724 et
373 3679 460 3724 nuno
471 3657 563 3724 amici
579 3657 648 3744 ejus
663 3668 697 3722 et
710 3655 878 3724 iemiiinres
894 3652 1079 3741 loquuntur.
1094 3651 1166 3718 Non
1177 3649 1284 3734 solum·

247 3767 351 3836 verbis
361 3790 413 3834 res
422 3767 538 3856 egitur,
551 3778 729 3855 sequuntur
739 3777 771 3832 et
782 3766 926 3838 verbere,
938 3759 1089 3852 flagellari
1104 3759 1197 3850 jubet
1209 3759 1284 3827 sori«

284 3895 293 3932 ¹
305 3896 397 3948 unit.
411 3911 467 3960 rm,
479 3913 517 3962 ²9·
529 3897 609 3948 idere.
619 3915 639 3959 ι,
651 3898 689 3957 st.
699 3883 751 3936 '-²
762 3913 774 3946 2
784 3897 844 3947 Gor.
856 3911 891 3956 vr,
905 3893 943 3954 rt,
956 3896 994 3942 1⁵.
1007 3891 1056 3931 -⁸
1069 3889 1149 3942 Erod.
1161 3905 1188 3951 v,
1201 3891 1229 3950 4.
