2744 4624
228 293 277 369 ,54
639 327 643 338 ·
681 309 825 352 ontourus

236 425 362 497 initium
374 429 453 496 ineis
465 428 645 518 splenderet
657 430 689 494 in
702 430 799 495 eorde
810 429 890 516 ejus.
908 426 1025 493 Stravit
1035 427 1154 492 asinam
1167 442 1269 503 suam,

236 539 317 627 ligna
335 534 533 626 praeparavit.
551 539 720 626 assumpsit
735 535 847 602 filium.
864 537 933 604 Non
950 535 1116 612 deliberet,
1135 559 1198 601 non
1212 536 1271 602 de-

238 653 366 723 tractet,
384 668 448 713 non
464 647 680 714 communicat
696 667 771 713 cum
788 646 853 712 uilo
869 647 998 713 homine
1014 642 1194 721 eonsilium,
1215 648 1271 712 sed

158 755 160 758 ¹
238 762 342 825 statim
358 769 494 846 occupet
508 759 580 834 iter,
598 783 611 818 ι
626 755 665 825 Et
682 758 837 846 pervenit,
855 758 979 844 inquit,
994 758 1035 823 ad
1051 756 1158 823 iocum
1174 773 1270 845 quem

238 897 251 931 s
267 871 387 934 dixerat
402 864 429 932 oi
446 868 605 933 Dominus
614 869 665 933 die
683 866 783 932 tertio.
804 895 817 928 ι
836 867 957 932 Omitto
973 887 1060 932 nunc
1076 865 1154 954 quid
1170 887 1273 933 enera-

238 970 336 1044 monti
361 977 523 1042 nominent
547 975 613 1040 dies
637 977 742 1049 tertia,
758 975 944 1063 sapientium
961 987 994 1040 et
1011 973 1179 1041 consilium
1199 977 1271 1040 tan-

236 1087 331 1152 tautis
345 1087 481 1150 intueor.
498 1085 554 1151 ste
568 1085 600 1149 in
617 1085 761 1174 proximo
776 1107 840 1150 non
855 1095 923 1148 erat
938 1101 1030 1150 mons
1046 1083 1171 1172 uliquis,
1195 1101 1272 1150 cum.

235 1209 338 1263 totum
354 1207 501 1284 rigaretur
516 1190 548 1259 in
565 1195 741 1269 montibus,
758 1193 813 1258 sed
832 1193 1046 1281 pertriduum
1063 1194 1122 1258 iter
1137 1205 1271 1283 proten-

236 1308 333 1380 ditur,
352 1317 387 1369 ut
408 1324 466 1393 per
486 1315 589 1369 tutum
613 1305 755 1369 triduum
776 1305 1011 1370 recursantibus
1034 1304 1120 1369 euris
1137 1317 1269 1392 paterna

236 1418 354 1482 rieoeru
371 1416 568 1488 erudientur,
583 1421 615 1477 et
631 1414 718 1478 omni
733 1412 796 1478 hoo
818 1414 918 1499 spatio
934 1423 999 1478 tom
1021 1411 1143 1502 prolixo
1165 1415 1271 1480 intua-

237 1535 325 1589 retur
348 1519 449 1586 iiiium
475 1533 576 1608 pater,
600 1521 708 1586 aihum
732 1542 806 1585 cum
825 1543 864 1584 eo
885 1533 1038 1597 sumeret,
1056 1525 1102 1585 tot
1123 1523 1269 1589 noctibus

237 1644 316 1722 puer
339 1630 493 1718 penderet
516 1629 548 1694 in
574 1627 772 1717 amplexibus
800 1629 910 1716 patris,
938 1624 1108 1696 inhereret
1130 1633 1265 1719 pociori,

239 1741 395 1809 cubitaret
413 1741 443 1804 in
461 1736 605 1828 gremioi'
619 1737 701 1804 Vide
722 1740 908 1826 inquantum
926 1741 1058 1805 tentatio
1075 1739 1260 1805 cumulatur.

237 1853 343 1917 Tertia
360 1862 466 1915 tumen
484 1849 550 1914 dies
566 1870 692 1936 semper
707 1861 778 1936 opta
795 1849 831 1914 srt
845 1848 1058 1915 sacramentis.
1076 1849 1154 1916 Nam
1166 1859 1198 1913 et
1213 1869 1266 1937 pu·

235 1958 328 2049 puina
343 1975 417 2024 oum
432 1956 549 2021 exisset
565 1955 604 2020 de
621 1955 770 2043 AEgypto‚
789 1957 880 2021 tertia
898 1958 949 2022 die
962 1957 1056 2022 offert
1078 1957 1268 2023 sucrificium

236 2069 317 2143 Deo,
333 2067 412 2134 etin
428 2059 480 2130 die
495 2065 585 2128 tertia
603 2063 799 2152 purificetur.
816 2066 856 2130 lit
867 2067 1057 2132 resurreetio
1069 2067 1197 2133 Domini
1210 2077 1270 2132 ter·

238 2178 280 2243 tiu
296 2187 343 2242 est
359 2177 431 2241 die:
447 2187 479 2239 et
495 2172 593 2238 multu
610 2173 668 2240 alia
685 2175 765 2240 intru
782 2175 865 2242 hono
880 2177 965 2242 diem
979 2179 1125 2264 mysteria
1142 2178 1272 2244 conclu-

237 2287 365 2351 duntur.

280 2395 319 2462 V,
338 2422 351 2453 ι
365 2394 559 2483 Respiciens,
576 2395 700 2480 inquit,
715 2395 877 2462 Abraham
893 2397 971 2462 vidit
986 2397 1092 2462 iocum
1109 2398 1148 2462 de
1164 2399 1270 2489 ionga,

239 2519 298 2572 »et
310 2505 387 2571 dixit
400 2499 439 2571 ad
454 2520 568 2592 pueros
584 2525 660 2570 suos
676 2528 684 2594 ξ
700 2505 815 2569 Sedete
831 2507 883 2570 hic
893 2524 968 2570 cum
981 2509 1080 2580 asine,
1091 2528 1150 2595 ego
1162 2524 1271 2575 autem

237 2645 250 2677 s
266 2628 298 2680 et
313 2631 393 2702 puer
407 2612 524 2677 ibimus
541 2633 639 2697 usque
658 2608 748 2684 iiiuc,
764 2622 797 2674 et
813 2633 887 2675 uum
904 2613 1151 2690 adoraverimus,
1168 2636 1274 2683 rerer-

237 2753 250 2785 »
267 2736 371 2788 tamur
386 2720 428 2784 ad
443 2719 527 2784 ros¹.
543 2747 556 2781 ι
577 2719 694 2783 Pueros
712 2711 851 2783 dimittit.
871 2719 940 2784 Nun
956 2721 1041 2784 onim
1056 2733 1204 2807 poterunt
1220 2747 1272 2788 es-

237 2833 374 2898 eendere
397 2829 486 2918 pueri
508 2848 582 2894 oum
606 2826 766 2894 Abraham
784 2828 823 2892 etl
845 2823 1020 2893 holocausti
1043 2828 1151 2894 locum
1173 2850 1270 2918 quem

238 2941 419 3008 ostenderat
442 2939 537 3004 Deus.
563 2937 654 3004 «Vos
673 2959 763 3025 ergo,
787 2937 908 3023 inquit,
936 2937 1042 3004 sedate
1061 2954 1145 3028 tego
1165 2949 1272 3007 autem

240 3060 299 3113 tet
323 3045 425 3112 insons
447 3044 578 3116 ibimus,
600 3056 632 3107 et
655 3065 728 3107 cum
750 3042 995 3118 adoraverimus,
1019 3053 1216 3111 revertemur
1231 3049 1273 3114 ad

239 3179 332 3236 evoe,
351 3179 363 3216 r
384 3153 442 3220 nto
456 3153 548 3228 mihi,
566 3151 742 3226 Abrohom,
759 3167 869 3218 verum
885 3154 963 3220 dicis
984 3155 1024 3220 nd
1039 3171 1167 3244 pueros,
1184 3160 1272 3245 quod

237 3263 349 3329 adores
367 3273 402 3326 et
424 3261 533 3327 redeas
555 3278 630 3327 eum
653 3259 784 3335 intanto,
808 3279 847 3324 au
873 3255 976 3326 saliisi
991 3263 1023 3329 Si
1047 3279 1155 3330 terum
1178 3267 1270 3344 diets,

1362 2939 1365 3029 ¹

1360 3257 1362 3326 i

236 3393 313 3458 ergo
329 3390 393 3435 non
408 3369 588 3435 iueieseum
603 3367 836 3434 holoeaustum.
852 3369 886 3435 si
901 3371 992 3448 tritis,
1006 3385 1129 3440 tantum
1141 3380 1279 3464 patriar<
1358 3403 1361 3474 3

238 3479 333 3546 eham
355 3501 417 3544 non
443 3479 535 3544 deeet
556 3475 672 3544 fullero.
700 3478 789 3558 Quid
810 3481 896 3545 enim
922 3482 1017 3548 enimi
1041 3485 1072 3549 in
1097 3491 1127 3549 te
1151 3486 1272 3554 indicat
1359 3499 1360 3539 ἐ

239 3611 343 3654 sermo
366 3585 441 3654 hie?
462 3587 595 3663 Verum,
619 3589 734 3676 inquit,
756 3590 842 3665 dieu,
865 3604 897 3656 et
923 3592 1144 3660 holocaustum
1170 3596 1270 3662 offero
1356 3643 1358 3680 t

239 3720 382 3792 puerum.
403 3696 527 3763 idcirco
542 3698 628 3762 enim
642 3695 725 3786 ligna
742 3719 869 3766 meeum
884 3714 988 3789 porto,
1005 3713 1036 3767 et
1053 3725 1127 3767 cum
1138 3703 1206 3791 ipso
1218 3729 1272 3770 re·
1355 3691 1358 3778 i

274 3823 282 3855 ¹
295 3823 357 3871 Gen.
375 3837 436 3882 nrt,
449 3824 509 3883 M.

1354 3781 1357 3860 i

1353 3871 1356 3998 i

1347 4115 1354 4210 t]
