2744 4600
266 301 327 366 556
703 321 845 366 carueris

264 443 308 532 git
330 442 484 508 Dominus
505 451 537 507 et
555 440 696 508 Salvator
716 454 834 516 noster,
858 439 913 507 sed
934 452 967 508 et
992 439 1068 508 alios
1090 443 1275 531 septuaginta

266 554 358 628 duos,
374 554 492 620 idcirco
512 577 576 619 non
596 552 697 619 solum
715 553 882 620 duodecim
904 552 1020 626 fontes.
1042 553 1098 618 sed
1111 565 1145 618 et
1158 565 1277 642 septus-

266 665 350 751 gintu
367 663 436 728 duae
452 665 579 730 arbores
594 664 777 729 scribuntur
790 685 858 728 esse
869 658 1061 751 palmorums
1076 673 1109 728 et
1128 663 1185 751 ipsi
1199 663 1278 728 enim

268 770 398 859 apostoli
412 772 629 846 nominantur,
642 773 722 838 sicut
736 787 768 838 et
783 771 979 861 ipse'Paulus
994 773 1083 848 dicit,
1096 795 1172 839 oum
1187 773 1224 838 de
1238 797 1281 839 rs·
1357 823 1359 838 .

269 883 463 948 surrectione
474 871 643 948 salvatoris
654 893 835 973 exponeret.
853 882 958 957 Visus,
974 884 1087 971 inquit,
1100 895 1148 949 est
1160 881 1218 949 iilia
1233 907 1282 949 un

244 1010 245 1018 ¹
269 990 384 1065 decim,
396 991 509 1056 deinde
522 992 665 1080 apperuit
674 1005 707 1057 et
717 993 864 1060 omnibus
876 991 1022 1080 apostolis
1031 991 1053 1058 ¹.
1065 995 1101 1059 ln
1114 1017 1179 1080 quo
1189 1005 1283 1059 osten·

270 1101 316 1166 dit
327 1123 395 1166 esse
409 1113 441 1167 et
457 1100 532 1169 alios
547 1100 717 1192 apostolos,
734 1103 872 1191 exceptis
886 1101 946 1168 illis
966 1103 1145 1169 duodecim.
1166 1105 1241 1171 Hec
1257 1117 1283 1169 te

268 1233 342 1300 orgo
358 1212 522 1276 omoenitss
536 1223 608 1300 post
621 1211 875 1286 amaritudinem.
893 1214 962 1278 baec
979 1225 1010 1278 te
1025 1215 1150 1301 requies
1165 1227 1235 1302 post
1248 1212 1282 1279 la-

269 1323 392 1396 borem,
410 1321 479 1388 baec
496 1333 527 1386 te
541 1322 637 1410 gratia
654 1335 725 1410 post
740 1331 933 1388 tentamenta
947 1323 1095 1412 suscipiet
1109 1344 1117 1386 r
1133 1323 1278 1389 «Profecti

271 1444 384 1507 nsunt,
401 1433 524 1518 iuquit,
545 1432 584 1498 de
602 1430 718 1506 rtatim,
735 1444 767 1497 et
785 1429 1004 1520 applicuerunt
1020 1431 1107 1519 juxta
1124 1455 1214 1498 more
1226 1433 1284 1498 Ru·

273 1542 423 1608 sbrum².
438 1541 601 1608 »Observa
612 1542 683 1628 quia
699 1543 764 1629 jam
776 1563 840 1608 non
855 1543 974 1608 intrent
985 1543 1018 1608 in
1034 1565 1121 1607 marc
1132 1542 1287 1618 Rubrum,

270 1651 367 1718 semel
382 1663 505 1716 tautum
525 1649 640 1716 sufficit
655 1652 799 1726 intrasse,
822 1651 916 1718 ruodo
937 1653 1002 1738 jum
1024 1649 1187 1740 applicant
1205 1653 1290 1740 juxta

271 1785 370 1836 more,
389 1774 423 1826 ut
437 1761 562 1827 videant
573 1760 701 1848 quidem
711 1771 811 1837 baare,
824 1773 856 1826 et
871 1761 970 1827 undas
980 1763 1050 1849 ejus
1062 1763 1222 1851 aspiciunt,
1234 1785 1291 1827 ne-

271 1895 428 1961 quequam
438 1883 542 1938 temen
554 1883 658 1938 motus
671 1873 766 1961 ipsius
780 1885 812 1937 et
824 1873 959 1962 impetus
972 1871 1210 1960 pertimescant:
1221 1899 1233 1930 ι
1244 1873 1286 1936 Et

272 2011 285 2044 s
300 1979 1049 2070 profectisuntaRubromori‚etapplicueruntin
1058 1981 1289 2048 desertoSin⁸.·

274 2091 329 2156 Sin
343 2094 441 2158 rubus
456 2093 693 2181 interpretetur,
708 2092 771 2158 sive
787 2093 929 2158 tentatio.
945 2093 1059 2180 Incipit
1069 2115 1148 2180 ergo
1163 2093 1221 2158 tibi
1228 2095 1284 2178 jam

272 2199 408 2265 arridere
423 2202 580 2266 bonorum
595 2223 675 2288 spes.
695 2200 774 2279 Qus
789 2212 836 2266 est
847 2211 954 2266 sutem
967 2202 1126 2266 bonorum
1144 2201 1287 2290 spesibe

272 2313 352 2376 rubo
365 2312 507 2400 apparuit
522 2311 689 2386 Dominus,
702 2323 734 2375 et
745 2333 892 2399 responsa
905 2311 991 2377 dedit
1006 2309 1118 2399 idoysi,
1132 2323 1166 2376 ct
1184 2313 1296 2380 debinc

272 2420 394 2486 initium
407 2420 588 2486 visitationis
599 2420 718 2486 fretum
729 2443 746 2485 a
758 2421 895 2486 Domino
905 2420 946 2484 ad
957 2418 1038 2490 filios
1049 2432 1097 2485 est
1108 2421 1223 2488 lsrael.
1240 2423 1302 2489 Sed

274 2554 337 2596 uon
352 2531 451 2596 otiose
471 2531 526 2596 Sin
541 2531 636 2595 etiam
654 2532 787 2596 tentatio
807 2532 1039 2618 interpretetur.
1061 2528 1151 2596 Solet
1165 2533 1259 2598 enim
1273 2536 1303 2598 in

273 2641 443 2707 visionibus
459 2664 526 2707 esse
542 2641 683 2706 tentatio.
700 2640 780 2707 Nam
794 2664 1022 2728 nonnunquam
1033 2640 1174 2731 Angelus
1188 2644 1306 2733 iniqui·

272 2753 343 2818 totis
358 2750 559 2840 transfiguret
575 2773 607 2816 se
623 2752 655 2816 in
675 2751 830 2840 Angelum
853 2749 942 2817 lucis.
966 2751 1006 2816 Et
1026 2752 1097 2817 ideo
1119 2755 1309 2822 cavendum

272 2873 333 2936 est,
355 2873 387 2927 et
409 2859 539 2927 sollicite
561 2860 732 2949 egendum,
749 2871 784 2926 ut
799 2859 935 2940 scienter
958 2859 1116 2926 discernas
1141 2863 1311 2928 visionum

273 2993 384 3059 genua
400 2972 481 3037 sicut
490 2982 524 3035 et
534 2969 627 3036 Jesus
639 2969 724 3035 Nave
735 2991 809 3035 cum
821 2968 971 3034 visionem
983 2969 1104 3036 videret
1114 2971 1225 3038 sciens
1236 2996 1312 3038 esse

274 3082 306 3146 in
325 3083 386 3148 hoc
401 3081 619 3154 tentationem,
644 3080 749 3145 statim
772 3079 901 3164 requirit
917 3079 1012 3144 abeo
1029 3080 1084 3167 qui
1105 3083 1265 3168 appanrit
1282 3097 1313 3147 et

275 3192 372 3257 dicit:
388 3217 401 3251 v
418 3190 531 3256 Noster
544 3213 590 3264 es,
607 3213 646 3255 an
662 3189 913 3254 adversariorum
923 3187 958 3252 ‘i
975 3217 988 3250 s
1004 3188 1050 3253 Its
1066 3211 1143 3278 ergo
1159 3203 1198 3256 et
1213 3192 1315 3281 profi·

276 3302 362 3366 ciens
376 3300 478 3366 anima
496 3298 549 3365 ubi
564 3298 652 3365 adid
668 3297 786 3364 venerit
802 3309 836 3360 ut
850 3298 915 3383 jam
933 3296 1062 3384 incipiat
1074 3295 1314 3366 discretionem
1361 3287 1363 3372 i

275 3407 392 3472 babere
415 3409 581 3482 visionum,
603 3407 676 3473 inde
699 3407 886 3495 probabitur
906 3404 1073 3493 spiritualis
1087 3429 1173 3483 esse,
1200 3410 1229 3475 ai
1256 3413 1313 3476 scit

278 3516 382 3582 omnio
395 3517 581 3583 discernere.
597 3517 720 3584 ldcirco
730 3515 865 3603 denique
877 3527 909 3580 et
924 3515 1007 3582 inter
1017 3515 1099 3582 donu
1112 3519 1307 3606 spiritualis.

278 3649 375 3691 unum
398 3650 436 3692 ex
459 3627 547 3694 donis
570 3628 669 3694 suncti
692 3626 825 3714 Spiritus
847 3649 915 3692 esse
934 3639 1129 3692 memoratur
1153 3629 1302 3698 discretis

275 3736 450 3824 spirituum.

310 3897 318 3928 ¹
335 3913 340 3940 r
362 3895 474 3944 Corinth.
493 3914 532 3946 xv.
547 3928 575 3934 -
590 3897 601 3930 ²
619 3899 721 3949 Numer.
739 3915 828 3960 xxxvii,
842 3917 879 3948 ru.
893 3897 940 3937 -ι
957 3897 1073 3956 ibidem,
1093 3915 1129 3944 rr.
1144 3925 1175 3934 -
1197 3901 1320 3952 *Ju‘un
