2644 4612
303 319 333 362 nv
358 318 526 361 canrvcvvo
544 317 747 361 canrvconou
770 305 838 361 nra.¹
858 319 904 360 111.
1057 293 1120 359 505

96 457 183 502 suum
198 436 355 524 produxit:
374 437 451 503 vites
464 460 539 504 vero
555 437 588 503 in
607 449 731 504 tantum
744 437 785 503 de
800 435 950 525 temporis
968 433 1125 522 tranquil·

9 559 10 596 ι
99 543 181 608 litate
195 567 255 610 non
276 545 440 620 dubitant,
459 557 492 610 ut
506 543 600 610 flores
616 567 689 610 suos
709 546 774 633 jam
789 545 927 612 audeant
946 544 1123 632 odoresque

9 685 10 710 ;
98 650 238 738 prolerre.
259 653 332 719 Haec
357 653 485 740 quidem
507 655 548 719 de
568 651 795 740 tranquillitate
821 652 973 741 temporis
1003 652 1122 719 indicat

9 807 10 818 ,
98 778 210 843 sponse
221 767 254 820 ut
264 758 384 844 majore
400 779 474 823 cnm
486 757 603 824 fiducia
616 758 754 846 arripere
766 757 826 822 iter
838 755 1117 845 audeat'pergendi

9 891 10 928 l
98 863 135 928 ad
148 887 301 952 sponsum.
326 865 391 931 Sed
410 876 444 930 et
465 863 573 932 locum
597 864 746 930 describit
761 864 809 940 ei,
826 865 860 930 in
875 887 942 952 quo
961 862 1030 930 volt
1051 884 1123 928 eam

96 994 196 1037 secum
210 972 428 1059 requiescere:
443 984 476 1036 et
488 972 565 1038 dicit
580 971 758 1038 velamento
776 971 945 1060 cujusdam
961 971 1024 1038 saxi
1038 969 1124 1059 qood

94 1102 181 1144 muro
198 1079 274 1168 ipsi,
299 1079 351 1144 vel
375 1078 446 1146 loco
461 1103 521 1168 pro
547 1078 660 1147 murali
684 1080 872 1169 contiguum
893 1079 950 1155 sit,
974 1077 1127 1167 opacissi·
1218 1135 1223 1144 .

92 1207 174 1250 mum
190 1186 361 1274 quemdam
375 1187 458 1253 effici
473 1186 601 1254 locum:
616 1187 656 1253 ad
674 1209 771 1276 quem
785 1187 893 1252 venire
904 1209 975 1253 eam
994 1184 1077 1262 vult,
1091 1196 1124 1250 et

92 1292 191 1361 abluto
216 1294 371 1362 velamine
392 1295 436 1360 ibi
458 1296 528 1383 ejus
554 1294 724 1364 revelatam
750 1295 864 1361 saniem
893 1294 1060 1369 contueri,
1088 1304 1123 1357 ut

95 1400 168 1468 lucie
188 1400 358 1466 adfaciem
381 1399 558 1466 innotescet
580 1423 695 1489 sponso
719 1423 796 1475 suo,
819 1399 853 1464 e't
874 1421 939 1464 non
961 1397 1064 1464 solum
1080 1397 1125 1462 la-

94 1509 169 1575 oiem
183 1509 251 1594 ejus
263 1505 435 1575 revelatam
449 1507 554 1574 videat
568 1529 703 1597 sponsus
720 1520 753 1572 et
768 1505 922 1582 liberem,
943 1506 999 1572 sed
1020 1517 1053 1570 et
1074 1528 1128 1570 vo·

95 1639 161 1682 cem
176 1617 243 1704 ejus
264 1616 308 1681 ibi
324 1615 447 1691 audiat,
472 1627 578 1682 certus
602 1616 665 1701 jam
688 1615 774 1702 quod
794 1627 826 1679 et
848 1614 943 1680 facies
970 1615 1039 1702 ejus
1054 1612 1125 1702 pul-

98 1723 167 1788 chra
188 1725 243 1799 sit,
273 1735 306 1789 et
330 1747 390 1789 vox
414 1725 483 1811 ejus
506 1725 667 1806 suavisac
686 1721 891 1788 delectabilia.
918 1723 994 1787 ldec
1016 1732 1122 1788 autem

96 1833 314 1918 praevenientes
329 1831 553 1919 conjunximus
567 1881 577 1906 ,
589 1855 629 1897 ne
652 1829 796 1896 ordinem
815 1829 986 1904 dramatis,
1002 1841 1035 1894 et
1057 1829 1124 1895 his·

9 1971 10 2032 j
91 1939 172 2004 toriae
194 1951 316 2004 textum
330 1940 510 2004 videremur
534 1941 776 2028 interrumpere.
807 1938 872 2004 Sed
896 1939 1121 2025 praevenientes

9 2103 10 2138 p
86 2046 249 2134 paululum
277 2069 374 2133 usqne
402 2047 441 2111 ad
468 2045 557 2111 illurn
589 2045 697 2112 locum
726 2045 841 2111 fabulae
871 2047 1016 2112 ordinem
1046 2068 1123 2132 pro-

86 2154 189 2218 secuti
213 2175 321 2216 sumus
346 2153 397 2216 uhi
415 2153 480 2216 ait:
509 2153 694 2232 «Quoniam
716 2177 774 2218 vox
795 2165 849 2218 tua
877 2154 998 2227 suavis,
1026 2152 1122 2218 iacies

9 2315 12 2358 ἰ
86 2272 161 2326 »toa
184 2259 389 2346 speciosa¹.r
420 2260 511 2324 Nunc
536 2282 612 2346 ergo
634 2271 811 2348 repetentes
833 2259 993 2326 videamus
1017 2260 1121 2347 primo

86 2369 161 2456 quid
176 2379 225 2431 est
240 2368 325 2453 quod
340 2368 384 2432 ait
399 2389 407 2430 ι
425 2365 457 2428 V
458 2391 497 2431 ea·
512 2367 643 2456 fraterni
657 2366 715 2432 mei
723 2365 744 2431 ².
767 2368 814 2432 Ex
833 2389 910 2432 voce
926 2364 991 2432 sola
1007 2367 1047 2432 ab
1059 2367 1123 2431 Ec·

9 2487 10 2490 ’
85 2476 177 2542 clesia
193 2497 251 2538 sua
271 2475 375 2562 primo
397 2474 540 2540 Christus
563 2475 751 2563 agnoscitur.
775 2474 881 2539 Primo
902 2474 989 2539 enim
1011 2495 1122 2540 vocem

85 2607 172 2650 suam
184 2582 335 2670 premisit
350 2606 407 2669 per
421 2581 607 2670 prophetas,
624 2593 656 2648 et
672 2605 744 2646 cum
762 2604 825 2646 non
837 2581 997 2647 videretur
1012 2582 1122 2648 audie-

9 2679 10 2686 *
84 2690 177 2754 batur
192 2699 310 2751 tamen.
328 2687 525 2752 Audiebatur
538 2699 644 2752 autem
656 2709 760 2774 peren
773 2709 842 2772 quae
854 2687 1121 2752 annuntiabantur

9 2865 12 2886 ,
84 2797 122 2862 de
137 2819 176 2860 eo
192 2819 200 2860 ι
219 2806 250 2859 et
262 2796 382 2861 tamdiu
395 2817 509 2883 sponsa
520 2845 530 2870 ,
543 2796 634 2860 idest
646 2844 654 2869 ,
671 2793 812 2860 Ecclesia
828 2817 897 2881 quae
909 2796 949 2860 ab
961 2794 1050 2859 initio
1061 2817 1121 2860 sae-

9 2893 11 2902 *
84 2902 146 2969 culi
162 2904 434 2990 congregabatur,
458 2900 556 2967 solam
572 2924 683 2967 vocem
704 2903 773 2988 ejus
795 2901 932 2979 audivit,
958 2923 1120 2990 usquequo

9 3061 12 3102 p
82 3009 181 3077 oculis
193 3009 257 3073 suis
269 3033 342 3074 curn
355 3009 493 3085 videret,
510 3022 543 3074 et
557 3011 678 3076 diceret
693 3034 701 3074 :
724 3037 736 3070 ι
750 3011 833 3075 Ecce
846 3009 899 3076 hio
911 3011 996 3076 venit
1006 3011 1119 3077 saliens

9 3107 12 3120 ’
83 3141 200 3206 »super
221 3129 363 3192 montes,
386 3117 562 3184 transiliens
586 3141 681 3206 super
703 3117 861 3184 colles⁸.r
882 3119 1020 3186 Saliehat
1033 3121 1119 3186 enim

83 3249 177 3314 super
193 3225 394 3312 propheticos
410 3237 552 3302 montes,
570 3238 603 3290 et
625 3239 749 3292 sanctos
771 3226 887 3302 colles,
911 3226 979 3294 illos
999 3228 1120 3295 scilicet

85 3331 180 3416 quiin
192 3331 254 3396 hoc
266 3330 387 3395 mundo
398 3331 567 3418 imaginem
579 3329 647 3420 ej'us
658 3331 856 3418 formamque
867 3344 1041 3420 gesserunt,
1053 3331 1118 3396 Sed

81 3445 113 3499 et
135 3438 160 3502 si
179 3435 211 3497 in
226 3434 383 3523 Apostolis
398 3462 471 3503 eum
486 3461 584 3524 ponas
606 3437 694 3523 quasi
715 3436 747 3500 in
768 3437 930 3503 montibus
952 3437 1116 3503 salientem

81 3560 113 3612 et
128 3549 322 3614 eminentem
337 3547 481 3620 cunctis,
497 3558 529 3609 et
544 3547 576 3610 iu
595 3543 728 3610 collibus
748 3545 952 3612 nihilominus
970 3545 1018 3609 his
1034 3545 1118 3608 dun-

80 3669 167 3722 taxat
181 3657 235 3743 qui
251 3655 392 3722 secundo
407 3653 478 3719 loco
495 3652 587 3718 electi
605 3654 643 3719 ab
660 3677 698 3719 eo
714 3667 746 3719 et
762 3656 847 3722 missi
863 3666 955 3728 sunt,
978 3653 1118 3716 nouerit

79 3765 316 3829 inconveniens.
336 3764 372 3827 ln
389 3762 436 3826 his
455 3761 540 3828 enirn
558 3760 665 3826 similis
681 3763 817 3832 allicitur
833 3784 969 3850 capreae,
991 3770 1022 3822 et
1043 3758 1118 3824 hin·

119 3911 252 3970 ¹can1.a,
270 3913 307 3969 ιι.
319 3937 350 3943 -
363 3903 373 3936 ²
384 3907 449 3956 ιιιι.
463 3909 546 3954 s.-³
563 3907 624 3956 ιιιι.
