2660 4610
329 310 361 352 m
385 308 548 352 eraricum
572 309 777 354 cturrconcu
800 310 860 351 ιιι.
887 310 909 350 ι.
1069 286 1130 371 591

93 429 281 518 praecellens
292 443 424 496 caeteros
438 431 601 507 homines,
618 430 794 521 principale
811 432 934 506 cordis,
955 441 987 494 et
1002 451 1135 518 operum

95 537 195 604 decus
212 537 278 604 ruit
290 561 358 604 esse
371 539 405 604 in
420 538 646 606 sacerdotibus.
662 539 709 605 De
724 563 788 627 quo
803 537 926 628 plenius
937 539 970 602 in
986 536 1068 604 libro
1078 538 1136 602 Le·

1 695 2 706 ,
96 646 194 712 vilico
207 696 217 721 ‚
231 657 326 735 prout
342 646 497 712 Dominus
514 647 589 712 dare
605 647 829 736 dignatusest,
846 645 1058 734 exposuimus.
1078 645 1137 709 Se-

100 753 244 818 cundum
263 751 331 818 baec
348 776 425 842 ergo
439 753 535 818 etiam
555 754 750 842 inpraesenti
765 752 857 830 loco,
875 752 1136 840 quandoquidem

1 908 2 911 κ
99 861 287 926 amatorium
305 860 551 926 rideturdrama
564 862 785 949 quodagitur,
799 861 833 925 in
852 858 1004 924 uberibus
1022 846 1138 946 princi-

95 965 170 1053 pale
181 967 284 1033 cordis
296 966 525 1056 intelligamus,
539 980 575 1032 ut
585 966 651 1034 tale
665 968 808 1033 videatur
819 991 888 1032 esse
899 967 985 1056 quod
998 967 1135 1032 dicitur:

95 1073 163 1137 Cor
177 1085 288 1148 tuum.
309 1097 328 1138 o
348 1098 463 1165 sponse
486 1078 595 1141 meust
612 1074 726 1151 idest,
748 1075 895 1162 dogmata
920 1097 990 1161 quae
1005 1074 1088 1138 intra
1106 1083 1141 1136 te

94 1191 186 1256 sunt,
205 1179 255 1246 rel
278 1181 432 1248 doctrInae
446 1183 565 1271 gratia,
581 1193 710 1271 superat
724 1205 821 1247 omne
835 1182 964 1257 vinnm,
980 1181 1065 1268 quod
1082 1203 1143 1246 cor

96 1287 236 1356 hominis
251 1286 413 1356 letificare
427 1289 516 1357 solet.
535 1291 626 1360 Sicut
642 1291 727 1356 enim
745 1291 778 1355 in
792 1289 841 1355 his
861 1289 900 1354 dc
915 1289 1031 1377 quibus
1043 1289 1136 1354 dicit:

103 1421 119 1454 ι
131 1396 215 1475 Quia
236 1396 340 1464 Deum
356 1397 579 1476 ridebunt¹,r
609 1422 665 1464 cor
688 1409 908 1486 competenter
929 1398 1051 1463 dictum
1071 1419 1146 1462 esse—

1 1587 2 1590 *
99 1503 244 1580 ridetur,
261 1517 294 1568 et
313 1507 396 1570 inter
418 1506 655 1573 discumbentes
670 1506 776 1582 sinus,
798 1529 835 1572 ae
859 1516 974 1594 pectus
992 1503 1122 1592 ponitur
1130 1553 1141 1580 „

1 1694 2 1697 Ἴ
102 1635 161 1700 pro
175 1611 285 1676 habitu
302 1613 369 1678 sine
386 1613 484 1678 dubio
500 1613 786 1689 discumbentium,
801 1612 969 1700 formaque
983 1609 1142 1676 conviviis
1250 1598 1260 1608 ⁸

104 1729 138 1784 et
161 1741 266 1784 rursus
296 1731 333 1784 ut
358 1720 440 1808 apud
467 1721 647 1786 secerdotes
668 1718 891 1808 pectusculum
916 1731 950 1784 ct
970 1716 1138 1784 brachium

100 1826 241 1913 mysticis
257 1825 440 1915 designatur
454 1825 605 1914 eloquiis:
623 1827 666 1893 ite
681 1827 783 1892 etiem
794 1827 931 1892 arbitror
944 1826 978 1891 in
994 1824 1144 1912 praesenti

98 1932 188 2009 loco,
206 1935 261 1999 ubi
276 1934 450 2006 amantium
461 1934 590 2000 habitus
602 1947 634 2000 et
645 1933 803 2022 colloquia
819 1933 1060 2008 describuntur,
1072 1955 1140 2021 gra-

100 2045 220 2110 tissime
233 2044 297 2110 boc
305 2045 409 2133 ipsum
420 2043 594 2134 principale
608 2045 713 2111 cordis
724 2044 757 2108 in
769 2044 920 2108 uberibus
934 2040 1138 2131 appellatum.

100 2155 189 2219 bona
200 2175 277 2240 ergo
293 2164 367 2217 sunt
382 2153 481 2218 ubera
498 2153 624 2240 sponsi,
638 2151 897 2240 quandoquidem
914 2149 1146 2215 thesaurisant

1 2317 2 2348 r
102 2262 136 2326 in
157 2261 201 2326 eis
228 2259 388 2349 sapientise
410 2272 443 2325 et
463 2261 604 2326 scientias
618 2258 787 2324 reconditi.
814 2257 917 2323 Ubera
939 2268 1046 2322 autem
1070 2255 1142 2320 haec
1198 2303 1203 2314 .

1 2443 2 2452 χ
103 2369 175 2434 rino
191 2380 355 2458 comparat
370 2391 503 2456 sponsa,
520 2368 577 2432 sed
600 2368 643 2436 ita
666 2377 831 2455 comparat
853 2375 888 2428 ut
903 2363 1060 2452 praelerat.
1083 2363 1136 2428 Vi-

1 2565 2 2570 *
101 2499 180 2542 num
204 2487 310 2554 autem
333 2474 386 2541 illa
406 2473 610 2565 intelligendu
633 2487 707 2540 sunt
728 2475 903 2562 dogmata,
917 2484 951 2536 et
965 2471 1148 2546 doctrine..

0 2667 3 2670 ,
101 2607 174 2672 quae
189 2607 247 2672 per
257 2585 374 2673 Legem
390 2595 422 2648 et
433 2583 606 2672 Prophetas
622 2595 694 2648 ante
706 2581 876 2648 adveutum
892 2581 997 2670 sponsi
1014 2600 1140 2644 sumere

101 2715 217 2782 sponsa
231 2704 445 2759 consueverat.
458 2692 521 2758 Sed
534 2713 620 2756 nrrnc
631 2691 835 2758 considerans
851 2689 934 2755 hanc
947 2686 1140 2761 doctrinam,

102 2825 173 2890 quae
185 2825 225 2866 ex
240 2801 393 2866 uberibus
407 2799 538 2888 profluit
553 2799 659 2886 spousi
675 2847 683 2873 ,
699 2799 834 2865 miratur
847 2808 880 2860 et
894 2807 1016 2883 stupet,
1032 2794 1152 2860 videns.

101 2933 176 2977 eam
191 2907 286 2998 longe
303 2909 553 2998 praestmtiorem
573 2929 670 2993 quarn
686 2903 771 2971 illam
791 2928 831 2970 er
851 2927 913 2991 qua
935 2914 1008 2969 ante
1025 2903 1142 2967 adren-

104 3031 174 3084 tum
191 3018 297 3106 sponsi
311 3011 470 3082 iustificata
482 3015 603 3090 lueret,
616 3026 767 3101 tanquam
778 3035 818 3076 ex
834 3013 906 3077 vino
918 3009 1143 3100 spiritaliquod

103 3126 328 3195 ministrabant
339 3126 438 3192 sancti
450 3125 557 3190 Patres
569 3135 601 3188 et
612 3121 800 3210 Prophetae,
815 3120 868 3206 qui
880 3121 974 3185 etiem
983 3117 1079 3207 hujus
1091 3141 1144 3206 ge-

105 3236 189 3300 neris
201 3232 456 3323 plantaverunt
428 3255 553 3306 vincas
563 3231 673 3297 utNoii
686 3231 823 3352 primus,
831 3239 865 3292 et
877 3228 1001 3294 Esaias
994 3251 1025 3292 ιιι
1039 3250 1141 3292 cornu

1 3361 14 3440 ’ς
107 3342 345 3418 inlocouberi,
356 3337 664 3407 etcoluerunteas¹.
685 3309 1141 3424 Vidensergonuncmultnm

106 3473 175 3514 esse
190 3449 393 3515 eminentiam
410 3448 595 3536 dogmatum
613 3456 647 3509 ct
660 3443 799 3510 scientiae
818 3443 902 3531 apud
922 3465 1092 3531 sponsum,
1110 3454 1143 3506 et

103 3557 199 3646 longe
213 3581 252 3622 ex
263 3581 302 3622 oo
313 3555 533 3645 perfectiorem
551 3577 647 3642 quam
659 3552 719 3617 fuit
737 3551 822 3640 apud
836 3553 980 3638 antiquos
995 3572 1152 3616 emanare-

103 3667 283 3734 doctrinam
300 3665 396 3732 dicit:
427 3691 439 3723 ι
454 3665 543 3729 Bona
565 3673 639 3728 sunt
655 3661 752 3726 ubera
769 3671 822 3724 tua
844 3683 939 3749 super
955 3658 1083 3724 vinum³
1098 3681 1134 3721 :s

104 3799 202 3865 super
218 3771 304 3840 illam
321 3771 440 3838 scilicet
456 3771 633 3836 doctrinam
649 3793 709 3858 qua
733 3767 918 3834 laetificabor
935 3768 974 3833 ab
994 3764 1149 3856 antiquis..

141 3913 258 3966 *Marus
271 3932 294 3977 r,
307 3918 328 3962 s.
343 3943 373 3951 -
384 3910 397 3946 ²
410 3917 471 3964 Gen,
485 3915 620 3963 1x‚lsri.r.
635 3939 665 3948 -
679 3909 688 3943 ³
702 3909 772 3960 Cant.
787 3927 805 3970 r,
819 3927 843 3959 a.
