2748 4596
628 231 901 280 arrromrrorrs.
975 215 978 220 ’

542 400 680 471 Aruer.
704 399 777 496 (A),
803 424 882 498 pag.
910 397 992 496 357.

290 582 377 640 Hanc
386 603 451 662 ergo
459 589 550 662 Iegem
561 586 699 644 obseruari
706 588 792 643 enirm
804 589 961 644 serrandum
972 589 1093 644 litterum
1102 589 1179 647 sicut
1188 603 1218 647 et
1228 591 1286 647 alth

251 681 385 735 nonnulla
390 720 401 747 ,
414 679 605 735 necessarium
618 689 697 752 puto.
710 676 871 736 Cotelerius
885 677 915 733 in
935 675 987 734 lib.
1001 698 1027 735 11
1046 679 1171 737 Constit.
1185 689 1285 758 Apost

249 765 313 848 cap.
329 768 376 842 35,
391 767 452 826 haec
464 768 578 828 erudite
589 779 708 826 annotat
721 789 750 848 p.
766 769 823 836 248
837 791 844 825 :
856 767 994 826 «Veteris
1008 769 1078 848 legis
1089 769 1215 830 decimae
1234 771 1287 848 (ut

251 880 342 920 »cum
355 860 534 938 Hieronymo
549 861 654 938 loquar
668 859 745 920 circa
761 860 877 920 initium
893 857 944 918 lib.
961 877 1016 917 xxv
1034 859 1064 917 in
1078 861 1285 941 Ezechielem),

250 975 264 1004 s
273 946 864 1029 primitia,portiones,voluntariadons,
873 947 1046 1022 ministeria,
1056 949 1200 1022 victimae,
1213 953 1287 1009 fruc·

250 1065 263 1095 s
274 1051 334 1112 tus,
347 1051 428 1114 vota,
437 1038 599 1117 primitiva,
611 1038 817 1118 primogenita,
828 1057 986 1115 omnesque
998 1037 1160 1098 oblationes
1174 1059 1210 1098 ac
1219 1060 1287 1118 peu·

250 1129 367 1188 usiones
379 1148 467 1186 saerae
483 1125 541 1186 duo
559 1126 838 1207 complectebantur,
856 1125 995 1184 nimirum
1008 1127 1142 1186 naturale
1158 1127 1285 1207 aliquid,

251 1247 264 1274 s
275 1231 304 1280 et
317 1221 427 1300 aliquid
441 1219 521 1300 quod
533 1233 639 1279 vocant
653 1220 818 1300 positivum.
830 1219 874 1278 Ad
892 1232 1025 1278 naturam
1045 1219 1107 1279 sive
1123 1221 1163 1279 ad
1177 1235 1285 1282 rectam

250 1311 414 1372 »rationem
425 1330 579 1389 moresque
592 1310 686 1369 bonos
699 1309 866 1390 pertinebat
876 1311 965 1368 saeris
977 1311 1165 1388 operantium
1176 1325 1206 1370 et
1215 1333 1286 1392 pau-

249 1414 385 1480 »pertate
392 1401 564 1460 afflictorum
573 1401 743 1460 sustentatio
750 1420 804 1479 per
812 1398 954 1478 ejusmodi
963 1401 1133 1463 collationes
1142 1424 1150 1459 :
1160 1405 1288 1481 positum

249 1511 343 1552 »vero
354 1505 382 1552 et
392 1492 478 1550 certis
492 1491 600 1570 regulis
612 1511 628 1552 a
640 1497 704 1552 Deo
715 1491 939 1550 determinatum
951 1503 1014 1549 erat
1024 1491 1184 1570 reliquum.
1193 1501 1289 1573 Atque

249 1584 431 1663 »posteriori
451 1583 570 1664 quidem
590 1603 643 1661 per
669 1602 779 1642 novum
809 1593 1011 1642 testamentum
1031 1583 1190 1664 abrogato,
1209 1587 1289 1664 prins

250 1673 385 1752 »obligat
398 1673 484 1732 etiam
498 1672 677 1733 Christianos
689 1695 696 1728 :
709 1673 760 1752 qui
773 1673 991 1742 tenentur,sive
1008 1671 1106 1744 dando
1123 1675 1251 1736 decimas
1260 1692 1291 1736 et

250 1760 432 1840 sprirnitias,
442 1762 502 1820 sive
512 1761 571 1819 alio
581 1781 640 1840 quo
651 1761 785 1820 Ecclesiae
795 1761 890 1824 visum
900 1761 988 1820 fuerit
999 1762 1104 1834 modo,
1115 1765 1289 1824 clericorum

250 1861 302 1908 set
316 1851 438 1929 inopum
454 1850 674 1910 necessitatibus
693 1849 859 1910 subvenire.
881 1850 956 1926 Hinc
973 1851 1126 1910 interdum
1137 1857 1230 1910 Patres
1246 1852 1286 1912 de

254 1965 267 1992 s
279 1938 398 1998 decimis
406 1951 543 2020 tanquam
555 1939 671 1998 abolitis
682 1939 840 2010 disserunt,
855 1951 889 1996 ut
899 1939 1081 2018 Epiphanius
1092 1941 1197 2000 haeroe.
1212 1962 1291 2024 rm,

251 2048 337 2109 neap.
349 2032 382 2102 6,
395 2041 424 2088 et
436 2031 662 2107 Chrysostornus
675 2029 776 2088 homil.
786 2048 878 2088 nxxrr
889 2029 920 2088 iu
931 2029 1121 2102 Matthaeurn3
1141 2032 1293 2096 interdum

252 2143 265 2170 υ
275 2137 334 2176 non
351 2118 478 2178 sublatas·
495 2119 583 2180 fuisse
595 2119 692 2192 aiunt,
704 2131 737 2178 ut
751 2119 813 2176 fuse
825 2118 966 2196 Origenes
977 2117 1079 2178 homil.
1090 2140 1126 2178 ιι
1140 2120 1175 2178 in
1188 2126 1294 2180 Nume-

251 2235 263 2264 ι
274 2229 337 2282 ros,
346 2210 399 2268 ubi
410 2210 600 2270 consimiliter
611 2213 729 2291 ὃιαταγεῐ
741 2208 861 2270 adhibet
875 2208 1073 2270 testimonium
1086 2210 1200 2270 Matth.
1208 2232 1236 2284 r,
1246 2231 1293 2284 ιι,

251 2309 302 2354 »et
321 2295 417 2355 obiter
443 2297 668 2375 chrysostomus
686 2297 826 2355 Oratione
851 2316 871 2352 v
890 2296 1029 2356 adversus
1050 2295 1188 2368 Judaeos,
1209 2309 1292 2375 atque

250 2386 634 2465 »Pseudo-chrysostomus
648 2385 684 2444 ad
697 2384 802 2445 Matth.
817 2405 914 2456 xxm,
933 2387 980 2444 23.
995 2391 1140 2445 Praeterea
1158 2387 1200 2445 ad
1218 2387 1294 2446 ‹lod-

252 2501 264 2528 »
277 2494 338 2534 mas
362 2479 426 2535 Deo
449 2478 644 2555 Ecclesiisque
666 2475 875 2558 persolvendas
903 2475 1044 2536 habemus
1071 2477 1293 2538 exhortationes

251 2593 264 2620 υ
275 2571 324 2628 SS.
339 2568 500 2642 Ambrosii,
512 2570 684 2648 Augustini,
699 2581 728 2627 et
739 2568 874 2627 aliorum.
887 2569 993 2625 Domos
1004 2580 1072 2625 tunc
1078 2610 1089 2638 ,
1102 2569 1205 2646 inquit
1218 2590 1294 2629 mar·

251 2669 324 2736 »tyr
341 2658 504 2736 Cyprianus
521 2657 550 2715 in
565 2658 620 2715 line
635 2668 775 2715 tractatus
792 2657 829 2715 de
845 2655 964 2716 Unitate
978 2656 1128 2728 Ecclesiae,
1141 2671 1176 2714 et
1191 2657 1295 2728 scaldos

252 2773 265 2800 a
274 2747 491 2820 omumdabout,
499 2756 525 2806 et
534 2745 677 2808 thesauros
690 2745 746 2807 sibi
752 2749 781 2806 in
793 2745 861 2806 coelo
875 2758 1042 2823 reponeres,
1056 2745 1294 2806 drstrr‘buaador'r

253 2859 266 2886 s
277 2857 347 2894 usus
357 2833 538 2916 indigentium
548 2839 638 2909 pretio
647 2835 790 2913 Apostolo
803 2835 960 2916 opulans.
970 2827 1016 2893 'Aa
1029 2857 1103 2894 mone
1112 2833 1147 2893 de
1155 2834 1295 2912 patrimo-

255 2925 322 2985 »nr'o
336 2947 384 2984 nec
399 2926 519 2985 deorum
530 2925 644 3000 darium
658 2937 683 2984 et
692 2945 755 2985 cum
767 2923 884 2984 vendere
891 2923 994 3004 jubeat
1006 2925 1162 2998 Dominus,
1180 2929 1297 2985 emr'm

254 3015 599 3096 »potiusetougcmueEt
608 3014 640 3075 B.
649 3015 852 3096 Hieronymus
860 3011 900 3074 ad
908 3011 1064 3082 Malachiae
1073 3033 1135 3096 cap.
1149 3036 1205 3074 111:
1216 3015 1301 3096 Quod

256 3103 313 3182 ¹»de
324 3105 436 3165 ᾰεοὺηίε
444 3109 628 3183 primitiisque
638 3105 774 3178 drbzhuu,
785 3125 850 3180 quoe
865 3103 933 3163 olim
947 3105 1086 3164 &bamus
1098 3127 1118 3164 α
1128 3105 1242 3183 popolo
1255 3127 1302 3164 so·

256 3193 431 3252 »cerdou'bus
442 3216 476 3253 ac
487 3197 602 3270 Levitis,
617 3199 647 3254 in
661 3195 796 3253 Ecclesia
810 3212 920 3268 quoque
931 3192 1044 3270 populis
1057 3193 1217 3272 intelligite,
1229 3197 1306 3268 pui—

256 3308 267 3333 n
279 3281 331 3340 bus
346 3297 512 3359 proeceptum
529 3300 579 3359 est,
598 3307 652 3345 non
666 3284 758 3343 solum
776 3282 897 3341 decimos
910 3281 979 3342 dare
998 3297 1023 3342 et
1036 3284 1192 3359 priru'tius,
1208 3283 1262 3344 red
1274 3301 1305 3342 et

256 3397 269 3423 s
280 3371 496 3450 umderenomnio
507 3399 571 3451 quoe
582 3375 690 3449 habent,
700 3388 726 3435 ct
735 3374 802 3434 dora
814 3373 999 3450 pauperihus,
1009 3387 1035 3432 et
1048 3376 1131 3451 sequi
1142 3375 1308 3434 Douu'rurn

257 3487 269 3512 υ
281 3460 465 3522 savatorem.
482 3465 567 3544 Quod
575 3464 707 3549 sifacere
717 3463 859 3535 nolumus,
870 3461 969 3522 saltem
981 3461 1150 3522 Judoeorum
1162 3465 1308 3522 rhium

259 3548 408 3623 socordio,
419 3551 455 3632 [ut
465 3555 636 3632 pauper-ibus
648 3567 754 3630 partem
769 3552 865 3611 demus
880 3574 918 3610 erc
936 3565 1000 3626 toto,
1016 3565 1041 3611 et
1057 3551 1251 3613 sacerdotibus
1271 3575 1313 3610 or

259 3638 387 3698 rfflllt's
401 3639 529 3702 bonorum
544 3643 663 3704 dobt'wl
675 3637 842 3722 deferamus·
856 3666 867 3691 ’³

649 3827 934 3858 -ιῠθῧ--ῆ
