2702 4610
415 687 643 764 HOMlLlA
675 683 768 760 lX¹.

469 893 515 952 De
528 891 724 951 Tabemacnlo.

122 1080 155 1146 Si
166 1083 234 1168 apris
247 1081 341 1170 digno
354 1076 542 1168 intelligot².
555 1077 603 1144 rol
616 1101 655 1144 ox
665 1075 804 1166 AEgypto
815 1075 1023 1140 llabraeornm
1035 1095 1109 1162 pro-

73 1186 258 1264 sectionem,
273 1187 322 1253 rel
339 1187 509 1252 transitum
525 1188 619 1253 maris
635 1185 749 1262 Rubri,
764 1185 867 1251 sodet
885 1205 1013 1249 omnam
1029 1184 1112 1246 hano

71 1297 156 1362 riom
183 1321 256 1386 qno
287 1299 393 1387 agitur
420 1321 477 1386 por
502 1298 676 1373 desertum,
699 1309 732 1362 at
762 1296 949 1362 motationss
975 1290 1113 1382 singulas

3 1389 5 1394 ,
73 1427 221 1494 quasque
236 1419 432 1482 rastrorums
448 1409 473 1474 si
489 1409 605 1474 horum
623 1409 664 1473 ita
680 1406 821 1472 ostitorit
836 1427 947 1494 capax,
968 1415 1002 1467 ut
1018 1401 1113 1467 otiam

80 1514 187 1604 legem
202 1516 261 1581 Dal
283 1519 430 1608 suscipiat
453 1519 605 1606 scriptam
620 1541 685 1583 non
704 1526 896 1589 stramento,
918 1514 974 1578 sod
993 1511 1112 1601 Spiritu

81 1625 140 1688 Dei
159 1625 217 1690 riri
228 1624 261 1688 ⁸:
279 1627 304 1690 si
319 1627 401 1714 quis,
415 1628 558 1714 inquom,
572 1628 613 1694 ad
627 1628 694 1692 haec
706 1627 749 1691 ita
761 1647 820 1714 par
834 1624 978 1690 ordinam
994 1623 1116 1712 proiec-

80 1747 170 1798 tnurn
181 1736 324 1824 perlecto
335 1739 452 1814 veniat,
466 1750 501 1803 ut
516 1735 638 1826 singnis
652 1760 786 1827 qnaequo
803 1735 937 1824 implens
952 1735 984 1801 in
1001 1733 1112 1824 spiritu

75 1858 239 1910 assecutus
253 1848 308 1923 sit,
327 1859 361 1912 at
376 1871 412 1914 os
429 1871 500 1936 quae
516 1849 548 1913 in
563 1849 611 1913 his
628 1848 809 1913 indicantur
824 1858 992 1934 augmenta
1014 1845 1115 1909 virtu-

74 1967 164 2028 tam;
184 1953 238 2022 illo
252 1959 373 2044 poterit
382 1969 616 2046 oonsoquonter
630 1959 726 2023 otiam
741 1957 781 2022 ad
797 1957 948 2023 visionem
959 1967 992 2022 et
1003 1951 1115 2024 intolli-

74 2065 216 2152 gontiorn
234 2065 433 2132 tabernaculi
452 2067 629 2154 parvanim.
642 2067 689 2132 Do
704 2088 768 2155 quo
789 2064 994 2132 tabernaculo
1009 2065 1117 2133 multis

77 2177 212 2263 quidem
233 2177 267 2244 in
287 2177 366 2244 locis
387 2188 566 2246 momornnt
588 2179 762 2267 Scripturae
782 2177 908 2256 dirinae,
921 2192 954 2244 at
975 2179 1115 2246 indicsro

83 2286 232 2372 ‹pondam
252 2289 395 2355 ridentur
417 2309 554 2377 qnorum
575 2291 626 2357 rix
640 2313 739 2379 capax
754 2311 823 2354 osso
838 2291 936 2378 possit
957 2289 1116 2356 humanus
1182 2359 1190 2376 ⁶
1270 2335 1272 2342 ,

83 2393 216 2460 nuditus
227 2417 237 2458 r
248 2399 405 2488 precipuo
419 2409 537 2465 tamem
548 2398 717 2488 Apostolus
728 2397 845 2466 Panlns
856 2401 896 2464 da
910 2397 1115 2488 intelligentia

76 2503 281 2572 tabernaculi
294 2507 442 2595 qondam
457 2508 548 2573 nolris
565 2508 669 2596 prodit
684 2509 826 2575 sciantiae
841 2507 1021 2574 excelsioris
1036 2507 1117 2573 indi-

71 2615 143 2688 cina
157 2615 217 2680 sert
234 2617 343 2682 noscio
358 2641 424 2705 quo
439 2629 534 2705 poeto
549 2616 749 2707 fragilitatem
765 2618 905 2684 fortassis
922 2619 1048 2682 intrans
1062 2638 1119 2682 an-

72 2724 234 2801 ditorum,
247 2723 369 2792 clandit
379 2726 617 2813 quodammodo
632 2727 698 2816 ipss
710 2751 781 2816 quos
797 2727 918 2816 pandit.
932 2726 1018 2793 Dicit
1029 2749 1117 2791 nam·

73 2858 139 2922 qno
149 2835 196 2900 srl
205 2836 361 2902 Hehraeos
372 2837 515 2903 scribens
526 2859 536 2901 ε
548 2863 561 2897 ι
573 2835 829 2904 Tabernnculnm
841 2838 926 2903 onim
939 2827 1059 2903 iratam
1071 2849 1119 2902 ost

73 2945 262 3033 sprimont,
276 2945 308 3012 in
323 2969 387 3034 quo
399 2957 469 3012 ornt
483 2945 711 3014 candelabrum
727 2959 760 3012 ot
771 2971 879 3013 mansa
895 2961 928 3013 et
943 2947 1116 3036 propositio

75 3084 89 3114 ι
102 3077 242 3142 panum,
251 3055 339 3141 qnod
350 3056 640 3123 dicststnrsanro
649 3067 844 3123 sanctornm.
855 3057 929 3122 Post
940 3057 1118 3124 secundum

78 3193 90 3224 s
107 3177 219 3230 sutem
234 3163 392 3239 solamon,
405 3165 647 3232 tabernaculam
659 3165 745 3253 qnod
758 3165 877 3231 dieitur
886 3163 1053 3242 Sanctum,
1067 3165 1122 3231 ha-

86 3276 190 3341 rbon»
203 3297 342 3341 sumna
357 3271 456 3342 altaro
473 3275 607 3351 insonat,
618 3289 651 3341 ot
667 3295 773 3343 arnam
787 3276 981 3352 testamenti,
994 3288 1026 3341 at
1038 3276 1120 3342 intra

87 3405 181 3450 raam
196 3385 278 3450 duna
296 3381 433 3459 obolas,
445 3397 478 3448 ot
493 3406 623 3460 manna,
640 3396 672 3450 ot
687 3385 807 3473 virgam
823 3386 929 3451 Aaron
945 3403 1016 3471 quse
1033 3383 1121 3450 fron*

93 3519 105 3550 ι
120 3492 224 3560 sinant
234 3493 281 3559 ’.ι
298 3493 364 3558 Sed
379 3493 416 3560 iis
431 3493 553 3562 rddidit
566 3518 574 3560 ε
587 3521 599 3556 ι
614 3495 662 3560 lle
678 3497 792 3582 qnilrns
808 3519 872 3561 non
887 3505 936 3560 ost
957 3495 1055 3561 modo
1072 3495 1115 3561 di-

89 3603 246 3669 »orntum
259 3625 319 3692 por
332 3601 466 3692 sirrgnln.
480 3631 493 3665 s
507 3603 604 3683 Quosl
619 3627 695 3693 orgo
710 3604 766 3678 ait,
788 3605 852 3670 «do
868 3604 982 3692 quibus
997 3616 1121 3671 nonest

85 3739 97 3772 ι
111 3711 207 3778 morlo
229 3711 419 3786 dicandum,
431 3742 444 3772 s
457 3713 588 3814 quiriarn
603 3713 644 3778 ad
659 3710 738 3778 illud
753 3724 879 3801 ternpus
896 3713 1036 3779 reiorunt
1058 3735 1122 3801 qno

117 3863 213 3914 ΙΤοιυ.
229 3865 268 3924 ll,
281 3883 306 3929 p.
327 3863 598 3929 rorsrroqq.-²tt.
616 3865 850 3928 1‚2.p.1s›1‚162.

116 3935 221 3988 12001.
237 3939 308 3998 ιιι,5.
325 3936 376 3975 -l
390 3937 457 3986 llab.
473 3954 507 3998 rx,
521 3953 542 3996 π,
554 3937 578 3982 5.
592 3963 619 3974 -
632 3936 641 3968 ⁸
654 3936 720 3985 lbid.
739 3937 776 3994 nl.
