2682 4594
210 305 293 380 adn·
628 361 631 370 .
656 323 799 368 onrcnnrs

208 461 243 512 nt
267 469 341 522 cum
368 446 539 520 ceciderit,
561 458 668 534 surgat
689 458 723 516 et
745 446 851 512 vincat
872 469 880 510 ι
903 447 947 512 ita
966 445 1064 514 etiam
1085 446 1222 518 innostro
1320 529 1321 538 ἵ

208 577 329 644 agone,
351 555 404 641 qui
423 565 470 618 est
490 553 582 619 nohis
604 553 772 620 adversum
795 553 973 642 principem
996 554 1092 640 hujus
1113 554 1223 628 mundi,

208 664 233 729 si
251 662 330 728 forte
346 660 496 727 acciderit
514 659 651 747 aliquem
667 650 708 726 de
725 661 816 726 nobis
833 659 935 736 vinci,
951 672 983 724 et
999 660 1032 725 in
1049 658 1148 746 aliquo
1161 681 1226 748 pec-

207 783 280 836 cato
295 769 424 843 cadere,
440 766 589 856 possibile
606 779 655 832 est
671 779 705 831 ut
724 778 796 855 post
814 779 982 856 peccatum
1001 767 1156 855 resipiscat
1175 766 1225 832 ali-

209 873 298 960 quis,
319 885 352 936 et
368 883 501 960 exurgat
520 883 553 936 et
572 871 793 960 perhorrescat
810 869 932 938 malum
949 872 1037 958 qnod
1055 870 1187 948 admisit,
1201 884 1229 938 et

208 982 247 1046 de
262 992 378 1056 eutero
392 1002 455 1046 non
471 978 574 1044 solum
593 980 754 1060 contineat
770 1003 822 1056 se,
839 1001 949 1052 verum
965 979 1061 1046 etiam
1078 979 1231 1046 satisfaciat

206 1089 295 1165 Deo,
312 1087 418 1154 lavans
432 1109 490 1175 per
505 1083 643 1174 singulas
659 1097 769 1162 noctes
784 1083 904 1162 lectum
923 1108 1037 1162 sunm,
1052 1097 1084 1152 et
1100 1083 1230 1174 lacrymis

207 1197 311 1284 rigans
325 1207 458 1262 stratum
471 1215 584 1269 suum,
598 1193 756 1282 accipiens
772 1196 905 1260 verbum
922 1195 1113 1282 propheticas
1128 1194 1231 1260 autori-

206 1305 279 1370 tatis
296 1326 357 1391 qua
376 1302 515 1368 dicitur:
534 1329 547 1360 ι
563 1301 715 1390 Nunquid
730 1301 784 1387 qui
805 1301 891 1368 cadit
910 1324 974 1367 non
999 1301 1127 1389 adjiciet
1144 1314 1177 1366 ut
1194 1325 1233 1366 re·

205 1410 358 1500 »purgati
374 1420 429 1479 aut
444 1411 499 1498 qui
517 1431 645 1476 aversus
661 1420 710 1473 est
721 1457 730 1483 ,
743 1429 808 1474 non
824 1409 1044 1474 convertitur?
1059 1409 1114 1476 Vre
1127 1409 1173 1474 his
1187 1409 1234 1498 qui

207 1518 329 1586 »aversi
344 1529 417 1583 sunt
433 1517 595 1584 aversione
610 1515 819 1603 impudenti¹,
834 1543 847 1577 ι
862 1511 941 1582 dicit
953 1517 1119 1592 Dominus.
1134 1519 1173 1583 Et
1185 1518 1235 1584 iste
1323 1499 1324 1550 Ὗ

210 1640 257 1692 est
278 1626 332 1716 qui
349 1624 464 1692 cadere
481 1624 610 1711 quidem
628 1623 751 1711 potuit,
772 1622 930 1712 prosterni
951 1646 1024 1690 vcro
1047 1647 1112 1690 non
1132 1625 1233 1713 potuit.
1323 1609 1324 1652 ³

211 1736 244 1801 Si
269 1745 375 1806 autem
395 1731 508 1797 videris
528 1731 667 1818 aliquem
689 1730 840 1796 cecidisse
859 1733 890 1798 in
913 1729 1042 1819 aliquod
1062 1746 1238 1822 peccatum,

211 1853 325 1931 etpost
340 1861 450 1908 casum
464 1839 685 1928 desperantem
699 1840 936 1906 conversionem
948 1853 981 1904 ct
992 1841 1151 1906 dicentem
1163 1891 1172 1917 ,
1182 1842 1240 1929 jam
1323 1875 1325 1882 >

214 1948 376 2036 quomodo
390 1969 518 2035 possum
532 1969 591 2035 ego
604 1944 705 2012 salvus
717 1945 785 2012 fieri
800 1948 856 2034 qui
871 1948 972 2014 cecidi
982 1947 996 2010 i
1008 1949 1073 2036 jam
1085 1947 1166 2014 nulla
1177 1973 1239 2036 spes
1325 2013 1326 2026 ,

210 2069 277 2132 est,
288 2067 416 2144 peccata
427 2077 497 2120 mea
509 2075 561 2122 me
577 2051 743 2140 colligant,
753 2054 915 2141 quomodo
925 2055 1043 2122 audere
1059 2079 1175 2146 possum
1187 2078 1234 2120 ac·
1325 2041 1326 2124 l

212 2165 327 2232 cedere
342 2162 381 2227 ad
397 2160 591 2228 Dominum?
606 2161 775 2240 Quomodo
795 2163 835 2228 ad
851 2161 1026 2232 Ecclesiam
1042 2163 1161 2230 redire?
1178 2162 1239 2228 etsi

216 2275 275 2340 hac
286 2270 505 2360 desperatione
511 2270 569 2334 iste
579 2267 649 2334 telis
659 2268 914 2337 reccdatetiama
926 2271 1007 2347 Deo,
1016 2271 1143 2340 hicnon
1151 2270 1246 2338 solum

214 2382 350 2454 cecidit,
370 2377 473 2444 sedin
487 2401 561 2443 casu
577 2401 635 2443 suo
652 2361 827 2466 prostratus
843 2391 937 2467 atque
954 2381 1119 2448 demersus
1139 2394 1201 2447 est.
1214 2382 1249 2446 Fa

214 2500 262 2554 est
279 2487 408 2576 quidem
427 2483 583 2573 optabile,
600 2496 636 2548 ut
652 2484 769 2552 athleta
785 2487 910 2574 pietatis
931 2511 970 2554 ae
985 2491 1110 2554 virtutis
1129 2501 1253 2556 maneat

216 2619 340 2684 semper
355 2591 544 2668 immobilis,
565 2603 599 2656 ut
621 2613 773 2658 neunom
791 2594 920 2680 quidem
940 2593 1057 2662 luctam
1079 2603 1135 2682 [ut
1151 2597 1196 2664 ita
1212 2595 1256 2662 di·
1326 2653 1327 2660 ,

95 2719 107 2738 *
216 2706 300 2791 cam)
319 2701 449 2790 perdat,
466 2722 507 2764 ne
525 2697 622 2764 semel
646 2697 818 2764 inclinetur
834 2713 890 2766 aut
908 2701 1143 2790 supplantetur.
1168 2703 1260 2784 Quod

217 2814 241 2878 si
262 2811 329 2877 fieri
352 2831 416 2874 non
436 2818 555 2895 potest,
573 2806 629 2872 sed
651 2808 793 2872 evenerit
815 2830 891 2874 eum
911 2809 1046 2884 cadere,
1067 2833 1135 2876 non
1164 2813 1263 2899 jaceat
1326 2891 1327 2904 χ

217 2933 288 3009 post
303 2939 430 2993 casum,
443 2938 484 2980 ne
498 2926 737 3004 prosternatur,
753 2914 955 3004 setexurgas
970 2929 1003 2982 ct
1020 2919 1180 2984 emendet
1199 2915 1265 2984 cul·
1326 2953 1327 2960 ι

220 3035 473 3117 pam,expurget
485 3022 749 3111 poenitentiaesuae
762 3023 973 3090 satisfactione
982 3026 1220 3103 commissum,
1234 3048 1269 3091 ne

221 3136 317 3200 etiam
336 3133 375 3198 de
395 3132 463 3219 ipso
481 3125 649 3218 Apostolus
668 3129 752 3196 dicat
771 3131 860 3196 :aEt
878 3128 1002 3219 lugeam
1020 3132 1144 3200 multos
1165 3159 1210 3202 ex
1227 3132 1273 3200 his

223 3243 299 3330 »qui
312 3252 384 3306 ante
396 3248 627 3328 peccaverunt,
642 3248 674 3300 et
691 3259 757 3302 non
767 3250 899 3326 egerunt
911 3241 1136 3327 paenitentiam
1155 3243 1201 3308 de
1218 3243 1276 3308 im-

225 3346 399 3416 »munditia
412 3357 444 3411 et
456 3344 662 3410 fornicatione
676 3356 708 3408 et
720 3345 917 3434 impudicitia
929 3371 1025 3436 quam
1036 3349 1251 3437 gesserunt².
1262 3379 1274 3408 ι

226 3461 334 3539 Quare
345 3455 441 3518 etiam
459 3451 617 3540 apostolus
635 3451 778 3540 exempla
796 3454 962 3541 palaestrici
978 3458 1086 3546 agonis
1099 3457 1285 3546 assumpsit

227 3587 301 3632 cum
310 3561 388 3627 (licit
399 3583 407 3624 s
419 3587 431 3620 a
444 3559 547 3628 Nemo
557 3571 733 3625 coronatur
743 3561 801 3626 nisi
816 3564 869 3648 qui
878 3561 1016 3652 legitime
1030 3569 1219 3632 certaverit
1228 3567 1254 3640 ⁵,
1267 3592 1280 3624 ι

228 3671 287 3736 nisi
300 3666 372 3756 quia
385 3687 443 3730 nos
459 3663 538 3729 scire
553 3661 679 3730 volebat
691 3665 781 3753 Legis
793 3667 1008 3733 certaminaet
1021 3693 1145 3758 agones
1156 3675 1174 3738 Ρ
1187 3671 1290 3760 quiet
1326 3659 1327 3668 ¹

227 3779 267 3846 de
282 3775 385 3864 scipso
401 3773 443 3838 ait
461 3795 494 3835 :a
511 3771 565 3838 Sic
579 3794 705 3860 pugno.
723 3795 786 3840 non
803 3775 893 3864 quasi
909 3781 1015 3846 aerem
1032 3781 1226 3848 verberans
1240 3779 1284 3840 ’.ι
1326 3813 1327 3858 ι

258 3917 370 3974 flerem
381 3921 481 3979 ιιιι,4,
493 3911 565 3967 5.---1
580 3933 593 3966 a
606 3913 665 3966 Cor.
677 3931 724 3978 xrs,
739 3917 825 3968 as.—⁸
840 3921 928 3970 aTim.
940 3935 970 3981 ιι,
980 3919 1005 3970 5.
1023 3949 1039 3956 -
1059 3917 1294 3992 ‘escensana
1326 3983 1327 3988 ¹

1325 4015 1327 4050 ι
