2734 4594
250 279 291 362 98
700 295 842 340 orionus

249 423 317 488 huuc
338 445 451 510 mugnu
472 432 545 485 sunt
564 441 661 508 opero
681 421 763 486 neit
784 419 848 485 set
868 421 892 485 si
913 420 990 488 iliud
1016 423 1064 488 his
1079 411 1304 515 'comparess

250 528 336 615 quod
351 527 412 590 «itu
428 522 536 590 dilexit
549 525 634 588 Deus
647 526 724 588 hunc
738 524 915 600 mundum,
932 538 967 589 ut
982 525 1082 593 titium
1101 551 1198 594 suum
1214 535 1293 598 uni-

251 634 413 722 »gonitum
431 630 539 696 taret*
553 659 566 692 r
581 654 639 719 pro
658 629 757 696 sature
778 631 908 708 mundi,
935 631 1074 699 invouios
1098 639 1210 704 omniu
1236 639 1293 706 illa

245 765 341 831 parva
355 761 423 804 osse
438 737 478 803 ud
488 738 583 826 hujut
594 739 697 826 operis
708 739 969 827 magnitudinem.
985 742 1081 821 Quod
1092 766 1174 832 opus
1186 747 1291 813 etiam

247 871 304 914 nos
315 862 348 912 et
361 866 553 935 cognoscere
568 846 739 922 debemur,
762 859 795 910 ot
817 847 963 924 credero,
989 859 1022 912 ot
1045 853 1170 938 opemri
1187 875 1292 941 opera
1355 865 1356 882 ¹

246 954 384 1021 Domini.
418 937 486 1018 Nou
512 975 588 1042 ergo
613 951 831 1042 negligenter,
851 954 906 1020 sed
929 953 1063 1020 fideliter
1088 969 1120 1021 ot
1143 970 1292 1036 attente,

244 1074 280 1126 ut
302 1061 499 1127 inveniamur
528 1071 560 1123 ot
575 1081 632 1125 nos
647 1059 679 1123 in
696 1059 809 1125 diebus
821 1059 896 1126 Josu
917 1059 1052 1137 Christi,
1067 1076 1100 1127 ot
1120 1066 1154 1128 iu
1172 1066 1292 1133 diebus

241 1188 426 1244 sanctorum
452 1174 613 1240 seniorum
638 1173 708 1262 ojus
730 1172 982 1261 Apostolorum:
1006 1197 1082 1242 cum
1107 1179 1235 1264 quihus
1258 1194 1290 1245 et

243 1285 426 1351 sociotatem
454 1279 589 1348 coeiostis
611 1279 802 1347 haemditrtis
823 1305 1003 1348 mereamur
1025 1285 1199 1373 occipere,
1230 1311 1288 1379 per

237 1394 344 1482 ipsum
368 1389 542 1455 Dominum
568 1399 712 1453 nostrum
739 1387 849 1454 Josum
872 1388 1054 1467 Christum,
1072 1393 1127 1457 cui
1144 1406 1197 1459 est
1218 1395 1286 1484 gio

241 1500 288 1565 rio
300 1511 333 1564 ot
345 1496 513 1586 imperium
527 1496 560 1561 in
577 1491 690 1562 saeoula
702 1493 900 1561 saecuiorum.
918 1495 1031 1563 Amen.

239 1805 767 1835 mmmmmmmfflfflfflm

516 2051 715 2120 HOMILIA
744 2051 952 2122 SECUNDA
968 2055 992 2122 ¹.

235 2337 279 2393 Do
288 2331 413 2408 eoquod
425 2331 639 2408 scriptumest:
656 2329 712 2388 tEt
720 2330 876 2390 defunctus
885 2341 929 2388 eut
939 2328 1027 2390 Josus
1039 2329 1121 2390 tilius
1133 2334 1249 2396 Nare’.
1262 2363 1275 2388 ι

278 2579 303 2643 Ι.
319 2580 510 2645 Rucrrrrus
522 2587 571 2641 ost
581 2573 673 2642 nobis
688 2575 786 2641 etium
797 2573 875 2641 Josu
890 2575 1005 2642 obitus.
1020 2578 1060 2643 Et
1075 2577 1132 2644 illo
1146 2581 1276 2668 quidem

235 2684 318 2752 iilius
333 2685 418 2752 Nave
433 2683 519 2772 quod
534 2683 701 2749 defunctus
718 2695 784 2758 ost,
802 2681 880 2750 nihil
895 2685 1023 2750 mirum.
1040 2685 1175 2752 Naturae
1192 2713 1278 2756 mm-

198 2861 202 2864 ,
235 2812 298 2879 quo
312 2789 398 2878 quod
419 2788 594 2854 debebatur
619 2785 745 2852 exolvit.
771 2786 891 2854 Verum
915 2789 1066 2875 quoniam
1088 2791 1277 2860 instituen-

235 2919 307 2962 mus
320 2896 389 2962 haec
404 2919 474 2984 quae
486 2895 525 2960 do
541 2893 607 2960 filio
621 2893 708 2960 Nave
722 2891 928 2982 legebantur,
945 2895 984 2960 ad
1002 2895 1187 2968 Dominum
1205 2925 1276 2967 nos-

107 3067 115 3081 .
236 3013 322 3065 trum
344 2999 453 3065 Josum
480 2998 642 3064 Christum
673 2996 809 3072 reiorro,
835 2997 1007 3064 videndum
1032 3011 1081 3064 est
1111 3005 1275 3089 quomodo

237 3105 332 3172 otiam
348 3105 388 3170 clo
402 3106 470 3194 ipso
486 3105 548 3171 diui
564 3103 732 3171 conveniat
747 3105 819 3192 quia
834 3103 1003 3171 defunctus
1018 3118 1066 3172 ost
1082 3105 1193 3176 Jesus.
1214 3114 1275 3200 Ego

239 3213 375 3279 arbitror
397 3212 573 3278 secundum
594 3211 768 3300 Scripturae
788 3212 1009 3278 auctoritatem
1033 3212 1099 3280 hoc
1121 3213 1274 3305 loquens,

240 3319 326 3407 quod
340 3319 373 3384 iu
389 3319 580 3406 quibusdam
591 3319 666 3384 vivit
679 3317 788 3394 Josus,
805 3319 837 3383 io
848 3319 1036 3407 quibusdam
1050 3343 1129 3387 voro
1140 3323 1276 3390 defime-

239 3439 290 3492 tus
301 3437 359 3491 ott.
374 3427 411 3490 lu
422 3423 521 3491 Paulo
532 3425 607 3491 vivit
618 3423 709 3491 Josus
719 3475 728 3501 ,
740 3437 772 3489 ot
787 3425 820 3490 iu
832 3422 944 3501 Petro,
957 3438 990 3490 ot
1004 3427 1036 3492 in
1051 3425 1114 3494 illis
1125 3433 1274 3498 omnibus

239 3534 293 3622 qui
318 3535 432 3599 merito
455 3544 587 3621 potsunt
613 3532 737 3598 dicero:
770 3531 873 3599 «Viro
893 3545 999 3599 autom
1020 3535 1086 3622 jam
1110 3559 1179 3606 non
1200 3563 1274 3629 ogo,
