2748 4596
234 241 276 316 du
441 275 445 286 ι
687 255 830 300 oniensis

279 380 335 446 His
367 379 481 446 auditis
504 374 672 444 verisimile
693 388 742 444 est
759 375 923 443 auditores
944 375 1050 443 dicere
1070 427 1081 453 ‚
1108 399 1171 464 quo
1193 375 1264 441 mibi

235 485 331 551 hec?
354 483 432 572 quid
458 483 535 548 mibi
561 481 685 549 confert
713 481 737 546 si
768 503 959 569 cognoscam
986 481 1073 568 quod
1099 480 1173 547 vieti
1199 491 1264 544 sunt

234 590 255 655 ii
275 591 328 677 qui
348 589 492 654 habitunt
518 588 609 675 Hay,
625 585 713 674 quasi
724 580 799 651 'non
817 585 949 663 similia,
973 598 1027 652 aut
1049 587 1146 652 etium
1161 597 1266 675 poten-

233 694 443 772 tiorabelln,
468 694 517 760 rel
539 705 625 782 gestu
647 694 733 768 sint,
752 691 801 760 vel
823 692 1002 783 geruntur?
1022 695 1098 760 Haeo
1122 694 1180 759 luit
1197 715 1267 759 euru
1366 693 1367 698 ’

149 815 153 833 ¹
234 804 361 892 spiritus
379 805 504 882 saneti,
527 814 562 866 ut
584 801 701 868 relictis
724 813 772 866 tot
798 812 830 866 et
854 814 1014 868 tantorum
1039 801 1196 867 nobilium
1215 825 1268 867 ex-

235 912 324 977 cidiis
345 911 497 986 urbium,
521 909 665 999 praelium
687 909 819 976 civitatis
837 910 906 997 Hay
929 909 1085 997 scriptum
1104 911 1198 976 sacris
1217 933 1268 974 vo-

233 1017 405 1084 luminibus
428 1016 654 1094 mundaretur?
674 1017 892 1082 Temerarium
915 1018 1045 1084 lbrtnsse
1066 1018 1105 1081 sit
1125 1017 1209 1104 quod
1225 1017 1269 1083 ln⁶

233 1127 353 1203 cimus,
370 1139 435 1191 tum
452 1126 567 1202 ardun,
586 1136 699 1190 ettam
725 1121 862 1190 difficilia
880 1125 1051 1213 Scripturae
1067 1135 1183 1190 senetae
1203 1122 1268 1190 locs

233 1233 400 1323 explanare
419 1246 569 1300 conantes
588 1257 595 1298 :
614 1233 670 1298 sed
684 1233 709 1296 si
725 1256 783 1297 nos
798 1233 994 1297 orationibus
1009 1233 1119 1298 vestris
1135 1233 1265 1318 juretis,

232 1366 297 1408 non
313 1341 416 1408 sulum
432 1340 560 1430 eulpam
576 1341 763 1430 effugiemus
780 1340 939 1416 audacie,
958 1363 1067 1406 verum
1082 1352 1115 1405 et
1131 1339 1269 1406 devotio·
1368 1379 1369 1384 κ

232 1474 306 1516 nem
320 1462 462 1515 nostram
483 1447 647 1539 amplexus
662 1449 756 1514 Pater
769 1446 866 1512 Verbi
884 1448 970 1513 Deus
989 1447 1078 1512 debit
1092 1448 1271 1512 verbum-in

233 1559 436 1647 adopertione
452 1557 515 1621 oris
530 1557 647 1630 nostri,
665 1579 729 1642 quo
740 1566 772 1618 et
789 1578 842 1620 vos
860 1554 1078 1631 aedilicemini,
1094 1566 1127 1618 et
1137 1579 1195 1620 nos
1210 1579 1272 1620 non

229 1666 369 1732 indevoti
386 1687 565 1754 pareamus.
585 1664 723 1728 Orontes
738 1687 833 1751 ergo,
850 1675 881 1728 et
897 1663 1009 1728 intenti
1026 1662 1139 1728 animis
1155 1663 1267 1728 audite.
1369 1677 1370 1680 ’

230 1775 337 1840 Primo
346 1784 476 1861 propter
488 1770 698 1859 pecceturieti
713 1794 835 1847 sumus,
844 1769 905 1835 etii
921 1770 975 1859 qui
985 1769 1174 1836 habitabunt
1187 1771 1267 1856 Hay,

189 1939 194 1946 .
232 1879 482 1968 quamplurimos
505 1901 545 1943 ex
573 1877 664 1943 nobis
689 1875 927 1944 interfecerunt.
951 1879 1022 1966 Hay
1047 1879 1269 1968 interpretatur
1369 1857 1370 1866 i

232 1987 347 2053 Chaos.
375 1985 478 2050 Chaos
494 1996 601 2050 autem
620 1982 726 2050 locum
740 1983 787 2048 vel
802 1984 1020 2052 babitaculum
1040 2009 1109 2050 esse
1128 1986 1272 2052 norimus

232 2093 463 2160 contrariarum
473 2093 638 2168 virtutum,
648 2115 845 2179 querumrex
856 2105 888 2158 et
897 2093 1044 2182 princeps
1056 2075 1202 2160 diabulus
1213 2105 1271 2160 est.

236 2199 394 2266 Adversus
419 2199 507 2265 hune
525 2197 652 2266 veniens
674 2195 786 2276 lesus,
811 2199 844 2264 in
865 2201 943 2265 duas
962 2212 1067 2289 partes
1086 2199 1200 2268 dividit
1222 2226 1275 2290 po

234 2306 365 2396 pulum,
386 2318 419 2371 et
441 2304 518 2372 ulios
539 2307 667 2396 quidem
683 2307 715 2371 in
735 2307 845 2394 primis
864 2308 994 2384 statuit,
1013 2306 1088 2374 alius
1110 2310 1142 2373 in
1166 2321 1275 2398 poste-

232 2407 390 2490 rioribus,
410 2414 464 2500 qui
484 2436 523 2478 ex
541 2413 700 2502 insperato
718 2426 791 2502 post
807 2426 896 2503 tergo
912 2415 1038 2481 veniant
1055 2415 1271 2482 inimicorum.

232 2523 273 2591 Et
287 2522 359 2588 ride
373 2521 398 2586 si
410 2545 475 2586 non
484 2521 586 2609 prima
598 2545 670 2609 pars
687 2532 734 2586 est
745 2520 855 2609 populi
867 2520 919 2588 illu
931 2523 972 2588 de
986 2546 1048 2610 qua
1061 2523 1138 2588 dicit
1150 2546 1159 2590 :
1178 2552 1191 2586 r
1204 2525 1276 2592 Non

235 2629 328 2694 »veni
344 2629 403 2694 nisi
419 2629 458 2708 nd
474 2651 547 2694 oves
558 2628 696 2716 penditus
713 2629 826 2694 domus
841 2628 974 2702 lsrne'l'¹;
990 2657 1003 2690 »
1019 2640 1052 2694 et
1063 2630 1102 2696 de
1115 2655 1179 2718 qus
1198 2632 1278 2698 dicit

233 2735 371 2803 Paulus:
392 2735 525 2801 «Gratia
544 2746 651 2800 nutem
673 2747 705 2800 et
721 2758 782 2823 pax
803 2739 888 2802 omni
906 2736 1029 2802 homini
1052 2740 1198 2826 operanti
1224 2743 1279 2806 bo-
1370 2769 1371 2776 ¹

193 2843 199 2857 '
233 2868 333 2909 »num
345 2866 352 2908 :
367 2843 480 2908 Jndaeo
492 2843 649 2931 primum,
665 2856 742 2910 tune
754 2845 850 2910 etium
862 2857 894 2908 et
905 2843 1035 2911 Graeco²
1046 2893 1055 2921 ,
1067 2845 1100 2911 id
1107 2859 1177 2924 est,
1191 2849 1282 2914 Gen-

231 2949 276 3016 tili
293 2950 470 3038 posteriori.
489 2949 551 3015 lste
569 2957 644 3038 ergo
659 2949 794 3039 populus
806 2964 854 3016 est
868 2952 921 3040 qui
933 2953 965 3018 in
976 2953 1085 3042 primis
1102 2956 1279 3030 statuitur,

231 3069 263 3122 et
280 3059 369 3146 quasi
384 3059 506 3146 lugiens
523 3082 597 3125 eum
611 3059 701 3124 Jesu.
722 3059 882 3126 Posterior
895 3084 968 3126 vero
981 3061 1118 3150 populus
1135 3076 1202 3140 est.
1222 3067 1280 3153 qui
1370 3049 1371 3064 l

230 3166 436 3253 exgentibus
459 3178 669 3255 congregatur
694 3190 702 3230 :
727 3168 844 3255 quique
863 3190 901 3232 ex
923 3169 1081 3256 insperato
1111 3172 1285 3238 venientes

235 3271 322 3359 (quis
334 3271 420 3336 enim
431 3285 569 3360 speraret
584 3285 692 3362 gentes
708 3273 859 3364 salvarill
872 3277 1064 3365 uerius‘post
1074 3289 1207 3368 tergum
1221 3281 1283 3347 ‘nd-

230 3379 384 3466 rersarios
396 3380 523 3445 oaedunt
539 3405 547 3444 ε
566 3381 655 3446 etsie
671 3395 802 3469 uterque
820 3383 956 3472 populus
975 3385 1114 3450 medinm
1130 3399 1283 3454 turmam

232 3487 413 3552 daemonum
432 3484 615 3554 conclusam
635 3489 746 3554 sternit
767 3501 800 3554 et
822 3490 929 3556 vincit.
950 3491 1014 3557 Sed
1032 3492 1166 3559 fortasse
1184 3497 1283 3562 dicos

231 3593 330 3669 mihi,
348 3592 506 3679 quomodo
526 3617 601 3682 ergo
620 3597 706 3681 quusi
725 3596 847 3685 lugiens
864 3599 993 3686 ponitur
1006 3599 1144 3690 populus
1160 3603 1284 3690 prior?

230 3699 330 3766 Valde
345 3714 587 3788 consequenter.
610 3703 733 3792 Fugere
750 3705 867 3772 etenim
882 3705 936 3772 visi
954 3719 1043 3781 sunt,
1061 3710 1116 3796 qui
1133 3733 1286 3798 sequun-

211 3868 215 3875 '
268 3863 374 3915 anrtb.
388 3882 430 3921 ιγ,
448 3869 488 3930 ²4·
500 3893 533 3902 ··—
546 3863 557 3896 ²
570 3869 640 3916 nom.
650 3884 685 3930 rr,
704 3885 742 3936 ro.
