2744 4624
253 226 292 288 82
365 236 370 248 '
696 243 838 286 aaraurrs

250 361 443 437 abundantia
458 357 647 448 paauiarum
662 381 671 423 ε
684 358 764 446 qiud
778 359 818 424 de
830 357 973 426 eandidia
989 358 1135 430 dantibus
1150 381 1288 448 reapon-

250 473 408 546 debinaaa,
420 481 454 535 et
469 467 611 556 quaiiteti
632 467 722 534 iaotia
737 466 895 556 prelatis?
910 469 947 536 ln
968 491 1032 555 qua
1047 469 1215 536 adversum
1228 492 1287 536 re-

249 583 375 648 ritatem
397 579 599 668 impudenter
621 600 686 644 naa
709 587 757 644 eat
778 577 955 666 agendumr
974 577 1030 647 aed
1052 578 1285 668 interruptione

249 688 461 779 intelligentiae
483 685 650 754 historialia
673 686 805 761 exclusi,
825 688 865 752 ad
888 685 1059 776 spiritualia
1080 689 1286 776 expositionis

251 799 396 866 ordinem
411 797 587 865 redeamus.
610 795 787 870 «Gratifiai,
800 797 924 882 iuquit,
940 793 1022 862 oculi
1037 797 1107 884 ejus
1120 820 1137 861 a
1150 797 1277 864 rina¹.·

250 907 402 995 Superius
414 902 797 993 attendimuadpastoliaa
809 905 999 970 auctoritate
1011 906 1284 973 membraChriati

250 1017 311 1083 diei
329 1017 439 1104 dignas
451 1037 593 1103 quasque
604 1012 775 1089 fidelium²,
786 1026 819 1078 et
834 1014 956 1079 diversa
971 1011 1170 1102 singulariter
1184 1039 1285 1087 menn

250 1128 306 1191 bra
319 1124 487 1199 nominari,
499 1147 557 1212 pro
572 1145 611 1188 ee
626 1123 712 1210 qued
728 1123 942 1210 unnsquisque
952 1122 1040 1188 omni
1053 1121 1202 1190 Ecclesiae
1214 1148 1284 1191 aen-

249 1232 319 1323 pari
335 1233 484 1321 dependit
499 1230 651 1298 affinium.
666 1233 768 1297 Erunt
781 1231 866 1296 enim
882 1231 978 1320 peden
994 1227 1125 1307 Christi,
1142 1235 1196 1320 qui
1212 1257 1285 1300 eur*-

250 1353 324 1407 runt
336 1341 376 1406 ad
388 1340 698 1429 faciendampacem,
707 1341 760 1427 qni
772 1353 909 1430 pergunt
919 1341 960 1406 ad
970 1341 1222 1408 subveniendum
1235 1344 1284 1408 his

248 1451 303 1537 qui
320 1451 351 1515 in
367 1450 556 1515 necessitate
572 1461 645 1514 sunt
660 1448 762 1537 positi.
781 1450 881 1512 Erunt
893 1471 1006 1514 manus
1018 1448 1147 1526 Christi,
1159 1473 1230 1540 quae
1242 1453 1282 1518 ad

249 1558 500 1630 miserieordiam
515 1554 744 1632 extenduntur,
757 1577 828 1643 quae
842 1553 994 1623 auxilium
1010 1555 1224 1644 indigentibus
1239 1558 1282 1623 fe-

250 1680 337 1743 runt.
351 1689 421 1756 quae
437 1664 580 1730 invalidis
597 1666 639 1731 ad
654 1661 884 1740 adminiculum
895 1663 1109 1753 porriguntur.
1123 1665 1176 1732 Sia
1186 1679 1280 1732 erunt

249 1790 282 1842 et
299 1775 383 1844 oauii
401 1753 532 1848 carisii,
545 1774 599 1861 qui
614 1773 754 1840 scientie
772 1755 882 1842 iumen
897 1773 1044 1838 univerae
1059 1775 1180 1864 corpori
1194 1797 1275 1862 pre-

249 1896 348 1957 stanti
364 1884 445 1953 sieut
461 1883 492 1946 in
509 1879 680 1969 Evangelia
696 1882 915 1970 scriptumest
934 1879 1123 1954 aaLuaaraa
1139 1880 1278 1970 eorporis

249 2019 263 2053 ι
277 1993 322 2058 tui
334 2003 382 2058 eat
393 1987 505 2056 oaulus
519 1989 623 2054 tuua¹.
636 2018 649 2052 a
663 1987 807 2058 Gratifici
820 2011 896 2077 arga
908 2001 982 2054 eunt
993 1987 1077 2056 annii
1091 1990 1142 2056 isti
1155 2013 1163 2056 :
1176 2013 1280 2056 aeruna

158 2123 166 2154 ι
248 2099 334 2164 enim
352 2097 491 2174 scientie
509 2093 572 2162 aaie
591 2097 739 2162 conditus
754 2108 803 2162 est
815 2095 840 2170 ⁴,
854 2108 889 2160 ut
906 2097 959 2162 det
975 2097 1108 2185 gratiana
1123 2097 1281 2168 audienti·

248 2209 318 2274 bus.
335 2206 405 2273 Nan
417 2229 492 2294 erga
508 2227 566 2294 per
581 2204 644 2270 hoa
655 2202 759 2269 auium
774 2203 934 2292 gratificus
951 2204 1079 2279 dicitur.
1092 2206 1167 2292 quia
1182 2207 1284 2294 anien,

248 2319 300 2385 tire
312 2339 490 2383 sermonem
504 2316 672 2388 ministrat,
687 2313 743 2380 sad
754 2314 840 2402 quad
851 2313 949 2380 habet
960 2316 993 2380 in
1004 2338 1038 2380 ae
1048 2315 1182 2404 gratiam
1194 2317 1277 2384 iacit.

255 2425 331 2491 «iiia
342 2424 440 2500 enim,
450 2424 561 2510 iuquit
572 2423 714 2512 θηρίων,
725 2422 1271 2510 auditis,sapienaaapientiareritfi»

248 2533 393 2600 Gratifiai
408 2554 485 2620 erge
500 2544 575 2596 aunt
587 2528 671 2597 oculi
684 2533 783 2618 ejnaa
796 2531 882 2604 rina.
895 2532 966 2618 quia
981 2530 1059 2598 nihii
1069 2543 1118 2602 est
1131 2546 1280 2622 aquatum

248 2646 280 2708 in
297 2645 393 2710 rerba
409 2642 559 2714 scientim.
573 2638 652 2706 nihil
667 2639 816 2716 iluidum,
832 2639 911 2706 nihil
926 2640 1089 2729 frigidum,
1101 2643 1157 2708 aed
1174 2643 1281 2718 vinum

248 2750 334 2839 qnod
348 2747 486 2814 iaetiiicat
502 2771 558 2814 car
574 2747 723 2821 hominis,
743 2758 775 2811 et
795 2749 882 2836 quad
901 2747 1079 2816 infunditur
1099 2748 1284 2824 ruineribua

247 2857 330 2924 iiiius
345 2857 398 2946 qui
415 2857 525 2922 inuidit
541 2856 573 2922 in
589 2854 761 2932 iuuenes‘,
780 2880 844 2944 qua
864 2856 984 2924 scilicet
999 2859 1196 2928 audientium
1209 2859 1282 2926 vai·

247 2989 324 3032 nera
342 2976 549 3054 peecatorum
571 2987 636 3032 non
659 2964 762 3032 eniam
783 2965 844 3032 aiei
865 2966 994 3033 lenitate
1009 2968 1206 3058 mitigentur.
1225 2993 1281 3034 ve-

187 3157 192 3165 ,
250 3099 321 3139 rum
337 3074 433 3140 etiam
447 3074 511 3138 vini
527 3074 711 3140 austeritate
726 3086 912 3164 purgentur.
925 3102 938 3135 a
953 3077 990 3141 Et
1005 3078 1075 3164 quis
1089 3091 1149 3158 est,
1171 3081 1281 3165 iuquit

247 3214 259 3245 ι
275 3181 461 3273 Apaataiaa,
473 3181 528 3268 qui
537 3206 588 3248 me
600 3179 750 3258 iaetifioat,
760 3183 818 3248 uiui
829 3183 883 3271 qui
894 3183 1226 3256 contristaturum&
1236 3187 1273 3252 i‘e

256 3291 411 3362 «Candidi
426 3291 536 3385 dentea
552 3293 622 3380 ejus
637 3315 733 3382 anper
743 3290 825 3360 iaa'.
838 3321 851 3354 ι
865 3292 986 3384 Supina
1004 3295 1045 3361 de
1061 3298 1280 3365 membrarum

248 3401 365 3467 Christi
380 3400 494 3466 ordine
507 3412 540 3466 et
554 3401 676 3468 ratione
691 3401 755 3490 iam
778 3387 926 3478 dixiniaa,
945 3413 977 3470 et
995 3403 1107 3473 eadem
1129 3406 1281 3495 frequen·

247 3511 310 3576 tiua
328 3511 360 3576 in
375 3509 420 3574 eia
445 3507 522 3575 iaaia
547 3521 691 3599 repetere
713 3511 888 3576 absurdum
912 3511 1045 3582 videtur·
1069 3513 1185 3584 Dentes
1204 3537 1280 3606 ergo

246 3621 317 3708 ejus
332 3639 426 3707 nuper
446 3615 496 3684 lae
513 3619 641 3686 candidi
656 3633 763 3696 erunt,
780 3620 814 3688 hi
829 3622 884 3710 qui
900 3620 1014 3691 fortem
1029 3635 1061 3688 at
1077 3622 1214 3695 aalidum
1232 3627 1278 3694 ai-

277 3783 286 3816 ¹
299 3781 366 3828 Gen.
379 3794 445 3838 zara,
462 3794 498 3828 ra.
507 3777 549 3816 -·¹
563 3795 572 3828 t
585 3778 701 3830 Cariath.
712 3795 747 3828 vr.
760 3778 810 3818 -i
824 3781 916 3832 dietih.
929 3799 966 3840 rr,
979 3795 1018 3830 aa.
1033 3809 1063 3820 -
1075 3783 1149 3834 ‘cot
1165 3801 1199 3847 ra,
1212 3785 1237 3835 6.
1247 3813 1276 3822 -

247 3857 340 3906 iPrata.
354 3872 372 3913 ι,
385 3857 408 3902 5.
422 3853 475 3889 -⁸
490 3853 550 3902 Luc.
563 3870 587 3904 a.
601 3853 651 3891 —’
668 3855 748 3903 atior.
762 3873 791 3914 ιι,
807 3871 828 3901 a.
843 3883 872 3892 -
886 3855 895 3892 Ι
908 3859 973 3906 Gan.
984 3873 1050 3919 aare,
1066 3876 1102 3906 ra.
