2748 4596
387 189 418 230 ru
442 159 556 230 niuniu
578 189 647 230 rnsu
674 189 757 230 usin
782 188 854 232 riou.
883 187 923 231 rx.
1137 169 1176 240 55

137 307 252 372 »Jesus
263 329 374 374 coram
389 307 476 372 omni
491 305 629 372 Ecclesia
641 305 795 396 Filiorum
811 307 935 374 lsrael¹.
954 307 1094 373 »Facilis
1111 309 1178 395 qui·

135 415 276 480 demost
297 413 475 501 explanatio
500 415 655 490 historiae,
674 415 836 502 quomodo
858 413 1046 484 liliusNave
1068 414 1179 502 legerit

135 522 242 588 omnis
257 522 352 588 verbo
370 519 527 608 legisque
542 521 667 608 scripsit
682 520 826 608 Moyses,
844 543 952 588 coram
967 521 1053 584 omni
1070 521 1179 586 Eccle-

138 630 182 694 sia
201 628 341 694 liliorum
358 627 477 692 lsrael:
497 640 603 693 noster
619 651 694 694 vero
710 627 864 692 Dominus
886 627 997 702 lesus,
1014 628 1176 713 quomodo

139 735 202 820 hoc
217 735 332 823 populo
344 758 401 800 suo
414 733 524 810 faciut,
539 734 705 800 ostendere
721 757 784 798 non
795 734 872 801 milri
885 733 1008 800 videtur
1020 733 1166 799 otiosum.

141 844 180 910 Et
191 866 250 931 ego
265 842 393 930 quidem
407 843 561 917 arbitror,
573 841 660 928 qnod
672 841 697 906 si
713 842 840 928 quando
851 841 942 906 nobis
954 833 1067 928 legitur
1079 840 1171 927 Moy-

138 976 207 1026 ses,
223 964 256 1023 cl
274 975 331 1040 per
350 953 482 1040 gratium
501 951 629 1017 Domini
650 950 792 1017 velamen
807 950 918 1017 litterae
938 962 1120 1026 aurovetur,
1146 964 1179 1015 et

138 1055 306 1143 incipimus
320 1053 513 1142 intelligere,
533 1054 606 1140 quis
623 1055 688 1120 Lex
699 1053 844 1143 spiritalis
859 1065 924 1130 est,
941 1067 973 1119 et
987 1054 1077 1143 quis,
1092 1055 1179 1124 verbi

137 1185 250 1236 ceusu,
270 1161 379 1228 dicens
398 1162 480 1236 Lex,
502 1190 514 1222 α
533 1185 597 1227 non
617 1161 787 1228 infrenabis
810 1186 844 1226 os
863 1163 935 1228 hovi
957 1147 1172 1236 trituranti²,s

138 1291 204 1336 uon
216 1269 258 1332 de
273 1271 377 1335 bobus
388 1269 458 1334 haec
469 1318 477 1345 ,
487 1269 543 1333 scd
556 1269 594 1334 de
606 1268 764 1356 Apostolis
780 1270 892 1335 dixerit
903 1294 910 1334 :
921 1282 952 1334 et
965 1295 1091 1336 rursum
1102 1293 1177 1338 cum
1241 1291 1247 1302 ·

139 1376 173 1440 in
193 1376 276 1462 Lege
291 1375 426 1450 dicitur,
442 1403 455 1436 r
471 1376 543 1461 quia
560 1375 722 1443 Abraham
742 1376 821 1442 duos
836 1375 917 1442 lilios
932 1376 1060 1452 habuit,
1081 1401 1179 1444 unum

142 1482 204 1548 »de
226 1481 357 1560 ancilla,
374 1494 406 1558 et
421 1506 521 1548 unum
538 1483 577 1548 de
593 1481 730 1558 liltern'‚
748 1513 761 1545 s
777 1507 835 1571 ego
850 1485 882 1565 in
897 1484 934 1548 iis
950 1483 1089 1572 intelligo
1104 1509 1178 1550 esse

142 1589 206 1654 duo
222 1598 426 1662 testamenta,
444 1601 476 1653 et
495 1590 573 1653 duos
587 1587 721 1676 populos
743 1613 751 1655 r
769 1590 861 1655 istam
877 1591 968 1655 nobis
987 1589 1089 1679 legem
1109 1616 1179 1679 quae

139 1696 183 1763 sic
200 1695 384 1784 intelligitur
400 1697 510 1784 (quum
527 1695 699 1785 spiritalem
711 1699 854 1764 nominat
869 1698 996 1788 Paulus)
1014 1701 1105 1766 lesus
1117 1703 1178 1766 Do

137 1803 242 1870 minus
257 1801 353 1890 legit,
366 1814 399 1867 et
414 1804 480 1892 ipse
494 1817 542 1868 est
558 1804 611 1892 qui
627 1803 694 1870 haec
711 1805 884 1871 inauribus
899 1807 995 1870 totius
1007 1807 1113 1896 populi
1129 1831 1175 1874 rc·

138 1912 236 1985 citat,
251 1911 439 1998 precipiens
455 1914 546 1977 noltis
558 1935 598 1976 ne
614 1935 782 1998 sequamur
801 1914 999 1980 occidentem
1016 1914 1171 1991 litteram,

138 2019 194 2084 sed
210 2030 374 2084 teneamus
387 2019 533 2106 spiritum
545 2018 767 2084 vivificantem.
782 2020 872 2108 Legit
887 2043 963 2109 ergo
978 2024 1068 2087 nobis
1084 2024 1177 2088 Jesus

138 2126 254 2213 Legem
267 2173 275 2202 ‚
289 2148 363 2192 cum
376 2126 466 2190 nobis
478 2125 569 2212 Legis
587 2124 703 2192 revelat
719 2147 843 2192 arcuna.
864 2128 934 2192 Non
945 2129 1030 2192 euim
1050 2152 1106 2194 nos
1122 2132 1176 2218 qui

88 2236 93 2243 '
142 2233 182 2296 do
199 2231 333 2298 Ecclesia
356 2231 512 2298 cuholica
527 2256 653 2308 sumus,
672 2233 848 2320 spernimus
868 2233 969 2322 legem
989 2233 1103 2310 Mosei,
1120 2236 1177 2300 sed

141 2339 326 2426 suscipimus
337 2363 425 2416 esm,
438 2340 464 2404 si
479 2351 585 2404 tamen
597 2339 688 2404 lesus
701 2362 771 2404 eam
784 2340 875 2404 nobis
889 2339 1009 2428 legerit.
1026 2341 1080 2406 Sic
1091 2343 1175 2408 enim

138 2457 225 2510 recte
240 2447 413 2532 poterimus
427 2445 600 2533 intelligere
613 2447 729 2534 Legem
742 2496 749 2519 ‚
764 2447 788 2510 si
800 2469 870 2510 carn
881 2445 1176 2535 nobislegatlesus,

138 2564 172 2616 ut
193 2553 261 2640 ipso
279 2551 421 2640 legente,
439 2577 495 2618 nos
516 2577 644 2618 sensum
666 2554 734 2639 ejus
756 2565 787 2618 ot
809 2552 1046 2640 intelligentium
1068 2556 1176 2641 cupia-

137 2683 217 2726 mus.
237 2660 301 2726 Aut
315 2683 379 2726 non
394 2672 442 2724 est
458 2661 637 2748 putandum
653 2660 739 2746 qnod
754 2659 827 2724 inde
843 2671 1034 2747 conceperat
1049 2684 1175 2728 sensum

138 2765 207 2862 ille,
220 2767 275 2854 qui
292 2767 417 2832 dicebat
429 2790 462 2830 :r
477 2768 539 2833 Nos
555 2783 661 2832 autem
675 2790 802 2832 sonsum
818 2767 934 2830 Christi
949 2766 1122 2842 habemus,
1140 2781 1176 2832 ut

139 2877 295 2946 »sciamus
306 2901 403 2964 quen
417 2877 483 2941 Deo
496 2878 611 2942 donata
624 2888 697 2942 sunt
710 2877 800 2941 nohis
812 2927 820 2952 ‚
834 2889 943 2963 quaect
952 2875 1167 2964 loquimurli'»

138 2986 178 3048 Et
193 2982 236 3048 illi
252 2985 307 3072 qui
323 2985 471 3050 dicebant
490 3008 497 3047 τ
516 2985 649 3050 «Nonne
666 2984 779 3048 ardens
793 2997 860 3048 emt
877 2986 908 3047 iu
925 2985 1014 3050 nobis
1033 3009 1089 3052 cor
1105 3009 1175 3049 nos-

137 3105 245 3158 strum
256 3143 265 3169 ‚
278 3117 353 3163 oum
367 3095 460 3162 nobis
473 3095 606 3181 aperiret
622 3094 800 3180 Scripturas
816 3094 846 3158 iu
862 3095 908 3158 vin
918 3093 927 3124 ⁵
938 3094 952 3157 l
965 3094 1114 3179 »quaudo
1129 3095 1175 3162 in-

136 3203 257 3288 cipiens
273 3201 371 3292 alege
385 3203 484 3289 Moysi
502 3225 599 3292 usque
615 3203 655 3266 ad
671 3201 843 3288 Prophetes
860 3200 934 3288 legit
951 3202 995 3264 eis
1012 3203 1177 3278 omnia,et

140 3307 287 3373 revelavit
305 3333 374 3397 quae
390 3309 432 3374 dc
446 3311 514 3396 ipso
534 3309 649 3396 scripta
665 3321 747 3372 sunt.
769 3307 846 3372 lllira
865 3320 971 3372 tamen
991 3307 1091 3396 ligura
1108 3323 1187 3376 ser-'

139 3415 242 3478 monis
259 3417 434 3481 ostenditur
447 3417 478 3480 in
495 3417 530 3480 iis
546 3441 615 3502 quae
631 3415 745 3503 scripta
762 3426 851 3486 suut,
868 3439 942 3480 cum
959 3416 1052 3479 dicit:
1073 3445 1085 3477 e
1106 3419 1176 3483 Non

138 3533 227 3586 »erat
240 3546 344 3587 sermo
359 3547 398 3587 cx
414 3524 560 3588 omnibus
577 3547 646 3608 quae
662 3522 823 3585 mandevit
838 3521 980 3608 Moyses,
999 3547 1093 3609 quern
1111 3549 1175 3610 non

176 3676 183 3708 ¹
196 3682 249 3728 Jus.
261 3697 306 3728 viu
313 3715 320 3736 ,
337 3679 384 3741 dd,
400 3675 563 3730 35.-2²t)cur.
576 3683 633 3732 m,
653 3683 675 3738 Δ.
701 3677 783 3727 1Cur.
798 3697 822 3726 rx
834 3715 839 3734 ,
853 3697 875 3745 9.
889 3705 920 3718 ι-
934 3677 943 3709 ³
956 3682 1009 3728 (iel.
1027 3697 1068 3738 ιν,
1089 3695 1130 3727 22.
1150 3707 1173 3715 —

135 3766 243 3816 ³1C0r.
259 3784 296 3828 11,
316 3785 364 3828 ια,
384 3763 643 3828 13.*‘an.xxrv,
659 3769 698 3814 31.
