2744 4600
374 291 405 334 m
430 291 570 334 nuunnos
594 293 724 338 namma
748 296 843 338 mvn.
1063 277 1124 354 545

96 410 166 476 dem
194 408 293 474 verbo
322 409 471 473 nutritur.
505 411 594 475 Unde
620 413 661 476 ad
688 411 923 478 similitudinem
955 414 1127 501 corporalis

94 516 227 606 exempli
245 530 293 582 est
310 515 468 606 aliquibus
483 519 579 584 etiam
593 523 625 586 in
643 524 739 588 verbo
755 522 811 586 Dei
825 524 915 588 cibus
926 521 1027 599 lactis,
1040 548 1127 612 aper·

96 629 156 694 tior
176 627 299 693 scilicet
321 625 557 715 simpliciorque
581 629 736 706 doctrina,
756 641 789 694 ut
814 632 852 695 de
874 630 1045 697 moralibus
1061 657 1128 699 esse

98 737 187 813 solet,
199 757 269 824 quae
281 735 415 824 praeberi
428 737 592 801 consuevit
609 739 645 802 iis
657 741 710 826 qui
726 740 814 804 initia
831 739 949 804 habent
968 742 999 804 in
1018 741 1129 807 divinis

100 847 220 922 studiis,
245 857 276 910 et
299 845 402 934 prima
426 845 612 942 cruditionis
635 848 829 914 rationabilis
850 847 1005 914 elementa
1029 852 1128 915 snsci-

100 959 200 1047 piunt.
215 957 269 1021 llis
284 979 361 1043 ergo
377 977 452 1020 cum
466 957 618 1022 recitatur
634 957 705 1022 talis
720 957 824 1045 aliqua
839 959 1016 1023 divinorum
1039 959 1131 1024 volu-

98 1071 217 1134 minum
240 1066 349 1141 lectio,
366 1067 398 1130 in
421 1089 482 1152 qua
503 1089 567 1132 non
591 1067 734 1132 videatur
756 1066 875 1154 aliquid
896 1068 1080 1142 obscurum,
1097 1066 1131 1131 li-

95 1181 207 1244 bcnter
231 1176 419 1264 accipiunt:
438 1177 525 1242 verbi
550 1199 657 1252 causa,
675 1189 710 1241 ut
730 1189 778 1242 est
794 1175 916 1260 libellus
937 1179 1061 1252 Hester,
1077 1190 1131 1242 aut

95 1287 218 1362 duditb,
237 1285 287 1352 vel
309 1285 406 1350 ctiam
429 1284 550 1360 Tobiae,
572 1297 628 1349 ant
651 1285 798 1349 mandata
816 1285 993 1373 Sapientiae.
1009 1285 1042 1354 Si
1058 1308 1132 1350 vero

96 1397 216 1484 legatur
240 1397 270 1460 ei
300 1393 381 1460 liber
403 1395 548 1469 Levitici,
573 1394 744 1461 offenditur
767 1397 920 1461 continuo
943 1395 1079 1470 animus,
1101 1408 1132 1460 et

101 1507 186 1594 quasi
201 1529 263 1571 non
277 1529 372 1572 suum
393 1505 507 1595 refugit
522 1507 642 1572 cibum.
663 1507 727 1584 Qui
743 1506 827 1572 enim
846 1508 930 1572 venit
945 1521 979 1572 ut
996 1508 1131 1573 disceret

74 1603 77 1610 ⁴
105 1617 204 1682 Deum
219 1614 334 1691 colere,
356 1618 485 1705 justitiae
500 1637 538 1683 ac
554 1616 678 1703 pietatis
694 1617 763 1703 ejus
779 1629 936 1705 praecepta
958 1619 1129 1704 suscipere,

105 1726 187 1791 audit
205 1728 351 1792 mandata
375 1728 413 1792 de
437 1725 600 1794 sacrificiis
624 1727 705 1800 dari,
726 1739 758 1790 et
781 1726 1032 1804 immolationum
1056 1727 1133 1792 ritus

100 1835 218 1910 doceri,
231 1836 393 1924 quomodo
405 1858 470 1900 nen
483 1835 636 1901 continuo
649 1836 760 1900 avertit
773 1835 929 1911 anditum,
940 1849 972 1900 ot
984 1850 1133 1924 tanquam

101 1967 165 2009 non
185 1945 244 2009 sibi
260 1958 371 2032 aptum
387 1944 494 2008 cibum
509 1944 656 2008 recusat
672 1943 781 2010 Sedet
797 1943 875 2009 alius
898 1969 971 2010 cum
988 1944 1135 2034 leguntur
1212 2019 1216 2026 ¹

98 2053 280 2142 Evangelia,
294 2052 343 2118 vel
361 2051 542 2141 Apostolus,
559 2064 614 2116 ant
629 2051 756 2127 Psalmi,
771 2051 860 2117 laetns
877 2053 1018 2140 suscipit,
1032 2052 1135 2120 liben«

56 2209 61 2218 ·
99 2175 152 2226 ter
169 2160 385 2250 amplectitur,
400 2174 432 2226 et
447 2161 534 2227 velut
549 2161 690 2226 remedia
705 2161 850 2249 quaedam
865 2161 1056 2227 infirmitatis
1072 2185 1135 2227 suae

102 2272 180 2336 inde
195 2271 342 2361 colligens
356 2271 482 2361 gaudet.
499 2272 581 2336 Huic
597 2274 622 2336 si
638 2270 759 2360 legatur
776 2271 989 2338 Numerorum
1000 2271 1092 2346 liber,
1105 2286 1137 2335 et

101 2383 163 2446 ista
177 2382 309 2447 maxime
321 2381 390 2447 loca
404 2405 474 2468 quae
490 2403 577 2446 nune
589 2369 744 2446 habemus
760 2381 790 2446 in
808 2382 967 2455 manibus,
979 2380 1057 2445 nibil
1070 2381 1138 2446 haee

96 2491 142 2557 ed
160 2488 339 2566 utilitatem,
352 2490 430 2555 nihil
446 2491 486 2555 ad
502 2489 695 2556 infirmitatis
711 2513 774 2554 suae
789 2490 978 2564 remedium,
999 2502 1052 2554 aut
1069 2490 1138 2553 ani-

94 2620 162 2664 mae
177 2595 311 2664 salutem
332 2599 480 2687 prodesse
497 2599 673 2685 judicabitz
689 2598 745 2663 sed
760 2599 912 2663 continno
927 2573 1089 2673 rclnlabit,
1106 2611 1138 2662 et

94 2720 233 2797 respuet
247 2721 396 2796 tanquam
408 2733 517 2798 graves
529 2721 562 2773 et
573 2731 723 2773 onerosos
739 2710 840 2784 cibos,
853 2720 885 2773 et
900 2709 972 2795 quia
990 2729 1079 2796 aegrae
1095 2719 1139 2772 at·
1232 2695 1235 2700 ¹

98 2841 168 2907 que
178 2816 325 2885 invalidae
337 2841 400 2884 non
415 2830 597 2907 competant
613 2819 736 2884 animae.
751 2818 815 2883 Sed
830 2819 924 2894 sicut,
941 2818 1027 2883 verbi
1040 2818 1137 2905 gratia

102 2931 158 3015 (ut
170 2929 286 2992 iterum
298 2951 336 2992 ex
349 2927 567 3016 corporalibus
580 2939 759 3014 repetamus
772 2926 943 3015 exempla),
952 2926 1036 2992 leoni
1048 2927 1073 2990 si
1086 2928 1139 2992 de·

102 3053 160 3101 tur
176 3035 369 3113 intellectus,
383 3061 446 3102 non
463 3035 616 3102 continuo
630 3037 772 3126 culpabit
788 3036 1012 3101 abundantiam
1028 3037 1139 3102 herba·

102 3169 181 3210 rum
197 3159 349 3223 creatam,
367 3147 440 3234 quie
456 3147 523 3234 ipse
538 3147 644 3212 crudis
659 3145 807 3213 carnibus
821 3146 969 3220 vescitur,
983 3168 1041 3210 neo
1057 3145 1140 3210 dicet

99 3253 176 3319 illas
189 3253 348 3342 snperllue
364 3278 380 3318 a
397 3254 569 3319 Conditore
581 3255 765 3343 productas,
779 3255 850 3342 quia
865 3255 931 3341 ipse
946 3277 1055 3321 earum
1068 3256 1140 3320 cibo

106 3385 178 3427 non
194 3363 308 3436 utitur;
328 3387 388 3428 nec
405 3365 518 3428 iterum
531 3364 641 3440 homo,
654 3365 725 3450 quia
741 3387 822 3453 pane
841 3363 970 3451 aliisque
988 3365 1066 3452 aptis
1082 3365 1140 3430 sibi

109 3472 215 3537 utitur
230 3471 394 3545 alimoniis,
413 3472 543 3560 culpare
560 3474 655 3539 debet
671 3497 730 3538 cur
744 3473 852 3538 feccrit
868 3474 952 3540 Deus
967 3487 1140 3562 serpentes,

106 3603 192 3670 qnos
214 3583 321 3648 cibum
346 3583 449 3648 videat
473 3585 613 3671 praebere
639 3584 758 3656 cervis3
782 3605 884 3669 neque
910 3583 987 3658 ovis,
1011 3594 1063 3647 arnt
1085 3585 1142 3647 bos

102 3689 252 3780 culpare,
270 3692 358 3758 verbi
380 3715 489 3768 causa,
507 3693 592 3779 qnod
609 3691 676 3757 aliis
692 3690 880 3757 animalibus
895 3691 1045 3757 carnibus
1061 3691 1142 3755 vesci

102 3804 220 3868 (letum
236 3814 298 3876 cst,
314 3823 388 3866 cum
404 3801 477 3889 ipsis
493 3802 533 3865 ad
548 3802 708 3866 edendum
724 3803 865 3890 gramina
882 3800 945 3866 sola
962 3799 1141 3865 sufficiant:

103 3913 148 3974 ita
161 3921 283 3998 ergoet
297 3909 329 3974 in
341 3911 420 3975 cibis
434 3908 651 3984 rationalibus,
663 3911 843 3976 divinorum
855 3911 927 3976 dico
935 3909 1143 3981 voluminum,
