2744 4624
204 296 239 337 1⁶3
632 295 777 340 antelamo

200 415 295 483 uilica
311 415 382 482 laaee
395 437 477 481 arca
493 420 700 485 constructio.
719 418 800 483 Puto
814 439 890 507 ergo
913 411 1039 506 (ut'ego
1052 437 1111 508 pro
1126 417 1234 506 perri·

199 539 263 594 tate
286 551 395 594 sensus
414 529 476 595 mei
490 530 614 618 assequi
631 533 779 620 possum)
795 531 881 618 quod
902 529 980 596 illud
999 529 1153 596 diluvium
1166 553 1233 618 quo

196 661 279 728 pene
294 638 365 702 finis
381 651 460 704 tuuc
471 639 563 704 datus
577 651 626 704 est
641 641 776 716 mundo,
790 640 926 706 mamam
938 651 1045 706 teneat
1059 639 1132 704 finis
1148 637 1232 706 illius

198 751 251 838 qui
272 771 344 816 vere
364 750 489 816 suturas
508 764 558 818 ast
576 752 699 817 mundi.
724 753 819 832 Quod
841 765 874 818 et
895 752 962 842 ipse
983 751 1137 818 Dominus
1155 773 1234 840 pm-

197 860 354 924 uuntiavit
378 860 487 926 diceus
510 885 518 925 ε
544 859 664 927 «Sicut
689 862 826 927 enimin
848 863 959 928 dicbus
982 861 1050 927 Noe'
1068 861 1233 934 emebant,

197 999 210 1032 ι
225 971 417 1047 vendebant,
434 971 647 1048 aedificabant,
664 974 829 1038 nubebant
843 985 876 1038 et
895 985 1032 1061 nuptum
1049 971 1231 1045 tradebant,

197 1109 211 1142 a
227 1091 259 1146 et
274 1083 362 1146 venit
376 1080 543 1159 diluvium,
558 1096 590 1148 at
604 1081 742 1170 perdidit
751 1107 864 1149 omues
879 1106 887 1148 ε
906 1085 949 1148 ita
960 1082 1021 1148 erit
1032 1095 1066 1148 ot
1080 1081 1234 1146 adra-tus

197 1221 210 1254 ι
225 1191 296 1258 Filii
311 1193 448 1258 hominis
459 1193 482 1258 ⁴.
499 1221 512 1254 a
533 1195 568 1259 ln
587 1217 652 1282 quo
667 1195 831 1260 evidenter
853 1217 914 1259 una
936 1194 1114 1280 eademque
1128 1191 1231 1256 lorum

198 1301 305 1369 diluvii
321 1303 408 1392 quod
422 1305 595 1392 praecessit,
612 1315 644 1369 at
659 1305 730 1369 finis
745 1305 858 1369 muudi
878 1327 974 1392 quem
993 1313 1165 1369 venturum
1184 1301 1234 1365 dis
1261 1387 1263 1394 y

197 1415 253 1489 cit,
270 1414 461 1502 designatur.
480 1415 571 1482 Sicut
584 1396 665 1504 'argo
679 1429 758 1480 tunc
773 1413 897 1480 dictum
917 1427 965 1480 est
984 1415 1025 1479 ad
1046 1411 1136 1478 illum
1152 1411 1232 1484 Noe.

197 1533 232 1585 ut
247 1521 364 1586 faceret
379 1545 498 1598 arcam,
512 1535 544 1587 et
559 1521 779 1588 introduceret
793 1524 826 1588 in
840 1545 911 1588 eam
929 1545 1038 1589 sec-um
1051 1543 1116 1588 nen
1129 1519 1232 1588 solum

197 1625 291 1706 filios,
311 1645 344 1696 at
361 1633 520 1721 proximos
540 1655 626 1708 suos,
642 1656 753 1698 varum
769 1635 867 1699 otiam
887 1633 1003 1699 diversi
1021 1631 1145 1724 generis
1158 1629 1231 1693 ani·-

196 1737 290 1804 malia
307 1762 314 1804 :
334 1740 376 1804 ita
391 1741 487 1806 otiam
504 1741 544 1806 ad
560 1753 705 1806 nostrum
724 1741 805 1817 Noc,
819 1742 874 1830 qui
889 1763 963 1805 vere
977 1737 1061 1806 solus
1079 1739 1182 1824 justus
1195 1745 1230 1798 et

199 1848 283 1915 solus
296 1850 455 1938 perlectus
465 1869 526 1927 est,
540 1852 712 1918 Dominum
725 1848 838 1918 Jesam
851 1850 1026 1922 Christum,
1039 1847 1071 1911 in
1083 1865 1232 1911 consima-

199 1960 339 2025 mationa
357 1960 545 2027 sacculorum
562 1963 685 2029 dictum
704 1974 752 2028 est
766 1987 784 2026 a
797 1961 903 2033 Patre,
921 1969 955 2023 ut
969 1957 1089 2023 luceret
1104 1955 1163 2020 tibi
1179 1977 1233 2020 ar*

197 2091 268 2135 cam
287 2093 325 2134 ax
347 2069 437 2160 liguis
458 2073 632 2159 quadratis,
652 2085 684 2138 et
706 2093 869 2136 mansuras
886 2068 916 2133 oi
934 2068 1024 2133 daret
1046 2063 1228 2132 coelastiltua

197 2182 401 2247 sacramentis
417 2182 564 2271 repletas.
584 2185 653 2248 Hoc
672 2182 757 2246 onim
773 2180 954 2268 designatur
971 2179 1003 2241 in
1019 2175 1158 2250 Psalmo,
1175 2174 1231 2239 ubi

197 2290 274 2356 dicit
291 2313 299 2354 τ
323 2291 421 2356 «Pete
437 2315 454 2356 a
471 2316 536 2366 me,
553 2303 584 2357 ct
600 2292 682 2356 dubo
698 2290 755 2355 tibi
771 2301 880 2378 gentes
896 2286 1114 2354 haereditatem
1130 2295 1232 2356 tuam,

196 2415 255 2466 ret
270 2403 498 2492 possessiouem
520 2417 605 2468 tuam
621 2403 773 2468 terminos
795 2413 887 2466 tarrae
899 2399 921 2463 ².
939 2427 951 2461 r
976 2396 1139 2461 Construit
1154 2415 1229 2482 erge

198 2532 319 2585 arcam,
336 2522 369 2575 et
388 2510 463 2576 lacit
484 2512 516 2576 in
535 2535 571 2575 ea
593 2512 698 2586 nidos,
715 2510 747 2574 id
766 2520 825 2584 est,
846 2505 1060 2595 promptuaria
1084 2501 1231 2591 quaedam

197 2620 313 2707 quihus
336 2619 447 2684 diversi
470 2619 592 2707 generis
611 2615 758 2682 animalia
776 2615 981 2702 recipiantur.
1004 2613 1051 2677 De
1069 2613 1184 2699 quibus
1201 2627 1234 2678 et

200 2730 358 2817 Propheta
374 2729 450 2794 dicit
467 2750 474 2790 τ
496 2735 508 2787 ἀ
525 2727 623 2816 Perge
638 2723 773 2816 populus
788 2747 891 2798 meus,
905 2723 988 2786 intra
1004 2722 1035 2786 in
1051 2735 1234 2810 promptua-

203 2869 215 2900 ι
232 2839 277 2903 ria
297 2850 364 2914 tua,
382 2837 542 2904 absconde
558 2849 589 2900 te
604 2859 776 2924 parumper
793 2833 896 2899 donec
917 2843 1055 2896 transeat
1070 2831 1159 2896 furor
1177 2832 1231 2896 irae

130 2961 133 2972 '
201 2976 214 3009 a
231 2945 369 3012 meae³.r
393 2947 566 3012 Consertur
582 2969 656 3034 crgo
672 2943 808 3033 populus
828 2943 881 3010 hic
901 2942 954 3030 qui
971 2939 1108 3006 salvatur
1123 2941 1154 3006 in
1169 2941 1234 3006 Ec-

201 3054 309 3130 clesia,
328 3053 388 3120 illia
405 3057 567 3130 omuibus,
579 3057 643 3120 sivo
664 3054 846 3122 hominihus
865 3052 929 3118 sive
947 3049 1231 3140 animalibusque

202 3164 317 3232 salvata
341 3177 415 3230 suut
438 3166 470 3230 in
492 3187 575 3234 arca.
601 3164 721 3231 Verum
748 3164 899 3254 quoniam
925 3185 989 3226 non
1014 3175 1062 3228 ast
1088 3163 1233 3231 omnium

200 3299 298 3341 unum
315 3276 476 3350 meritum,
490 3298 551 3340 nec
564 3299 643 3339 uuus
658 3274 688 3338 in
706 3273 770 3339 lide
785 3272 965 3361 prolectus3
981 3272 1100 3337 idcirco
1112 3283 1144 3335 et
1160 3293 1233 3338 arca

203 3384 255 3451 illa
281 3409 343 3452 non
365 3407 460 3448 unam
481 3386 603 3472 praebet
624 3383 771 3448 omnibus
787 3382 999 3458 mansionem,
1017 3379 1071 3446 sed
1093 3380 1234 3446 bicame-

201 3508 266 3562 rata
285 3509 358 3562 sunt
378 3495 538 3570 inferiora,
553 3506 585 3558 et
601 3493 799 3558 tricamerata
811 3493 987 3580 superiora,
1002 3507 1035 3558 et
1046 3492 1112 3558 nidi
1128 3491 1237 3556 distin-

202 3619 344 3697 guuntur
362 3608 392 3670 in
407 3627 470 3671 ea:
492 3617 529 3669 ut
544 3604 689 3669 ostendat
706 3601 779 3692 quia
800 3616 832 3668 et
852 3604 884 3669 iu
906 3602 1047 3670 Ecclesia
1068 3601 1142 3668 lieet
1163 3620 1234 3664 om-

201 3742 258 3785 ues
274 3719 355 3782 intra
372 3734 469 3780 unum
485 3713 582 3778 fidem
601 3713 837 3787 contineantur,
849 3723 949 3799 atque
964 3734 1028 3775 uuo
1043 3707 1233 3796 baptismate

204 3827 379 3906 diluantur,
396 3837 582 3890 nontamen
601 3848 682 3888 unus
698 3824 845 3889 omnibus
862 3835 956 3909 atquc
973 3819 1058 3884 idom
1075 3817 1235 3908 profectus

236 3957 244 3990 ¹
259 3958 320 4005 Luc.
336 3971 399 4016 xvir,
413 3955 452 4016 26,
466 3973 504 4020 ²7·
516 3984 545 3992 —
557 3954 568 3987 ²
582 3955 674 4006 l’salm.
686 3973 715 4014 u,
725 3955 747 4004 8.
764 3955 813 3993 -¹
828 3953 885 4002 lsai.
901 3953 1022 4011 xxv1‚'ao.
