2706 4624
359 321 390 367 rr
416 321 554 368 uuuunos
576 325 706 368 uorum
731 324 772 367 vr.
1020 296 1082 366 515

7 459 22 499 it·
66 445 110 532 que
125 437 300 509 Dei'verba
319 441 378 506 Dei
396 441 522 508 locutus
537 442 622 516 θεὼ
643 464 707 507 non
724 455 829 506 tamen
848 442 880 505 in
897 439 1007 528 spiritu
1024 439 1081 503 Dei

7 567 25 610 t
64 552 270 642 prevaricatus
292 573 360 616 esse
383 562 578 642 praeceptum
591 551 719 617 Domini
736 548 913 616 credendus
936 562 996 624 est,
1019 569 1083 636 quo

7 681 23 744 μ
61 668 149 753 jussus
159 664 263 729 suerat
272 683 337 728 nou
344 662 538 730 manducare
550 684 665 752 panem
677 665 709 728 in
723 659 847 736 Bethal,
860 657 1083 749 propterquod

13 791 20 831 ἱ
61 773 221 842 auleone
238 771 427 863 perimitur²
430 818 496 839 .....

6 906 13 942 s
81 883 152 980 ¹Sed
174 895 209 947 et
231 882 264 946 in
281 883 548 970 consequentdtua
567 884 711 949 continet
729 879 842 949 lectio⁸
862 903 934 969 quae
952 880 1081 946 recitata

59 1005 108 1068 est,
122 991 210 1082 quod
234 989 360 1079 Moyses
383 987 609 1082 AEthiopissam
632 993 756 1058 duxerit
776 1013 923 1066 uxorem,
939 1003 972 1056 et
986 989 1082 1056 Mario

6 1131 8 1148 =
60 1109 141 1192 atqu'e
155 1103 266 1170 Aaron
282 1103 476 1168 detraxerint
492 1103 531 1169 de
546 1103 654 1190 Moyse
669 1125 727 1168 cur
743 1097 967 1190 AEthiopissam
984 1101 1084 1167 duae-

6 1205 8 1262 3
62 1215 105 1290 rit,
118 1227 149 1279 et
162 1214 274 1279 aiunt:
288 1213 476 1303 «Numquid
494 1211 551 1279 soli
571 1211 671 1302 Moysi
692 1211 819 1279 locutus
841 1224 890 1277 est
908 1211 1086 1278 Dominus?

63 1355 72 1384 ι
85 1347 181 1392 nonne
188 1337 222 1390 et
230 1323 725 1399 nobieloeutusesti’Etaudisit,
735 1325 859 1410 inquit,
871 1323 1026 1404 Dominus
1034 1322 1079 1387 ’.ι

65 1435 169 1525 Etpost
180 1435 252 1502 haec
264 1436 355 1524 jubat
366 1457 420 1500 eos
432 1436 519 1501 exire
535 1435 576 1500 ad
591 1433 835 1501 tabernaculum
845 1433 1031 1508 testimonii,
1045 1445 1089 1497 at·
1126 1454 1131 1461 ·

6 1591 7 1614 r
69 1567 115 1631 que
127 1547 169 1612 ibi
182 1545 308 1635 judicio
323 1543 463 1632 quodam
476 1544 585 1610 habito
596 1542 719 1633 leprosa
729 1541 974 1609 efficiturMaria
987 1563 1086 1629 usque

6 1685 10 1722 ·2.
69 1655 222 1723 adcartnm
235 1667 377 1745 tempus,
389 1656 478 1722 etsic
489 1655 708 1721 revocatured
720 1665 831 1721 eastra.
848 1653 946 1733 Quod
957 1665 1087 1717 utcum-

6 1797 8 1833 ι
75 1765 227 1848 pcndiosius
249 1761 459 1854 explicemus,
480 1763 612 1830 Mariam
631 1759 766 1830 dicimus
788 1762 924 1829 formam
939 1761 1087 1827 habuisse

77 1869 156 1960 piebis
172 1876 303 1964 priorisr
329 1873 473 1963 Moysen,
492 1874 525 1940 id
539 1886 600 1950 est,
616 1873 718 1962 legem
734 1873 861 1940 Domini
881 1873 1028 1938 transisse
1047 1872 1088 1938 ad

6 2021 8 2056 μ
81 1986 247 2051 connubium
261 1981 463 2073 AEthiopissae
477 1985 573 2074 hujus
592 2008 662 2074 quae
677 2008 716 2050 ex
730 1985 877 2074 gentibue
898 1995 1086 2074 congregata
1114 2057 1115 2068 ζ

81 2102 129 2156 est.
142 2093 222 2161 liene
234 2117 309 2184 ergo
326 2093 463 2182 Moyses,
483 2093 516 2158 id
539 2102 599 2168 est,
615 2091 666 2158 lex
686 2091 854 2181 spiritualis
870 2093 994 2180 accepit
1006 2116 1085 2158 uxo-

5 2243 7 2264 1
86 2221 163 2262 rema
174 2213 204 2265 et
213 2225 264 2290 pro
276 2203 338 2270 hoc
350 2201 435 2268 sacto
446 2199 557 2280 Maria,
569 2227 641 2292 quse
653 2225 741 2268 nunc
753 2201 919 2290 Synegoga
930 2213 990 2276 est,
1001 2200 1085 2265 indi·

94 2317 190 2392 gnatur
202 2323 231 2374 at
243 2311 378 2388 detrahit,
394 2337 456 2377 una
472 2335 548 2379 cum
563 2311 682 2390 Aaron,
699 2336 774 2380 cum
789 2310 1007 2378 sacerdotibus
1023 2312 1084 2376 sci-

90 2415 154 2483 iicet
164 2431 193 2485 et
204 2419 359 2492 phariseis.
378 2427 518 2516 Derogat
532 2449 608 2515 ergo
623 2426 768 2515 usquein
784 2413 973 2491 hodiernum
986 2421 1086 2510 Moysi

81 2527 226 2597 uobiscum
235 2535 335 2623 posito
346 2533 437 2626 plebs
449 2533 514 2612 iila,
527 2549 560 2601 et
571 2549 664 2626 turpe
675 2536 704 2601 ei
717 2535 854 2609 videtur,
866 2534 939 2623 quia
952 2534 1087 2599 circum-

77 2638 205 2708 cisionem
227 2645 332 2711 carnia
360 2668 426 2711 non
449 2644 544 2712 docet
565 2645 649 2734 apud
671 2668 742 2721 nos,
759 2641 1086 2709 necobservutionem

75 2749 186 2828 sattsti.
202 2778 263 2822 uec
285 2757 475 2829 neomeniae,
496 2779 555 2822 uec
579 2755 735 2821 sacrificia
753 2753 925 2844 sanguinis,
946 2744 1003 2818 sed
1024 2752 1087 2817 cir·

69 2861 279 2931 concisionem
299 2867 418 2942 cordis,
441 2879 474 2931 et
495 2865 648 2955 peccandi
668 2867 781 2941 otium,
799 2865 926 2952 diesque
943 2862 1040 2928 festos
1055 2863 1087 2928 in

63 2971 165 3060 azymis
179 2974 389 3052 sinceritatis,
405 2986 438 3041 et
452 2975 605 3050 veritatis,
621 2987 654 3040 et
669 2973 823 3042 sacrificia
838 2972 951 3044 laudis,
972 2985 1005 3037 et
1023 2996 1088 3038 non
1193 3003 1195 3010 ·

57 3079 112 3167 jem
125 3086 305 3174 peducum,
323 3082 379 3149 sed
394 3083 543 3149 vitiorum
560 3084 640 3150 caedi
659 3084 800 3150 victimas
814 3097 933 3150 monet.
959 3083 1088 3150 iudicat

56 3215 121 3282 ergo
131 3191 170 3261 de
181 3195 219 3262 iis
231 3193 338 3270 Deua,
354 3207 386 3259 et
398 3194 523 3283 nuptias
538 3193 739 3285 AEthiopissae
753 3193 938 3268 confirmata
957 3202 990 3260 et
1001 3191 1088 3283 Moy·

53 3326 98 3370 sau
117 3308 251 3396 quidem
268 3301 407 3371 libenter
421 3328 495 3372 cum
511 3327 547 3370 ea
564 3305 707 3371 habitare
726 3305 800 3371 sinit
815 3327 852 3371 ac
867 3306 1084 3395 requiescere:

50 3409 170 3484 diarium
183 3439 267 3482 vero
280 3415 369 3503 ejicit
379 3427 465 3479 extra
478 3425 595 3490 castra,
608 3427 642 3480 et
652 3435 748 3503 porro
760 3412 837 3480 facit
851 3437 868 3478 a
884 3412 1089 3479 tabernaculo

49 3526 214 3594 testimonii
225 3552 236 3601 t
259 3547 337 3592 cum
353 3548 415 3612 qua
434 3523 562 3613 ejicitur
582 3525 678 3590 etiem
694 3526 810 3591 daron.
829 3525 963 3615 insuper
982 3536 1088 3590 autem

48 3644 75 3696 et
82 3631 206 3724 leprosa
226 3631 370 3701 efficitur
384 3632 491 3699 Maria.
512 3636 628 3724 dspice
642 3659 729 3702 nunc
745 3635 786 3701 ad
801 3634 887 3702 iiiam
903 3634 1043 3725 plebem,
1056 3646 1088 3700 ot

5 3809 6 3814 ’
73 3825 403 3895 unagaen-auu.
459 3886 465 3894 ζ

72 3899 120 3951 ⁸N.
135 3903 161 3962 d.
173 3919 204 3966 p.
221 3901 282 3950 288.

73 3977 172 4027 ‘Num
185 3995 238 4036 zar,
253 3993 277 4025 a.
