2660 4610
299 333 331 374 ιιι
357 329 518 374 eluricuu
543 330 745 372 caurrconuu
769 332 829 372 ιιι.
857 333 877 372 ι.
1043 311 1106 387 lot

70 469 205 530 runtur,
222 467 254 519 et
268 454 430 520 exercitati
456 452 625 527 dicuntur,
644 474 718 517 cum
735 453 855 517 scilicit
871 438 1113 543 intelligentium*

70 588 178 629 rerum
199 561 346 650 acumine
361 559 484 626 acriore
500 559 684 624 discutiunt.
708 558 779 624 Non
794 560 878 624 enim
896 561 1109 648 perfunctorio

72 685 104 736 et
117 670 242 736 utlibet
258 669 449 734 audiendum
462 668 605 755 estquod
618 665 788 755 Apostolus
802 668 841 734 de
853 668 999 757 perlectis
1011 670 1108 747 dicit,

73 781 145 866 quia
158 777 343 843 exercitatos
351 776 469 841 hahent
479 799 588 840 sensus
596 775 635 840 ud
645 775 867 841 discretionem
876 778 950 842 honi
960 777 1007 842 vel
1019 776 1106 844 mali.

118 885 214 965 Quod
233 895 267 948 ut
289 883 405 949 clarius
425 882 602 958 elucescat,
626 906 788 948 sumamus
812 886 837 960 si
863 884 985 950 ridetur
1004 910 1110 952 exem·

69 993 160 1082 plum
185 993 226 1056 ah
250 991 300 1056 his
324 990 541 1079 corporalibus
564 993 728 1067 sensibus,
745 1003 777 1055 et
801 993 843 1058 ita
859 993 988 1059 demum
1003 995 1110 1061 statim

68 1101 108 1167 ud
136 1097 206 1164 illos
231 1099 353 1163 divinos
375 1121 454 1186 quos
477 1099 640 1186 Scriptura
663 1100 811 1164 nominat
828 1123 937 1165 sensus
954 1101 1111 1168 interioris

66 1207 206 1274 huminis
237 1207 408 1272 veniemus.
436 1205 470 1271 si
489 1207 575 1271 enim
598 1229 770 1295 corporeus
794 1205 905 1272 ocolus
923 1208 1111 1274 exercitium

70 1315 154 1380 risus
176 1313 310 1389 habeat,
329 1311 417 1378 nullo
434 1313 627 1403 impediente
643 1311 829 1390 obstaculo,
850 1315 969 1404 integre
987 1327 1019 1380 et
1036 1317 1111 1382 ahs-

73 1447 135 1511 que
151 1421 213 1487 ulla
229 1420 384 1496 salsitate,
404 1419 452 1487 vel
467 1420 588 1487 colores
603 1444 791 1509 corporum,
810 1421 856 1488 vel
874 1423 1110 1512 magnitudines

74 1529 301 1618 qualitatesque
324 1530 550 1619 deprehendet.
579 1529 662 1595 Nam
677 1530 703 1594 si
723 1542 777 1595 aut
794 1530 927 1620 caligine
946 1581 955 1607 ,
975 1544 1030 1597 aut
1051 1531 1111 1600 alia

75 1636 1110 1726 qualibetinfirmitateimpediaturaspectus,etruhrumproelho,

72 1758 108 1809 et
120 1745 215 1810 viride
226 1768 283 1833 pro
297 1745 406 1832 nigro,
419 1757 474 1809 aut
485 1757 610 1810 rectum
622 1755 713 1834 putat
724 1769 791 1810 esse
807 1743 941 1834 aliquid,
954 1770 1029 1814 cum
1038 1771 1111 1814 cur-

71 1877 148 1918 rum
165 1853 200 1918 su
220 1865 252 1918 et
271 1862 468 1926 tortuosum,
488 1853 732 1918 conturhabitur
754 1853 821 1918 sine
844 1853 941 1920 dubio
957 1854 1112 1942 judicium

65 1961 205 2036 mentis,
222 1973 255 2025 et
270 1959 356 2025 aliud
373 1984 431 2050 pro
448 1958 508 2025 alio
525 1972 645 2048 agetur.
664 1961 712 2024 lta
727 1982 803 2049 ergo
819 1973 852 2025 et
862 1961 994 2027 interior
1011 1964 1110 2038 visus,

67 2068 130 2134 nisi
147 2068 327 2134 eruditione
342 2079 375 2131 et
391 2067 544 2133 industria
555 2067 650 2131 suerit
665 2069 872 2145 exercitatus,
887 2093 951 2157 quo
961 2094 1019 2158 per
1033 2070 1114 2138 mul-

64 2190 134 2241 tam
152 2177 299 2265 peritiam
315 2175 539 2241 discretionem
556 2175 630 2239 honi
651 2174 766 2239 haheat
785 2199 821 2240 ac
837 2175 929 2250 mali,
951 2179 1005 2244 sed
1021 2179 1112 2267 igno-

63 2284 174 2350 rantia
185 2296 218 2348 et
228 2283 384 2372 imperitia
397 2294 548 2368 tanquam
558 2279 657 2370 caligo
669 2279 768 2346 oculis
778 2282 942 2358 inciderit,
956 2285 1111 2353 autetiam

64 2389 199 2456 malitie
215 2389 349 2478 alicujus
368 2388 501 2478 languor
518 2402 669 2476 tunquam
687 2385 778 2476 lippis
800 2387 899 2454 oculis
922 2387 1120 2466 accesserit,

60 2499 244 2566 discrimen
269 2499 344 2562 honi
360 2508 414 2563 aut
430 2494 504 2563 mali
520 2495 636 2578 intueri
654 2493 833 2561 nullatenus
848 2497 946 2584 pessit
961 2521 969 2561 ε
986 2509 1018 2562 et
1037 2498 1112 2564 inde

57 2609 118 2673 liet
139 2617 179 2671 ut
193 2605 275 2673 mals
292 2630 350 2694 pro
373 2605 464 2670 bonis
479 2615 571 2692 agat,
589 2605 673 2668 bona
695 2627 768 2668 vero
783 2625 842 2692 pro
860 2603 949 2670 mulis
969 2620 1106 2693 spernat.

52 2715 256 2783 &undum
272 2713 357 2779 hanc
367 2736 440 2778 vero
449 2712 585 2781 sormam
594 2734 689 2799 quam
702 2711 741 2776 de
754 2713 821 2777 visu
832 2714 974 2801 corporis
986 2715 1111 2780 enimte-

1 2865 2 2868 =
52 2848 125 2913 que
144 2823 373 2896 tractavimus,
390 2832 621 2909 cousequenter
635 2820 731 2886 etiam
745 2820 785 2885 de
802 2821 911 2886 auditu
925 2838 957 2886 et
972 2835 1066 2910 gustu
1078 2837 1111 2888 et

48 2934 206 2999 odoratu
218 2981 227 3004 ,
240 2943 391 3018 tactuque
404 2952 460 3018 per
475 2926 612 3016 singulas
624 2951 765 3017 quasque
782 2929 829 2993 sui
842 2930 964 3018 generis
979 2931 1109 3000 virtutes

1 3067 2 3070 ¹
43 3063 222 3109 sensuum
236 3037 450 3126 corporalium
471 3035 608 3101 referens
632 3037 672 3102 nd
695 3037 806 3102 animm
829 3061 955 3112 sensus,
985 3063 1056 3126 quae
1077 3041 1111 3106 in

40 3147 203 3239 singulis
220 3146 362 3212 adhiberi
382 3146 518 3210 debeant
533 3143 699 3219 exercitia,
718 3167 850 3234 qumque
866 3146 980 3212 debent
999 3171 1111 3214 emon-

1 3279 2 3282 ’
39 3255 153 3320 datio
168 3251 291 3338 pareri,
309 3249 446 3316 dilucide
462 3269 680 3337 recognosces.
697 3249 772 3313 llaec
784 3261 888 3314 autem
900 3249 995 3336 paulo
1007 3249 1111 3318 latiori

38 3381 205 3427 excessu
231 3360 390 3448 prosecuti
420 3380 557 3432 sumus,
583 3355 749 3420 ostendere
777 3355 915 3422 volentes
943 3359 1111 3426 odoratum

35 3477 239 3560 sponsaeet
254 3463 559 3532 adolescentularum
572 3514 581 3540 ,
595 3487 660 3551 quo
675 3462 814 3528 odoratae
829 3477 903 3530 sunt
914 3467 1112 3536 odoremun·

1 3601 3 3634 ι
31 3587 264 3670 guentoruur
286 3573 410 3662 sponsi,
428 3595 493 3638 non
513 3571 654 3660 corporis
674 3593 800 3645 sensus,
818 3572 872 3636 sed
893 3572 989 3640 divini
1006 3573 1111 3640 odoris

1 3723 2 3740 ι
28 3687 165 3761 illius,
188 3693 220 3748 et
242 3682 398 3748 interioris
420 3681 472 3769 qui
497 3678 674 3769 appellatur
689 3678 844 3755 hominis,
863 3680 936 3746 dici.
958 3681 1016 3748 llic
1036 3704 1113 3770 ergo

1 3828 3 3858 ι
28 3789 269 3864 odorationis
285 3813 394 3856 seusus
409 3791 441 3854 in
454 3811 518 3876 quo
532 3810 625 3854 sanus
637 3798 684 3852 est
696 3797 729 3851 et
741 3787 874 3876 integer,
889 3787 986 3854 odore
996 3789 1114 3858 Christi
1202 3851 1205 3859 .

26 3910 208 3991 accepto
220 3921 259 3963 ex
272 3899 333 3964 rita
349 3896 477 3964 adducit
486 3896 526 3962 ad
538 3896 645 3960 vitam.
662 3894 693 3959 si
708 3917 859 3962 veronen
875 3895 914 3959 sit
926 3919 1038 3971 sanus,
1051 3897 1113 3964 hoc
