<?xml version="1.0" encoding="UTF-8"?>
<!DOCTYPE html PUBLIC "-//W3C//DTD XHTML 1.0 Transitional//EN"
    "http://www.w3.org/TR/xhtml1/DTD/xhtml1-transitional.dtd">
<html xmlns="http://www.w3.org/1999/xhtml" xml:lang="en" lang="en">
 <head>
  <title>
</title>
<meta http-equiv="Content-Type" content="text/html;charset=utf-8" />
  <meta name='ocr-system' content='tesseract 3.04.00' />
  <meta name='ocr-capabilities' content='ocr_page ocr_carea ocr_par ocr_line ocrx_word'/>
</head>
<body>
  <div class='ocr_page' id='page_1' title='image "./collectioselect01guilgoog_0483.png"; bbox 0 0 2744 4600; ppageno 0'>
   <div class='ocr_carea' id='block_1_1' title="bbox 406 283 1129 369">
    <p class='ocr_par' dir='ltr' id='par_1_1' title="bbox 406 283 1129 369">
     <span class='ocr_line' id='line_1_1' title="bbox 406 283 1129 369; baseline -0.018 -23"><span class='ocrx_word' id='word_1_1' title='bbox 406 305 439 348; x_wconf 84' lang='lat' dir='ltr'><strong>nt</strong></span> <span class='ocrx_word' id='word_1_2' title='bbox 466 305 605 348; x_wconf 69' lang='lat' dir='ltr'><strong>nouenos</strong></span> <span class='ocrx_word' id='word_1_3' title='bbox 628 303 765 346; x_wconf 74' lang='lat' dir='ltr'><strong>neuturu-</strong></span> <span class='ocrx_word' id='word_1_4' title='bbox 780 305 831 346; x_wconf 80' lang='lat' dir='ltr'><strong>xx.</strong></span> <span class='ocrx_word' id='word_1_5' title='bbox 1065 283 1129 369; x_wconf 64' lang='lat'><strong>477</strong></span> 
     </span>
    </p>
   </div>
   <div class='ocr_carea' id='block_1_2' title="bbox 27 420 1188 3916">
    <p class='ocr_par' dir='ltr' id='par_1_2' title="bbox 27 420 1188 3916">
     <span class='ocr_line' id='line_1_2' title="bbox 27 420 1128 510; baseline -0.002 -22"><span class='ocrx_word' id='word_1_6' title='bbox 27 491 30 496; x_wconf 15' lang='grc' dir='ltr'><strong>Δ</strong></span> <span class='ocrx_word' id='word_1_7' title='bbox 97 423 172 488; x_wconf 88' lang='lat' dir='ltr'><strong>cuit.</strong></span> <span class='ocrx_word' id='word_1_8' title='bbox 192 421 274 490; x_wconf 86' lang='lat' dir='ltr'><strong>Vide</strong></span> <span class='ocrx_word' id='word_1_9' title='bbox 293 421 430 510; x_wconf 86' lang='lat' dir='ltr'><strong>deniquo</strong></span> <span class='ocrx_word' id='word_1_10' title='bbox 446 422 526 510; x_wconf 90' lang='lat' dir='ltr'><strong>quid</strong></span> <span class='ocrx_word' id='word_1_11' title='bbox 539 420 672 486; x_wconf 76' lang='lat' dir='ltr'><strong>incurrit</strong></span> <span class='ocrx_word' id='word_1_12' title='bbox 688 421 720 485; x_wconf 95' lang='lat' dir='ltr'><strong>in</strong></span> <span class='ocrx_word' id='word_1_13' title='bbox 742 420 801 486; x_wconf 86' lang='lat' dir='ltr'><strong>buc</strong></span> <span class='ocrx_word' id='word_1_14' title='bbox 818 421 940 508; x_wconf 82' lang='lat' dir='ltr'><strong>positus</strong></span> <span class='ocrx_word' id='word_1_15' title='bbox 955 421 1128 486; x_wconf 75' lang='lat' dir='ltr'><strong>mansione.</strong></span> 
     </span>
     <span class='ocr_line' id='line_1_3' title="bbox 95 529 1151 604; baseline -0.003 -6"><span class='ocrx_word' id='word_1_16' title='bbox 95 533 120 598; x_wconf 86' lang='lat' dir='ltr'>F</span> <span class='ocrx_word' id='word_1_17' title='bbox 121 533 284 600; x_wconf 80' lang='lat' dir='ltr'><strong>ornicatus</strong></span> <span class='ocrx_word' id='word_1_18' title='bbox 299 544 348 598; x_wconf 86' lang='lat' dir='ltr'><strong>ost</strong></span> <span class='ocrx_word' id='word_1_19' title='bbox 364 554 438 600; x_wconf 87' lang='lat' dir='ltr'><strong>cum</strong></span> <span class='ocrx_word' id='word_1_20' title='bbox 455 529 642 598; x_wconf 89' lang='lat' dir='ltr'><strong>mulieribus</strong></span> <span class='ocrx_word' id='word_1_21' title='bbox 656 529 914 604; x_wconf 81' lang='lat' dir='ltr'><strong>Madionitorum,</strong></span> <span class='ocrx_word' id='word_1_22' title='bbox 927 543 960 594; x_wconf 85' lang='lat' dir='ltr'><strong>et</strong></span> <span class='ocrx_word' id='word_1_23' title='bbox 978 529 1133 596; x_wconf 75' lang='lat' dir='ltr'><strong>refutatus</strong></span> <span class='ocrx_word' id='word_1_24' title='bbox 1146 582 1151 602; x_wconf 84' lang='lat'><strong>.</strong></span> 
     </span>
     <span class='ocr_line' id='line_1_4' title="bbox 96 631 1137 728; baseline 0 -22"><span class='ocrx_word' id='word_1_25' title='bbox 96 653 144 706; x_wconf 86' lang='lat' dir='ltr'><strong>est</strong></span> <span class='ocrx_word' id='word_1_26' title='bbox 156 667 174 706; x_wconf 87' lang='lat' dir='ltr'><strong>o</strong></span> <span class='ocrx_word' id='word_1_27' title='bbox 185 641 271 706; x_wconf 87' lang='lat' dir='ltr'><strong>Deo:</strong></span> <span class='ocrx_word' id='word_1_28' title='bbox 284 641 358 727; x_wconf 83' lang='lat' dir='ltr'><strong>quio</strong></span> <span class='ocrx_word' id='word_1_29' title='bbox 375 663 440 706; x_wconf 91' lang='lat' dir='ltr'><strong>nou</strong></span> <span class='ocrx_word' id='word_1_30' title='bbox 454 638 557 706; x_wconf 85' lang='lat' dir='ltr'><strong>solum</strong></span> <span class='ocrx_word' id='word_1_31' title='bbox 570 639 755 714; x_wconf 81' lang='lat' dir='ltr'><strong>fornicatus,</strong></span> <span class='ocrx_word' id='word_1_32' title='bbox 768 638 825 704; x_wconf 82' lang='lat' dir='ltr'><strong>sed</strong></span> <span class='ocrx_word' id='word_1_33' title='bbox 838 651 872 704; x_wconf 85' lang='lat' dir='ltr'><strong>et</strong></span> <span class='ocrx_word' id='word_1_34' title='bbox 886 638 977 704; x_wconf 84' lang='lat' dir='ltr'><strong>idolis</strong></span> <span class='ocrx_word' id='word_1_35' title='bbox 992 631 1137 728; x_wconf 79' lang='lat' dir='ltr'><strong>gentium.</strong></span> 
     </span>
     <span class='ocr_line' id='line_1_5' title="bbox 98 746 1134 837; baseline -0.001 -20"><span class='ocrx_word' id='word_1_36' title='bbox 98 763 301 818; x_wconf 79' lang='lat' dir='ltr'><strong>consecra-tus</strong></span> <span class='ocrx_word' id='word_1_37' title='bbox 312 762 374 825; x_wconf 84' lang='lat' dir='ltr'><strong>est,</strong></span> <span class='ocrx_word' id='word_1_38' title='bbox 386 761 419 816; x_wconf 88' lang='lat' dir='ltr'><strong>et</strong></span> <span class='ocrx_word' id='word_1_39' title='bbox 434 750 573 816; x_wconf 88' lang='lat' dir='ltr'><strong>comedit</strong></span> <span class='ocrx_word' id='word_1_40' title='bbox 585 750 671 816; x_wconf 84' lang='lat' dir='ltr'><strong>exiis</strong></span> <span class='ocrx_word' id='word_1_41' title='bbox 688 773 758 837; x_wconf 79' lang='lat' dir='ltr'><strong>quae</strong></span> <span class='ocrx_word' id='word_1_42' title='bbox 773 746 899 815; x_wconf 75' lang='lat' dir='ltr'><strong>suerunt</strong></span> <span class='ocrx_word' id='word_1_43' title='bbox 911 748 1002 816; x_wconf 82' lang='lat' dir='ltr'><strong>idolis</strong></span> <span class='ocrx_word' id='word_1_44' title='bbox 1019 750 1134 816; x_wconf 87' lang='lat' dir='ltr'><strong>immo-</strong></span> 
     </span>
     <span class='ocr_line' id='line_1_6' title="bbox 100 859 1138 948; baseline 0.001 -22"><span class='ocrx_word' id='word_1_45' title='bbox 100 860 177 936; x_wconf 83' lang='lat' dir='ltr'><strong>late,</strong></span> <span class='ocrx_word' id='word_1_46' title='bbox 190 883 260 948; x_wconf 84' lang='lat' dir='ltr'><strong>quae</strong></span> <span class='ocrx_word' id='word_1_47' title='bbox 279 861 390 946; x_wconf 88' lang='lat' dir='ltr'><strong>utique</strong></span> <span class='ocrx_word' id='word_1_48' title='bbox 406 859 594 926; x_wconf 76' lang='lat' dir='ltr'><strong>execrabilia</strong></span> <span class='ocrx_word' id='word_1_49' title='bbox 610 861 735 925; x_wconf 80' lang='lat' dir='ltr'><strong>suntad</strong></span> <span class='ocrx_word' id='word_1_50' title='bbox 752 861 865 925; x_wconf 89' lang='lat' dir='ltr'><strong>Deum.</strong></span> <span class='ocrx_word' id='word_1_51' title='bbox 879 860 943 939; x_wconf 86' lang='lat' dir='ltr'><strong>Qui</strong></span> <span class='ocrx_word' id='word_1_52' title='bbox 961 862 1046 926; x_wconf 89' lang='lat' dir='ltr'><strong>enim</strong></span> <span class='ocrx_word' id='word_1_53' title='bbox 1062 883 1138 928; x_wconf 84' lang='lat' dir='ltr'><strong>eon·</strong></span> 
     </span>
     <span class='ocr_line' id='line_1_7' title="bbox 101 967 1136 1062; baseline 0.003 -28"><span class='ocrx_word' id='word_1_54' title='bbox 101 992 211 1034; x_wconf 86' lang='lat' dir='ltr'><strong>seusus</strong></span> <span class='ocrx_word' id='word_1_55' title='bbox 228 969 345 1057; x_wconf 87' lang='lat' dir='ltr'><strong>templo</strong></span> <span class='ocrx_word' id='word_1_56' title='bbox 357 970 415 1034; x_wconf 88' lang='lat' dir='ltr'><strong>Dei</strong></span> <span class='ocrx_word' id='word_1_57' title='bbox 428 991 502 1036; x_wconf 92' lang='lat' dir='ltr'><strong>cum</strong></span> <span class='ocrx_word' id='word_1_58' title='bbox 512 967 633 1036; x_wconf 73' lang='lat' dir='ltr'><strong>tdotist</strong></span> <span class='ocrx_word' id='word_1_59' title='bbox 644 967 764 1034; x_wconf 85' lang='lat' dir='ltr'><strong>Verum</strong></span> <span class='ocrx_word' id='word_1_60' title='bbox 780 993 839 1058; x_wconf 76' lang='lat' dir='ltr'><strong>ego</strong></span> <span class='ocrx_word' id='word_1_61' title='bbox 854 970 949 1036; x_wconf 83' lang='lat' dir='ltr'><strong>etiem</strong></span> <span class='ocrx_word' id='word_1_62' title='bbox 962 971 1001 1035; x_wconf 91' lang='lat' dir='ltr'><strong>de</strong></span> <span class='ocrx_word' id='word_1_63' title='bbox 1012 970 1049 1036; x_wconf 84' lang='lat' dir='ltr'><strong>iis</strong></span> <span class='ocrx_word' id='word_1_64' title='bbox 1066 996 1136 1062; x_wconf 77' lang='lat' dir='ltr'><strong>qum</strong></span> 
     </span>
     <span class='ocr_line' id='line_1_8' title="bbox 98 1075 1137 1167; baseline 0.003 -23"><span class='ocrx_word' id='word_1_65' title='bbox 98 1076 270 1165; x_wconf 76' lang='lat' dir='ltr'><strong>Apostolus</strong></span> <span class='ocrx_word' id='word_1_66' title='bbox 281 1077 322 1142; x_wconf 82' lang='lat' dir='ltr'><strong>ad</strong></span> <span class='ocrx_word' id='word_1_67' title='bbox 339 1078 521 1146; x_wconf 74' lang='lat' dir='ltr'><strong>Corinthios</strong></span> <span class='ocrx_word' id='word_1_68' title='bbox 537 1078 648 1146; x_wconf 75' lang='lat' dir='ltr'><strong>scribit</strong></span> <span class='ocrx_word' id='word_1_69' title='bbox 664 1079 773 1145; x_wconf 86' lang='lat' dir='ltr'><strong>dicens</strong></span> <span class='ocrx_word' id='word_1_70' title='bbox 786 1101 793 1142; x_wconf 91' lang='lat'><strong>:</strong></span> <span class='ocrx_word' id='word_1_71' title='bbox 808 1106 820 1140; x_wconf 76' lang='grc' dir='ltr'><strong>ι</strong></span> <span class='ocrx_word' id='word_1_72' title='bbox 836 1079 870 1144; x_wconf 83' lang='lat' dir='ltr'><strong>si</strong></span> <span class='ocrx_word' id='word_1_73' title='bbox 887 1080 956 1167; x_wconf 92' lang='lat' dir='ltr'><strong>quis</strong></span> <span class='ocrx_word' id='word_1_74' title='bbox 971 1075 1077 1147; x_wconf 77' lang='lat' dir='ltr'><strong>outoni</strong></span> <span class='ocrx_word' id='word_1_75' title='bbox 1090 1087 1137 1148; x_wconf 86' lang='lat' dir='ltr'><strong>vi-</strong></span> 
     </span>
     <span class='ocr_line' id='line_1_9' title="bbox 97 1184 1138 1264; baseline 0.01 -14"><span class='ocrx_word' id='word_1_76' title='bbox 97 1215 111 1250; x_wconf 79' lang='grc' dir='ltr'><strong>ι</strong></span> <span class='ocrx_word' id='word_1_77' title='bbox 128 1188 210 1254; x_wconf 86' lang='lat' dir='ltr'><strong>derit</strong></span> <span class='ocrx_word' id='word_1_78' title='bbox 217 1189 383 1254; x_wconf 79' lang='lat' dir='ltr'><strong>scientiam</strong></span> <span class='ocrx_word' id='word_1_79' title='bbox 397 1188 568 1256; x_wconf 78' lang='lat' dir='ltr'><strong>habentem</strong></span> <span class='ocrx_word' id='word_1_80' title='bbox 581 1190 611 1254; x_wconf 92' lang='lat' dir='ltr'><strong>in</strong></span> <span class='ocrx_word' id='word_1_81' title='bbox 625 1188 720 1255; x_wconf 91' lang='lat' dir='ltr'><strong>idolio</strong></span> <span class='ocrx_word' id='word_1_82' title='bbox 733 1191 935 1264; x_wconf 86' lang='lat' dir='ltr'><strong>recumbere,</strong></span> <span class='ocrx_word' id='word_1_83' title='bbox 946 1212 1051 1257; x_wconf 84' lang='lat' dir='ltr'><strong>nonne</strong></span> <span class='ocrx_word' id='word_1_84' title='bbox 1063 1184 1138 1260; x_wconf 84' lang='lat' dir='ltr'><strong>con-</strong></span> 
     </span>
     <span class='ocr_line' id='line_1_10' title="bbox 99 1295 1137 1384; baseline 0.007 -24"><span class='ocrx_word' id='word_1_85' title='bbox 99 1326 113 1360; x_wconf 78' lang='lat'><strong>»</strong></span> <span class='ocrx_word' id='word_1_86' title='bbox 130 1297 261 1362; x_wconf 85' lang='lat' dir='ltr'><strong>scientio</strong></span> <span class='ocrx_word' id='word_1_87' title='bbox 277 1296 348 1384; x_wconf 82' lang='lat' dir='ltr'><strong>ejus</strong></span> <span class='ocrx_word' id='word_1_88' title='bbox 362 1319 438 1362; x_wconf 87' lang='lat' dir='ltr'><strong>cum</strong></span> <span class='ocrx_word' id='word_1_89' title='bbox 457 1298 497 1361; x_wconf 90' lang='lat' dir='ltr'><strong>sit</strong></span> <span class='ocrx_word' id='word_1_90' title='bbox 514 1295 639 1364; x_wconf 82' lang='lat' dir='ltr'><strong>infirmo</strong></span> <span class='ocrx_word' id='word_1_91' title='bbox 655 1297 866 1364; x_wconf 70' lang='lat' dir='ltr'><strong>edificabitur</strong></span> <span class='ocrx_word' id='word_1_92' title='bbox 881 1300 922 1364; x_wconf 83' lang='lat' dir='ltr'><strong>od</strong></span> <span class='ocrx_word' id='word_1_93' title='bbox 939 1301 1137 1367; x_wconf 79' lang='lat' dir='ltr'><strong>munducau-</strong></span> 
     </span>
     <span class='ocr_line' id='line_1_11' title="bbox 100 1403 1137 1476; baseline 0.008 -8"><span class='ocrx_word' id='word_1_94' title='bbox 100 1435 115 1468; x_wconf 71' lang='grc' dir='ltr'><strong>ι</strong></span> <span class='ocrx_word' id='word_1_95' title='bbox 133 1407 212 1472; x_wconf 84' lang='lat' dir='ltr'><strong>dutn</strong></span> <span class='ocrx_word' id='word_1_96' title='bbox 227 1403 406 1472; x_wconf 79' lang='lat' dir='ltr'><strong>immolato¹</strong></span> <span class='ocrx_word' id='word_1_97' title='bbox 417 1407 455 1468; x_wconf 80' lang='lat' dir='ltr'><strong>l»</strong></span> <span class='ocrx_word' id='word_1_98' title='bbox 475 1403 565 1470; x_wconf 75' lang='lat' dir='ltr'><strong>valde</strong></span> <span class='ocrx_word' id='word_1_99' title='bbox 580 1405 710 1470; x_wconf 78' lang='lat' dir='ltr'><strong>miratus</strong></span> <span class='ocrx_word' id='word_1_100' title='bbox 726 1429 808 1471; x_wconf 86' lang='lat' dir='ltr'><strong>sum.</strong></span> <span class='ocrx_word' id='word_1_101' title='bbox 827 1405 961 1472; x_wconf 87' lang='lat' dir='ltr'><strong>Videtur</strong></span> <span class='ocrx_word' id='word_1_102' title='bbox 972 1410 1058 1474; x_wconf 92' lang='lat' dir='ltr'><strong>enim</strong></span> <span class='ocrx_word' id='word_1_103' title='bbox 1074 1431 1137 1476; x_wconf 92' lang='lat' dir='ltr'><strong>non</strong></span> 
     </span>
     <span class='ocr_line' id='line_1_12' title="bbox 102 1515 1138 1604; baseline 0.002 -22"><span class='ocrx_word' id='word_1_104' title='bbox 102 1527 171 1582; x_wconf 84' lang='lat' dir='ltr'><strong>tum</strong></span> <span class='ocrx_word' id='word_1_105' title='bbox 188 1539 254 1580; x_wconf 87' lang='lat' dir='ltr'><strong>rem</strong></span> <span class='ocrx_word' id='word_1_106' title='bbox 271 1517 371 1604; x_wconf 80' lang='lat' dir='ltr'><strong>ipsum</strong></span> <span class='ocrx_word' id='word_1_107' title='bbox 386 1537 514 1603; x_wconf 80' lang='lat' dir='ltr'><strong>gravem</strong></span> <span class='ocrx_word' id='word_1_108' title='bbox 529 1515 750 1602; x_wconf 82' lang='lat' dir='ltr'><strong>pronuntiare,</strong></span> <span class='ocrx_word' id='word_1_109' title='bbox 763 1537 859 1603; x_wconf 83' lang='lat' dir='ltr'><strong>quam</strong></span> <span class='ocrx_word' id='word_1_110' title='bbox 884 1515 966 1582; x_wconf 87' lang='lat' dir='ltr'><strong>illius</strong></span> <span class='ocrx_word' id='word_1_111' title='bbox 985 1519 1138 1585; x_wconf 79' lang='lat' dir='ltr'><strong>offensum</strong></span> 
     </span>
     <span class='ocr_line' id='line_1_13' title="bbox 105 1623 1139 1714; baseline 0.005 -24"><span class='ocrx_word' id='word_1_112' title='bbox 105 1629 162 1714; x_wconf 92' lang='lat' dir='ltr'><strong>qui</strong></span> <span class='ocrx_word' id='word_1_113' title='bbox 178 1627 246 1694; x_wconf 83' lang='lat' dir='ltr'><strong>haec</strong></span> <span class='ocrx_word' id='word_1_114' title='bbox 259 1628 366 1692; x_wconf 81' lang='lat' dir='ltr'><strong>videns</strong></span> <span class='ocrx_word' id='word_1_115' title='bbox 380 1624 474 1691; x_wconf 85' lang='lat' dir='ltr'><strong>simili</strong></span> <span class='ocrx_word' id='word_1_116' title='bbox 489 1637 682 1713; x_wconf 80' lang='lat' dir='ltr'><strong>provocetur</strong></span> <span class='ocrx_word' id='word_1_117' title='bbox 696 1623 856 1713; x_wconf 79' lang='lat' dir='ltr'><strong>exemplo,</strong></span> <span class='ocrx_word' id='word_1_118' title='bbox 873 1649 947 1692; x_wconf 88' lang='lat' dir='ltr'><strong>oum</strong></span> <span class='ocrx_word' id='word_1_119' title='bbox 965 1651 1030 1694; x_wconf 90' lang='lat' dir='ltr'><strong>nou</strong></span> <span class='ocrx_word' id='word_1_120' title='bbox 1046 1629 1139 1695; x_wconf 81' lang='lat' dir='ltr'><strong>simili</strong></span> 
     </span>
     <span class='ocr_line' id='line_1_14' title="bbox 105 1735 1140 1822; baseline 0.005 -20"><span class='ocrx_word' id='word_1_121' title='bbox 105 1737 238 1802; x_wconf 83' lang='lat' dir='ltr'><strong>scientio</strong></span> <span class='ocrx_word' id='word_1_122' title='bbox 250 1736 481 1808; x_wconf 66' lang='lat' dir='ltr'><strong>munieturrito</strong></span> <span class='ocrx_word' id='word_1_123' title='bbox 497 1747 531 1800; x_wconf 88' lang='lat' dir='ltr'><strong>ut</strong></span> <span class='ocrx_word' id='word_1_124' title='bbox 542 1735 687 1802; x_wconf 79' lang='lat' dir='ltr'><strong>ostendat</strong></span> <span class='ocrx_word' id='word_1_125' title='bbox 697 1757 771 1800; x_wconf 90' lang='lat' dir='ltr'><strong>eum</strong></span> <span class='ocrx_word' id='word_1_126' title='bbox 784 1737 837 1822; x_wconf 87' lang='lat' dir='ltr'><strong>qui</strong></span> <span class='ocrx_word' id='word_1_127' title='bbox 850 1736 1140 1808; x_wconf 84' lang='lat' dir='ltr'><strong>hubenssoientiam</strong></span> 
     </span>
     <span class='ocr_line' id='line_1_15' title="bbox 103 1845 1139 1934; baseline 0 -20"><span class='ocrx_word' id='word_1_128' title='bbox 103 1849 265 1914; x_wconf 87' lang='lat' dir='ltr'><strong>recumbit</strong></span> <span class='ocrx_word' id='word_1_129' title='bbox 276 1849 308 1915; x_wconf 92' lang='lat' dir='ltr'><strong>in</strong></span> <span class='ocrx_word' id='word_1_130' title='bbox 328 1845 437 1921; x_wconf 85' lang='lat' dir='ltr'><strong>idolio,</strong></span> <span class='ocrx_word' id='word_1_131' title='bbox 450 1869 514 1912; x_wconf 92' lang='lat' dir='ltr'><strong>non</strong></span> <span class='ocrx_word' id='word_1_132' title='bbox 531 1858 596 1912; x_wconf 82' lang='lat' dir='ltr'><strong>turn</strong></span> <span class='ocrx_word' id='word_1_133' title='bbox 611 1846 659 1913; x_wconf 81' lang='lat' dir='ltr'><strong>eui</strong></span> <span class='ocrx_word' id='word_1_134' title='bbox 676 1869 772 1934; x_wconf 86' lang='lat' dir='ltr'><strong>quum</strong></span> <span class='ocrx_word' id='word_1_135' title='bbox 789 1845 918 1913; x_wconf 85' lang='lat' dir='ltr'><strong>ulterius</strong></span> <span class='ocrx_word' id='word_1_136' title='bbox 934 1849 1042 1914; x_wconf 79' lang='lat' dir='ltr'><strong>domni</strong></span> <span class='ocrx_word' id='word_1_137' title='bbox 1056 1851 1139 1917; x_wconf 82' lang='lat' dir='ltr'><strong>effici</strong></span> 
     </span>
     <span class='ocr_line' id='line_1_16' title="bbox 104 1955 1143 2046; baseline 0.002 -22"><span class='ocrx_word' id='word_1_138' title='bbox 104 1981 209 2024; x_wconf 88' lang='lat' dir='ltr'><strong>reum.</strong></span> <span class='ocrx_word' id='word_1_139' title='bbox 224 1958 291 2024; x_wconf 81' lang='lat' dir='ltr'><strong>seu</strong></span> <span class='ocrx_word' id='word_1_140' title='bbox 302 1957 373 2024; x_wconf 85' lang='lat' dir='ltr'><strong>vide</strong></span> <span class='ocrx_word' id='word_1_141' title='bbox 388 1980 429 2022; x_wconf 89' lang='lat' dir='ltr'><strong>ne</strong></span> <span class='ocrx_word' id='word_1_142' title='bbox 446 1956 526 2022; x_wconf 83' lang='lat' dir='ltr'><strong>sorte</strong></span> <span class='ocrx_word' id='word_1_143' title='bbox 547 1981 611 2022; x_wconf 91' lang='lat' dir='ltr'><strong>non</strong></span> <span class='ocrx_word' id='word_1_144' title='bbox 630 1957 692 2022; x_wconf 88' lang='lat' dir='ltr'><strong>hoc</strong></span> <span class='ocrx_word' id='word_1_145' title='bbox 707 1955 809 2020; x_wconf 87' lang='lat' dir='ltr'><strong>solum</strong></span> <span class='ocrx_word' id='word_1_146' title='bbox 826 1957 923 2023; x_wconf 81' lang='lat' dir='ltr'><strong>fiebat</strong></span> <span class='ocrx_word' id='word_1_147' title='bbox 935 1960 1020 2046; x_wconf 79' lang='lat' dir='ltr'><strong>apud</strong></span> <span class='ocrx_word' id='word_1_148' title='bbox 1032 1961 1143 2026; x_wconf 84' lang='lat' dir='ltr'><strong>Corin·</strong></span> 
     </span>
     <span class='ocr_line' id='line_1_17' title="bbox 105 2061 1129 2142; baseline 0 -9"><span class='ocrx_word' id='word_1_149' title='bbox 105 2068 205 2142; x_wconf 88' lang='lat' dir='ltr'><strong>tbios,</strong></span> <span class='ocrx_word' id='word_1_150' title='bbox 218 2078 253 2132; x_wconf 88' lang='lat' dir='ltr'><strong>ut</strong></span> <span class='ocrx_word' id='word_1_151' title='bbox 263 2067 297 2132; x_wconf 93' lang='lat' dir='ltr'><strong>in</strong></span> <span class='ocrx_word' id='word_1_152' title='bbox 313 2065 409 2132; x_wconf 88' lang='lat' dir='ltr'><strong>idolio</strong></span> <span class='ocrx_word' id='word_1_153' title='bbox 425 2066 661 2140; x_wconf 86' lang='lat' dir='ltr'><strong>recumberent,</strong></span> <span class='ocrx_word' id='word_1_154' title='bbox 678 2077 709 2130; x_wconf 88' lang='lat' dir='ltr'><strong>et</strong></span> <span class='ocrx_word' id='word_1_155' title='bbox 726 2063 886 2130; x_wconf 79' lang='lat' dir='ltr'><strong>immolato</strong></span> <span class='ocrx_word' id='word_1_156' title='bbox 903 2065 995 2132; x_wconf 88' lang='lat' dir='ltr'><strong>idolis</strong></span> <span class='ocrx_word' id='word_1_157' title='bbox 1010 2061 1129 2135; x_wconf 82' lang='lat' dir='ltr'><strong>mundo</strong></span> 
     </span>
     <span class='ocr_line' id='line_1_18' title="bbox 109 2173 1142 2264; baseline 0 -19"><span class='ocrx_word' id='word_1_158' title='bbox 109 2191 234 2246; x_wconf 82' lang='lat' dir='ltr'><strong>curent.</strong></span> <span class='ocrx_word' id='word_1_159' title='bbox 257 2177 320 2242; x_wconf 86' lang='lat' dir='ltr'><strong>Sed</strong></span> <span class='ocrx_word' id='word_1_160' title='bbox 343 2176 424 2242; x_wconf 85' lang='lat' dir='ltr'><strong>forte</strong></span> <span class='ocrx_word' id='word_1_161' title='bbox 444 2176 593 2264; x_wconf 84' lang='lat' dir='ltr'><strong>quonium</strong></span> <span class='ocrx_word' id='word_1_162' title='bbox 614 2175 746 2254; x_wconf 85' lang='lat' dir='ltr'><strong>studiosi</strong></span> <span class='ocrx_word' id='word_1_163' title='bbox 768 2173 945 2240; x_wconf 75' lang='lat' dir='ltr'><strong>litterarum</strong></span> <span class='ocrx_word' id='word_1_164' title='bbox 960 2177 1142 2245; x_wconf 78' lang='lat' dir='ltr'><strong>Graecurum</strong></span> 
     </span>
     <span class='ocr_line' id='line_1_19' title="bbox 111 2283 1143 2372; baseline 0.001 -20"><span class='ocrx_word' id='word_1_165' title='bbox 111 2287 261 2352; x_wconf 88' lang='lat' dir='ltr'><strong>homines</strong></span> <span class='ocrx_word' id='word_1_166' title='bbox 277 2299 377 2362; x_wconf 82' lang='lat' dir='ltr'><strong>oront,</strong></span> <span class='ocrx_word' id='word_1_167' title='bbox 398 2299 431 2351; x_wconf 90' lang='lat' dir='ltr'><strong>et</strong></span> <span class='ocrx_word' id='word_1_168' title='bbox 444 2299 601 2352; x_wconf 75' lang='lat' dir='ltr'><strong>amotores</strong></span> <span class='ocrx_word' id='word_1_169' title='bbox 622 2283 841 2372; x_wconf 82' lang='lat' dir='ltr'><strong>philosophiae‚</strong></span> <span class='ocrx_word' id='word_1_170' title='bbox 860 2283 1015 2351; x_wconf 81' lang='lat' dir='ltr'><strong>desiderio</strong></span> <span class='ocrx_word' id='word_1_171' title='bbox 1037 2289 1143 2354; x_wconf 78' lang='lat' dir='ltr'><strong>adhuc</strong></span> 
     </span>
     <span class='ocr_line' id='line_1_20' title="bbox 51 2393 1145 2485; baseline 0.001 -25"><span class='ocrx_word' id='word_1_172' title='bbox 51 2411 60 2418; x_wconf 83' lang='lat'>&#39;</span> <span class='ocrx_word' id='word_1_173' title='bbox 118 2395 300 2462; x_wconf 85' lang='lat' dir='ltr'><strong>studiorum</strong></span> <span class='ocrx_word' id='word_1_174' title='bbox 310 2407 449 2462; x_wconf 85' lang='lat' dir='ltr'><strong>votorum</strong></span> <span class='ocrx_word' id='word_1_175' title='bbox 458 2397 661 2470; x_wconf 76' lang='lat' dir='ltr'><strong>tenebuntur,</strong></span> <span class='ocrx_word' id='word_1_176' title='bbox 671 2405 704 2459; x_wconf 87' lang='lat' dir='ltr'><strong>et</strong></span> <span class='ocrx_word' id='word_1_177' title='bbox 714 2393 1145 2485; x_wconf 78' lang='lat' dir='ltr'><strong>philosophorumdogmoto‚</strong></span> 
     </span>
     <span class='ocr_line' id='line_1_21' title="bbox 108 2502 1146 2595; baseline 0 -25"><span class='ocrx_word' id='word_1_178' title='bbox 108 2505 202 2595; x_wconf 84' lang='lat' dir='ltr'><strong>quusi</strong></span> <span class='ocrx_word' id='word_1_179' title='bbox 217 2503 307 2572; x_wconf 88' lang='lat' dir='ltr'><strong>idolis</strong></span> <span class='ocrx_word' id='word_1_180' title='bbox 321 2503 483 2574; x_wconf 72' lang='lat' dir='ltr'><strong>immolata</strong></span> <span class='ocrx_word' id='word_1_181' title='bbox 495 2505 654 2571; x_wconf 77' lang='lat' dir='ltr'><strong>edebant:</strong></span> <span class='ocrx_word' id='word_1_182' title='bbox 674 2527 744 2591; x_wconf 73' lang='lat' dir='ltr'><strong>quse</strong></span> <span class='ocrx_word' id='word_1_183' title='bbox 761 2513 868 2568; x_wconf 85' lang='lat' dir='ltr'><strong>tamen</strong></span> <span class='ocrx_word' id='word_1_184' title='bbox 882 2502 997 2569; x_wconf 82' lang='lat' dir='ltr'><strong>laedero</strong></span> <span class='ocrx_word' id='word_1_185' title='bbox 1013 2506 1146 2572; x_wconf 81' lang='lat' dir='ltr'><strong>sortasse</strong></span> 
     </span>
     <span class='ocr_line' id='line_1_22' title="bbox 109 2613 1188 2706; baseline -0.001 -25"><span class='ocrx_word' id='word_1_186' title='bbox 109 2626 395 2704; x_wconf 80' lang='lat' dir='ltr'><strong>nonpoteronteoe</strong></span> <span class='ocrx_word' id='word_1_187' title='bbox 408 2614 463 2702; x_wconf 88' lang='lat' dir='ltr'><strong>qui</strong></span> <span class='ocrx_word' id='word_1_188' title='bbox 479 2613 606 2702; x_wconf 82' lang='lat' dir='ltr'><strong>plenam</strong></span> <span class='ocrx_word' id='word_1_189' title='bbox 618 2613 781 2680; x_wconf 80' lang='lat' dir='ltr'><strong>scientium</strong></span> <span class='ocrx_word' id='word_1_190' title='bbox 798 2614 1143 2706; x_wconf 70' lang='lat' dir='ltr'><strong>veritotisucceperunt.</strong></span> <span class='ocrx_word' id='word_1_191' title='bbox 1183 2639 1188 2648; x_wconf 49' lang='lat'>⁸</span> 
     </span>
     <span class='ocr_line' id='line_1_23' title="bbox 109 2721 1150 2812; baseline 0 -20"><span class='ocrx_word' id='word_1_192' title='bbox 109 2727 154 2792; x_wconf 87' lang='lat' dir='ltr'><strong>lli</strong></span> <span class='ocrx_word' id='word_1_193' title='bbox 167 2738 274 2792; x_wconf 78' lang='lat' dir='ltr'><strong>nutem</strong></span> <span class='ocrx_word' id='word_1_194' title='bbox 285 2725 338 2812; x_wconf 92' lang='lat' dir='ltr'><strong>qui</strong></span> <span class='ocrx_word' id='word_1_195' title='bbox 351 2725 384 2790; x_wconf 94' lang='lat' dir='ltr'><strong>in</strong></span> <span class='ocrx_word' id='word_1_196' title='bbox 397 2724 523 2792; x_wconf 85' lang='lat' dir='ltr'><strong>Christo</strong></span> <span class='ocrx_word' id='word_1_197' title='bbox 534 2725 639 2790; x_wconf 78' lang='lat' dir='ltr'><strong>minus</strong></span> <span class='ocrx_word' id='word_1_198' title='bbox 650 2723 836 2789; x_wconf 82' lang='lat' dir='ltr'><strong>eruditionis</strong></span> <span class='ocrx_word' id='word_1_199' title='bbox 850 2721 1025 2800; x_wconf 82' lang='lat' dir='ltr'><strong>habebant,</strong></span> <span class='ocrx_word' id='word_1_200' title='bbox 1039 2726 1064 2790; x_wconf 86' lang='lat' dir='ltr'><strong>si</strong></span> <span class='ocrx_word' id='word_1_201' title='bbox 1079 2727 1150 2792; x_wconf 90' lang='lat' dir='ltr'><strong>imi-</strong></span> 
     </span>
     <span class='ocr_line' id='line_1_24' title="bbox 110 2831 1150 2924; baseline 0 -22"><span class='ocrx_word' id='word_1_202' title='bbox 110 2849 320 2904; x_wconf 80' lang='lat' dir='ltr'><strong>tarentureos</strong></span> <span class='ocrx_word' id='word_1_203' title='bbox 333 2834 472 2924; x_wconf 81' lang='lat' dir='ltr'><strong>legentes</strong></span> <span class='ocrx_word' id='word_1_204' title='bbox 484 2834 569 2908; x_wconf 81' lang='lat' dir='ltr'><strong>tolio.</strong></span> <span class='ocrx_word' id='word_1_205' title='bbox 580 2831 680 2901; x_wconf 84' lang='lat' dir='ltr'><strong>etillis</strong></span> <span class='ocrx_word' id='word_1_206' title='bbox 691 2833 798 2901; x_wconf 82' lang='lat' dir='ltr'><strong>adhuc</strong></span> <span class='ocrx_word' id='word_1_207' title='bbox 809 2834 921 2900; x_wconf 86' lang='lat' dir='ltr'><strong>studiis</strong></span> <span class='ocrx_word' id='word_1_208' title='bbox 930 2857 1059 2923; x_wconf 80' lang='lat' dir='ltr'><strong>operum</strong></span> <span class='ocrx_word' id='word_1_209' title='bbox 1073 2836 1150 2902; x_wconf 86' lang='lat' dir='ltr'><strong>dan-</strong></span> 
     </span>
     <span class='ocr_line' id='line_1_25' title="bbox 108 2942 1152 3034; baseline -0.003 -20"><span class='ocrx_word' id='word_1_210' title='bbox 108 2962 176 3024; x_wconf 84' lang='lat' dir='ltr'><strong>tes,</strong></span> <span class='ocrx_word' id='word_1_211' title='bbox 190 2945 348 3012; x_wconf 76' lang='lat' dir='ltr'><strong>vulnerari</strong></span> <span class='ocrx_word' id='word_1_212' title='bbox 364 2957 522 3034; x_wconf 79' lang='lat' dir='ltr'><strong>poterunt,</strong></span> <span class='ocrx_word' id='word_1_213' title='bbox 534 2955 565 3009; x_wconf 91' lang='lat' dir='ltr'><strong>et</strong></span> <span class='ocrx_word' id='word_1_214' title='bbox 582 2942 779 3010; x_wconf 67' lang='lat' dir='ltr'><strong>diuersorum</strong></span> <span class='ocrx_word' id='word_1_215' title='bbox 791 2945 977 3032; x_wconf 77' lang='lat' dir='ltr'><strong>dogmatum</strong></span> <span class='ocrx_word' id='word_1_216' title='bbox 992 2946 1085 3011; x_wconf 78' lang='lat' dir='ltr'><strong>variis</strong></span> <span class='ocrx_word' id='word_1_217' title='bbox 1101 2971 1152 3011; x_wconf 89' lang='lat' dir='ltr'><strong>cr-</strong></span> 
     </span>
     <span class='ocr_line' id='line_1_26' title="bbox 109 3050 1149 3144; baseline -0.003 -19"><span class='ocrx_word' id='word_1_218' title='bbox 109 3058 242 3126; x_wconf 81' lang='lat' dir='ltr'><strong>roribus</strong></span> <span class='ocrx_word' id='word_1_219' title='bbox 265 3053 430 3144; x_wconf 83' lang='lat' dir='ltr'><strong>implicari.</strong></span> <span class='ocrx_word' id='word_1_220' title='bbox 445 3054 499 3121; x_wconf 89' lang='lat' dir='ltr'><strong>Sic</strong></span> <span class='ocrx_word' id='word_1_221' title='bbox 520 3077 595 3143; x_wconf 78' lang='lat' dir='ltr'><strong>ergo</strong></span> <span class='ocrx_word' id='word_1_222' title='bbox 616 3053 712 3120; x_wconf 83' lang='lat' dir='ltr'><strong>fiebat</strong></span> <span class='ocrx_word' id='word_1_223' title='bbox 732 3065 766 3118; x_wconf 90' lang='lat' dir='ltr'><strong>ut</strong></span> <span class='ocrx_word' id='word_1_224' title='bbox 785 3052 952 3118; x_wconf 87' lang='lat' dir='ltr'><strong>laederetur</strong></span> <span class='ocrx_word' id='word_1_225' title='bbox 967 3050 1149 3122; x_wconf 77' lang='lat' dir='ltr'><strong>atius&#39;unde</strong></span> 
     </span>
     <span class='ocr_line' id='line_1_27' title="bbox 110 3161 1146 3255; baseline -0.004 -19"><span class='ocrx_word' id='word_1_226' title='bbox 110 3171 143 3236; x_wconf 83' lang='lat' dir='ltr'><strong>io</strong></span> <span class='ocrx_word' id='word_1_227' title='bbox 158 3169 212 3255; x_wconf 88' lang='lat' dir='ltr'><strong>qui</strong></span> <span class='ocrx_word' id='word_1_228' title='bbox 224 3167 364 3234; x_wconf 81' lang='lat' dir='ltr'><strong>habebat</strong></span> <span class='ocrx_word' id='word_1_229' title='bbox 382 3164 508 3253; x_wconf 84' lang='lat' dir='ltr'><strong>plenem</strong></span> <span class='ocrx_word' id='word_1_230' title='bbox 519 3163 684 3230; x_wconf 79' lang='lat' dir='ltr'><strong>scientium</strong></span> <span class='ocrx_word' id='word_1_231' title='bbox 696 3163 834 3228; x_wconf 83' lang='lat' dir='ltr'><strong>veritatis</strong></span> <span class='ocrx_word' id='word_1_232' title='bbox 849 3161 920 3227; x_wconf 85' lang='lat' dir='ltr'><strong>laedi</strong></span> <span class='ocrx_word' id='word_1_233' title='bbox 932 3187 995 3228; x_wconf 89' lang='lat' dir='ltr'><strong>non</strong></span> <span class='ocrx_word' id='word_1_234' title='bbox 1012 3177 1146 3252; x_wconf 81' lang='lat' dir='ltr'><strong>poteret.</strong></span> 
     </span>
     <span class='ocr_line' id='line_1_28' title="bbox 110 3271 1152 3364; baseline -0.003 -19"><span class='ocrx_word' id='word_1_235' title='bbox 110 3277 183 3346; x_wconf 84' lang='lat' dir='ltr'><strong>Sed</strong></span> <span class='ocrx_word' id='word_1_236' title='bbox 199 3277 350 3364; x_wconf 80' lang='lat' dir='ltr'><strong>quoniam</strong></span> <span class='ocrx_word' id='word_1_237' title='bbox 366 3275 502 3342; x_wconf 79' lang='lat' dir='ltr'><strong>chorites</strong></span> <span class='ocrx_word' id='word_1_238' title='bbox 521 3285 584 3340; x_wconf 89' lang='lat' dir='ltr'><strong>non</strong></span> <span class='ocrx_word' id='word_1_239' title='bbox 602 3274 732 3361; x_wconf 85' lang='lat' dir='ltr'><strong>requirit</strong></span> <span class='ocrx_word' id='word_1_240' title='bbox 751 3272 838 3360; x_wconf 86' lang='lat' dir='ltr'><strong>quod</strong></span> <span class='ocrx_word' id='word_1_241' title='bbox 853 3272 912 3338; x_wconf 84' lang='lat' dir='ltr'><strong>sibi</strong></span> <span class='ocrx_word' id='word_1_242' title='bbox 929 3271 1009 3338; x_wconf 84' lang='lat' dir='ltr'><strong>utile</strong></span> <span class='ocrx_word' id='word_1_243' title='bbox 1020 3287 1080 3352; x_wconf 87' lang='lat' dir='ltr'><strong>ost,</strong></span> <span class='ocrx_word' id='word_1_244' title='bbox 1098 3279 1152 3342; x_wconf 86' lang='lat' dir='ltr'><strong>sed</strong></span> 
     </span>
     <span class='ocr_line' id='line_1_29' title="bbox 112 3381 1150 3475; baseline 0.001 -25"><span class='ocrx_word' id='word_1_245' title='bbox 112 3385 209 3475; x_wconf 89' lang='lat' dir='ltr'><strong>quod</strong></span> <span class='ocrx_word' id='word_1_246' title='bbox 223 3383 343 3460; x_wconf 88' lang='lat' dir='ltr'><strong>multis,</strong></span> <span class='ocrx_word' id='word_1_247' title='bbox 360 3386 527 3451; x_wconf 78' lang='lat' dir='ltr'><strong>observare</strong></span> <span class='ocrx_word' id='word_1_248' title='bbox 541 3393 668 3471; x_wconf 86' lang='lat' dir='ltr'><strong>oportet</strong></span> <span class='ocrx_word' id='word_1_249' title='bbox 682 3381 778 3448; x_wconf 85' lang='lat' dir='ltr'><strong>tolem</strong></span> <span class='ocrx_word' id='word_1_250' title='bbox 795 3382 881 3447; x_wconf 87' lang='lat' dir='ltr'><strong>verbi</strong></span> <span class='ocrx_word' id='word_1_251' title='bbox 898 3403 1012 3471; x_wconf 85' lang='lat' dir='ltr'><strong>cupere</strong></span> <span class='ocrx_word' id='word_1_252' title='bbox 1028 3385 1150 3461; x_wconf 85' lang='lat' dir='ltr'><strong>cibum,</strong></span> 
     </span>
     <span class='ocr_line' id='line_1_30' title="bbox 115 3493 1154 3589; baseline -0.001 -26"><span class='ocrx_word' id='word_1_253' title='bbox 115 3498 179 3589; x_wconf 91' lang='lat' dir='ltr'><strong>qui</strong></span> <span class='ocrx_word' id='word_1_254' title='bbox 196 3519 258 3562; x_wconf 91' lang='lat' dir='ltr'><strong>non</strong></span> <span class='ocrx_word' id='word_1_255' title='bbox 274 3497 377 3563; x_wconf 84' lang='lat' dir='ltr'><strong>solum</strong></span> <span class='ocrx_word' id='word_1_256' title='bbox 392 3519 450 3563; x_wconf 93' lang='lat' dir='ltr'><strong>nos</strong></span> <span class='ocrx_word' id='word_1_257' title='bbox 465 3494 600 3564; x_wconf 71' lang='lat' dir='ltr'><strong>edificet</strong></span> <span class='ocrx_word' id='word_1_258' title='bbox 614 3508 647 3560; x_wconf 89' lang='lat' dir='ltr'><strong>et</strong></span> <span class='ocrx_word' id='word_1_259' title='bbox 659 3493 808 3568; x_wconf 85' lang='lat' dir='ltr'><strong>delectet,</strong></span> <span class='ocrx_word' id='word_1_260' title='bbox 826 3495 881 3560; x_wconf 87' lang='lat' dir='ltr'><strong>sed</strong></span> <span class='ocrx_word' id='word_1_261' title='bbox 896 3507 928 3558; x_wconf 87' lang='lat' dir='ltr'><strong>et</strong></span> <span class='ocrx_word' id='word_1_262' title='bbox 943 3496 996 3581; x_wconf 90' lang='lat' dir='ltr'><strong>qui</strong></span> <span class='ocrx_word' id='word_1_263' title='bbox 1014 3496 1154 3562; x_wconf 86' lang='lat' dir='ltr'><strong>videntes</strong></span> 
     </span>
     <span class='ocr_line' id='line_1_31' title="bbox 112 3603 1157 3693; baseline -0.005 -17"><span class='ocrx_word' id='word_1_264' title='bbox 112 3629 189 3676; x_wconf 87' lang='lat' dir='ltr'><strong>non</strong></span> <span class='ocrx_word' id='word_1_265' title='bbox 204 3604 343 3672; x_wconf 79' lang='lat' dir='ltr'><strong>offendet</strong></span> <span class='ocrx_word' id='word_1_266' title='bbox 359 3618 414 3672; x_wconf 86' lang='lat' dir='ltr'><strong>out</strong></span> <span class='ocrx_word' id='word_1_267' title='bbox 429 3603 532 3672; x_wconf 66' lang='grc' dir='ltr'><strong>Ιωάαι.</strong></span> <span class='ocrx_word' id='word_1_268' title='bbox 549 3606 606 3670; x_wconf 80' lang='lat' dir='ltr'><strong>Est</strong></span> <span class='ocrx_word' id='word_1_269' title='bbox 621 3627 696 3693; x_wconf 86' lang='lat' dir='ltr'><strong>ergo</strong></span> <span class='ocrx_word' id='word_1_270' title='bbox 712 3627 777 3670; x_wconf 90' lang='lat' dir='ltr'><strong>non</strong></span> <span class='ocrx_word' id='word_1_271' title='bbox 800 3603 902 3670; x_wconf 72' lang='lat' dir='ltr'><strong>‘solum</strong></span> <span class='ocrx_word' id='word_1_272' title='bbox 919 3605 951 3669; x_wconf 94' lang='lat' dir='ltr'><strong>in</strong></span> <span class='ocrx_word' id='word_1_273' title='bbox 970 3605 1049 3671; x_wconf 88' lang='lat' dir='ltr'><strong>cibis</strong></span> <span class='ocrx_word' id='word_1_274' title='bbox 1065 3606 1157 3671; x_wconf 88' lang='lat' dir='ltr'><strong>idolis</strong></span> 
     </span>
     <span class='ocr_line' id='line_1_32' title="bbox 111 3714 1160 3804; baseline -0.007 -18"><span class='ocrx_word' id='word_1_275' title='bbox 111 3714 336 3789; x_wconf 79' lang='lat' dir='ltr'><strong>immolatum,</strong></span> <span class='ocrx_word' id='word_1_276' title='bbox 346 3715 401 3780; x_wconf 84' lang='lat' dir='ltr'><strong>sed</strong></span> <span class='ocrx_word' id='word_1_277' title='bbox 412 3725 445 3780; x_wconf 85' lang='lat' dir='ltr'><strong>et</strong></span> <span class='ocrx_word' id='word_1_278' title='bbox 457 3716 488 3781; x_wconf 92' lang='lat' dir='ltr'><strong>in</strong></span> <span class='ocrx_word' id='word_1_279' title='bbox 500 3715 612 3782; x_wconf 85' lang='lat' dir='ltr'><strong>verbis.</strong></span> <span class='ocrx_word' id='word_1_280' title='bbox 624 3716 691 3804; x_wconf 76' lang='lat' dir='ltr'><strong>Ego</strong></span> <span class='ocrx_word' id='word_1_281' title='bbox 700 3726 790 3802; x_wconf 86' lang='lat' dir='ltr'><strong>puto,</strong></span> <span class='ocrx_word' id='word_1_282' title='bbox 803 3715 875 3802; x_wconf 76' lang='lat' dir='ltr'><strong>quis</strong></span> <span class='ocrx_word' id='word_1_283' title='bbox 887 3714 969 3780; x_wconf 84' lang='lat' dir='ltr'><strong>sicut</strong></span> <span class='ocrx_word' id='word_1_284' title='bbox 980 3716 1082 3781; x_wconf 90' lang='lat' dir='ltr'><strong>omnis</strong></span> <span class='ocrx_word' id='word_1_285' title='bbox 1096 3739 1160 3779; x_wconf 84' lang='lat' dir='ltr'><strong>ser·</strong></span> 
     </span>
     <span class='ocr_line' id='line_1_33' title="bbox 112 3823 1161 3916; baseline -0.007 -22"><span class='ocrx_word' id='word_1_286' title='bbox 112 3851 175 3898; x_wconf 87' lang='lat' dir='ltr'><strong>mo</strong></span> <span class='ocrx_word' id='word_1_287' title='bbox 188 3826 244 3916; x_wconf 84' lang='lat' dir='ltr'><strong>qui</strong></span> <span class='ocrx_word' id='word_1_288' title='bbox 258 3826 421 3913; x_wconf 82' lang='lat' dir='ltr'><strong>pietatem,</strong></span> <span class='ocrx_word' id='word_1_289' title='bbox 434 3837 467 3890; x_wconf 88' lang='lat' dir='ltr'><strong>et</strong></span> <span class='ocrx_word' id='word_1_290' title='bbox 482 3824 647 3912; x_wconf 77' lang='lat' dir='ltr'><strong>justitiam,</strong></span> <span class='ocrx_word' id='word_1_291' title='bbox 660 3835 693 3888; x_wconf 82' lang='lat' dir='ltr'><strong>et</strong></span> <span class='ocrx_word' id='word_1_292' title='bbox 705 3824 868 3889; x_wconf 77' lang='lat' dir='ltr'><strong>veritatem</strong></span> <span class='ocrx_word' id='word_1_293' title='bbox 883 3823 988 3898; x_wconf 83' lang='lat' dir='ltr'><strong>docet,</strong></span> <span class='ocrx_word' id='word_1_294' title='bbox 1003 3823 1070 3887; x_wconf 87' lang='lat' dir='ltr'><strong>Deo</strong></span> <span class='ocrx_word' id='word_1_295' title='bbox 1086 3845 1161 3888; x_wconf 89' lang='lat' dir='ltr'><strong>oon-</strong></span> 
     </span>
    </p>
   </div>
   <div class='ocr_carea' id='block_1_3' title="bbox 156 3955 385 4013">
    <p class='ocr_par' dir='ltr' id='par_1_3' title="bbox 156 3955 385 4013">
     <span class='ocr_line' id='line_1_34' title="bbox 156 3955 385 4013; baseline -0.013 -9"><span class='ocrx_word' id='word_1_296' title='bbox 156 3956 164 3990; x_wconf 82' lang='lat'>¹</span> <span class='ocrx_word' id='word_1_297' title='bbox 180 3971 188 4002; x_wconf 89' lang='grc' dir='ltr'><strong>ι</strong></span> <span class='ocrx_word' id='word_1_298' title='bbox 203 3955 264 4002; x_wconf 82' lang='lat' dir='ltr'><strong>Cor.</strong></span> <span class='ocrx_word' id='word_1_299' title='bbox 277 3970 332 4013; x_wconf 81' lang='grc' dir='ltr'><strong>νιιι,</strong></span> <span class='ocrx_word' id='word_1_300' title='bbox 348 3971 385 4001; x_wconf 80' lang='grc' dir='ltr'><strong>ιιι.</strong></span> 
     </span>
    </p>
   </div>
   <div class='ocr_carea' id='block_1_4' title="bbox 0 0 1394 4600">
    <p class='ocr_par' dir='ltr' id='par_1_4' title="bbox 0 0 1394 4600">
     <span class='ocr_line' id='line_1_35' title="bbox 0 0 1394 4600; baseline 0 0"><span class='ocrx_word' id='word_1_301' title='bbox 0 0 1394 4600; x_wconf 95' lang='lat' dir='ltr'><strong> </strong></span> 
     </span>
    </p>
   </div>
  </div>
 </body>
</html>
