<?xml version="1.0" encoding="UTF-8"?>
<!DOCTYPE html PUBLIC "-//W3C//DTD XHTML 1.0 Transitional//EN"
    "http://www.w3.org/TR/xhtml1/DTD/xhtml1-transitional.dtd">
<html xmlns="http://www.w3.org/1999/xhtml" xml:lang="en" lang="en">
 <head>
  <title>
</title>
<meta http-equiv="Content-Type" content="text/html;charset=utf-8" />
  <meta name='ocr-system' content='tesseract 3.04.00' />
  <meta name='ocr-capabilities' content='ocr_page ocr_carea ocr_par ocr_line ocrx_word'/>
</head>
<body>
  <div class='ocr_page' id='page_1' title='image "./collectioselect01guilgoog_0886.png"; bbox 0 0 2604 4614; ppageno 0'>
   <div class='ocr_carea' id='block_1_1' title="bbox 188 256 781 334">
    <p class='ocr_par' dir='ltr' id='par_1_1' title="bbox 188 256 781 334">
     <span class='ocr_line' id='line_1_1' title="bbox 188 256 781 334; baseline 0.008 -16"><span class='ocrx_word' id='word_1_1' title='bbox 188 256 252 334; x_wconf 71' lang='lat'><strong>514</strong></span> <span class='ocrx_word' id='word_1_2' title='bbox 561 275 563 279; x_wconf 87' lang='grc'><em>·</em></span> <span class='ocrx_word' id='word_1_3' title='bbox 637 281 781 325; x_wconf 81' lang='lat' dir='ltr'><strong>onrcnrus</strong></span> 
     </span>
    </p>
   </div>
   <div class='ocr_carea' id='block_1_2' title="bbox 131 398 1244 3848">
    <p class='ocr_par' dir='ltr' id='par_1_2' title="bbox 131 398 1244 1766">
     <span class='ocr_line' id='line_1_2' title="bbox 185 398 1236 488; baseline 0.001 -28"><span class='ocrx_word' id='word_1_4' title='bbox 185 399 271 484; x_wconf 85' lang='lat' dir='ltr'><strong>niam</strong></span> <span class='ocrx_word' id='word_1_5' title='bbox 288 399 416 486; x_wconf 90' lang='lat' dir='ltr'><strong>quidem</strong></span> <span class='ocrx_word' id='word_1_6' title='bbox 429 398 514 466; x_wconf 88' lang='lat' dir='ltr'><strong>velut</strong></span> <span class='ocrx_word' id='word_1_7' title='bbox 529 423 664 488; x_wconf 83' lang='lat' dir='ltr'><strong>agonem</strong></span> <span class='ocrx_word' id='word_1_8' title='bbox 679 401 851 488; x_wconf 81' lang='lat' dir='ltr'><strong>quemdam</strong></span> <span class='ocrx_word' id='word_1_9' title='bbox 867 401 950 464; x_wconf 87' lang='lat' dir='ltr'><strong>inter</strong></span> <span class='ocrx_word' id='word_1_10' title='bbox 966 423 1043 473; x_wconf 85' lang='lat' dir='ltr'><strong>nos,</strong></span> <span class='ocrx_word' id='word_1_11' title='bbox 1060 411 1093 463; x_wconf 87' lang='lat' dir='ltr'><strong>et</strong></span> <span class='ocrx_word' id='word_1_12' title='bbox 1108 399 1236 464; x_wconf 80' lang='lat' dir='ltr'><strong>consis-</strong></span> 
     </span>
     <span class='ocr_line' id='line_1_3' title="bbox 187 503 1244 596; baseline 0.002 -27"><span class='ocrx_word' id='word_1_13' title='bbox 187 517 307 582; x_wconf 90' lang='lat' dir='ltr'><strong>tentem</strong></span> <span class='ocrx_word' id='word_1_14' title='bbox 327 507 493 572; x_wconf 88' lang='lat' dir='ltr'><strong>adversum</strong></span> <span class='ocrx_word' id='word_1_15' title='bbox 513 531 570 572; x_wconf 88' lang='lat' dir='ltr'><strong>nos</strong></span> <span class='ocrx_word' id='word_1_16' title='bbox 591 521 794 596; x_wconf 86' lang='lat' dir='ltr'><strong>peccatorem</strong></span> <span class='ocrx_word' id='word_1_17' title='bbox 816 507 991 574; x_wconf 79' lang='lat' dir='ltr'><strong>describit:</strong></span> <span class='ocrx_word' id='word_1_18' title='bbox 1016 518 1049 570; x_wconf 93' lang='lat' dir='ltr'><strong>et</strong></span> <span class='ocrx_word' id='word_1_19' title='bbox 1072 505 1150 594; x_wconf 86' lang='lat' dir='ltr'><strong>quia</strong></span> <span class='ocrx_word' id='word_1_20' title='bbox 1175 503 1244 572; x_wconf 85' lang='lat' dir='ltr'><strong>hoc&#39;</strong></span> 
     </span>
     <span class='ocr_line' id='line_1_4' title="bbox 187 614 1237 704; baseline 0.001 -27"><span class='ocrx_word' id='word_1_21' title='bbox 187 614 291 702; x_wconf 91' lang='lat' dir='ltr'><strong>ipsum</strong></span> <span class='ocrx_word' id='word_1_22' title='bbox 306 615 424 681; x_wconf 84' lang='lat' dir='ltr'><strong>indicet</strong></span> <span class='ocrx_word' id='word_1_23' title='bbox 442 616 552 681; x_wconf 86' lang='lat' dir='ltr'><strong>secisse</strong></span> <span class='ocrx_word' id='word_1_24' title='bbox 576 617 698 692; x_wconf 89' lang='lat' dir='ltr'><strong>Deum,</strong></span> <span class='ocrx_word' id='word_1_25' title='bbox 715 618 831 694; x_wconf 85' lang='lat' dir='ltr'><strong>idest,</strong></span> <span class='ocrx_word' id='word_1_26' title='bbox 855 617 942 704; x_wconf 89' lang='lat' dir='ltr'><strong>quod</strong></span> <span class='ocrx_word' id='word_1_27' title='bbox 965 615 1112 681; x_wconf 87' lang='lat' dir='ltr'><strong>exercitii</strong></span> <span class='ocrx_word' id='word_1_28' title='bbox 1134 616 1237 678; x_wconf 84' lang='lat' dir='ltr'><strong>nostri</strong></span> 
     </span>
     <span class='ocr_line' id='line_1_5' title="bbox 185 723 1235 812; baseline 0.004 -30"><span class='ocrx_word' id='word_1_29' title='bbox 185 745 284 786; x_wconf 84' lang='lat' dir='ltr'><strong>cause</strong></span> <span class='ocrx_word' id='word_1_30' title='bbox 298 735 331 788; x_wconf 92' lang='lat' dir='ltr'><strong>et</strong></span> <span class='ocrx_word' id='word_1_31' title='bbox 352 725 512 812; x_wconf 83' lang='lat' dir='ltr'><strong>profectus</strong></span> <span class='ocrx_word' id='word_1_32' title='bbox 530 725 615 790; x_wconf 87' lang='lat' dir='ltr'><strong>Deus</strong></span> <span class='ocrx_word' id='word_1_33' title='bbox 639 725 750 790; x_wconf 87' lang='lat' dir='ltr'><strong>lecerit</strong></span> <span class='ocrx_word' id='word_1_34' title='bbox 770 727 828 790; x_wconf 86' lang='lat' dir='ltr'><strong>ista</strong></span> <span class='ocrx_word' id='word_1_35' title='bbox 845 725 1033 789; x_wconf 86' lang='lat' dir='ltr'><strong>certamina.</strong></span> <span class='ocrx_word' id='word_1_36' title='bbox 1059 723 1138 788; x_wconf 91' lang='lat' dir='ltr'><strong>ldeo</strong></span> <span class='ocrx_word' id='word_1_37' title='bbox 1164 747 1235 810; x_wconf 85' lang='lat' dir='ltr'><strong>ergo</strong></span> 
     </span>
     <span class='ocr_line' id='line_1_6' title="bbox 187 829 1237 922; baseline 0.003 -29"><span class='ocrx_word' id='word_1_38' title='bbox 187 852 311 895; x_wconf 88' lang='lat' dir='ltr'><strong>memor</strong></span> <span class='ocrx_word' id='word_1_39' title='bbox 332 854 407 907; x_wconf 90' lang='lat' dir='ltr'><strong>ero,</strong></span> <span class='ocrx_word' id='word_1_40' title='bbox 432 833 505 920; x_wconf 86' lang='lat' dir='ltr'><strong>quia</strong></span> <span class='ocrx_word' id='word_1_41' title='bbox 525 845 559 896; x_wconf 89' lang='lat' dir='ltr'><strong>tu</strong></span> <span class='ocrx_word' id='word_1_42' title='bbox 582 832 684 898; x_wconf 80' lang='lat' dir='ltr'><strong>fecisti</strong></span> <span class='ocrx_word' id='word_1_43' title='bbox 707 856 823 922; x_wconf 78' lang='lat' dir='ltr'><strong>agones</strong></span> <span class='ocrx_word' id='word_1_44' title='bbox 842 833 919 896; x_wconf 87' lang='lat' dir='ltr'><strong>istos</strong></span> <span class='ocrx_word' id='word_1_45' title='bbox 939 845 972 896; x_wconf 93' lang='lat' dir='ltr'><strong>et</strong></span> <span class='ocrx_word' id='word_1_46' title='bbox 992 843 1028 895; x_wconf 94' lang='lat' dir='ltr'><strong>tu</strong></span> <span class='ocrx_word' id='word_1_47' title='bbox 1052 831 1151 895; x_wconf 84' lang='lat' dir='ltr'><strong>nobis</strong></span> <span class='ocrx_word' id='word_1_48' title='bbox 1175 829 1237 896; x_wconf 77' lang='lat' dir='ltr'><strong>hac</strong></span> 
     </span>
     <span class='ocr_line' id='line_1_7' title="bbox 186 939 1237 1029; baseline 0.001 -27"><span class='ocrx_word' id='word_1_49' title='bbox 186 939 336 1004; x_wconf 77' lang='lat' dir='ltr'><strong>exercitia</strong></span> <span class='ocrx_word' id='word_1_50' title='bbox 347 940 506 1027; x_wconf 82' lang='lat' dir='ltr'><strong>patientiae</strong></span> <span class='ocrx_word' id='word_1_51' title='bbox 513 941 704 1029; x_wconf 76' lang='lat' dir='ltr'><strong>praeparasti.</strong></span> <span class='ocrx_word' id='word_1_52' title='bbox 716 941 799 1007; x_wconf 84' lang='lat' dir='ltr'><strong>Cum</strong></span> <span class='ocrx_word' id='word_1_53' title='bbox 807 941 891 1004; x_wconf 91' lang='lat' dir='ltr'><strong>enim</strong></span> <span class='ocrx_word' id='word_1_54' title='bbox 901 939 943 1005; x_wconf 89' lang='lat' dir='ltr'><strong>ad</strong></span> <span class='ocrx_word' id='word_1_55' title='bbox 954 939 1163 1006; x_wconf 78' lang='lat' dir='ltr'><strong>iracundiam</strong></span> <span class='ocrx_word' id='word_1_56' title='bbox 1175 962 1237 1027; x_wconf 86' lang='lat' dir='ltr'><strong>pro-</strong></span> 
     </span>
     <span class='ocr_line' id='line_1_8' title="bbox 188 1049 1237 1138; baseline 0.003 -26"><span class='ocrx_word' id='word_1_57' title='bbox 188 1061 336 1125; x_wconf 83' lang='lat' dir='ltr'><strong>vocaret,</strong></span> <span class='ocrx_word' id='word_1_58' title='bbox 354 1073 427 1118; x_wconf 89' lang='lat' dir='ltr'><strong>cum</strong></span> <span class='ocrx_word' id='word_1_59' title='bbox 444 1051 594 1116; x_wconf 84' lang='lat' dir='ltr'><strong>conviciis</strong></span> <span class='ocrx_word' id='word_1_60' title='bbox 608 1049 796 1128; x_wconf 79' lang='lat' dir='ltr'><strong>lacesseret,</strong></span> <span class='ocrx_word' id='word_1_61' title='bbox 811 1075 849 1115; x_wconf 92' lang='lat' dir='ltr'><strong>ne</strong></span> <span class='ocrx_word' id='word_1_62' title='bbox 861 1051 1023 1138; x_wconf 75' lang='lat' dir='ltr'><strong>patientiae</strong></span> <span class='ocrx_word' id='word_1_63' title='bbox 1040 1049 1146 1114; x_wconf 86' lang='lat' dir='ltr'><strong>lineas</strong></span> <span class='ocrx_word' id='word_1_64' title='bbox 1156 1072 1237 1115; x_wconf 78' lang='lat' dir='ltr'><strong>exre</strong></span> 
     </span>
     <span class='ocr_line' id='line_1_9' title="bbox 131 1156 1235 1247; baseline 0 -25"><span class='ocrx_word' id='word_1_65' title='bbox 131 1162 140 1180; x_wconf 85' lang='lat'><strong><em>‘</em></strong></span> <span class='ocrx_word' id='word_1_66' title='bbox 183 1156 298 1230; x_wconf 79' lang='lat' dir='ltr'><strong>darem</strong></span> <span class='ocrx_word' id='word_1_67' title='bbox 311 1175 323 1234; x_wconf 76' lang='lat'><strong>,⁹</strong></span> <span class='ocrx_word' id='word_1_68' title='bbox 336 1170 368 1225; x_wconf 90' lang='lat' dir='ltr'><strong>et</strong></span> <span class='ocrx_word' id='word_1_69' title='bbox 381 1159 514 1226; x_wconf 82' lang='lat' dir='ltr'><strong>verbum</strong></span> <span class='ocrx_word' id='word_1_70' title='bbox 529 1157 656 1247; x_wconf 83' lang='lat' dir='ltr'><strong>aliquod</strong></span> <span class='ocrx_word' id='word_1_71' title='bbox 668 1159 754 1247; x_wconf 91' lang='lat' dir='ltr'><strong>quod</strong></span> <span class='ocrx_word' id='word_1_72' title='bbox 768 1159 826 1223; x_wconf 91' lang='lat' dir='ltr'><strong>tibi</strong></span> <span class='ocrx_word' id='word_1_73' title='bbox 842 1181 907 1223; x_wconf 91' lang='lat' dir='ltr'><strong>non</strong></span> <span class='ocrx_word' id='word_1_74' title='bbox 923 1159 1053 1247; x_wconf 87' lang='lat' dir='ltr'><strong>placeat</strong></span> <span class='ocrx_word' id='word_1_75' title='bbox 1064 1157 1235 1246; x_wconf 74' lang='lat' dir='ltr'><strong>proferrem</strong></span> 
     </span>
     <span class='ocr_line' id='line_1_10' title="bbox 189 1264 1234 1356; baseline 0.004 -28"><span class='ocrx_word' id='word_1_76' title='bbox 189 1264 229 1328; x_wconf 91' lang='lat' dir='ltr'><strong>de</strong></span> <span class='ocrx_word' id='word_1_77' title='bbox 249 1264 339 1330; x_wconf 85' lang='lat' dir='ltr'><strong>labiis</strong></span> <span class='ocrx_word' id='word_1_78' title='bbox 356 1268 454 1344; x_wconf 91' lang='lat' dir='ltr'><strong>meis,</strong></span> <span class='ocrx_word' id='word_1_79' title='bbox 482 1268 672 1343; x_wconf 71' lang='lat' dir='ltr'><strong>«obmutui,</strong></span> <span class='ocrx_word' id='word_1_80' title='bbox 695 1279 727 1331; x_wconf 90' lang='lat' dir='ltr'><strong>et</strong></span> <span class='ocrx_word' id='word_1_81' title='bbox 743 1289 807 1332; x_wconf 91' lang='lat' dir='ltr'><strong>non</strong></span> <span class='ocrx_word' id='word_1_82' title='bbox 824 1268 933 1356; x_wconf 86' lang='lat' dir='ltr'><strong>operui</strong></span> <span class='ocrx_word' id='word_1_83' title='bbox 953 1291 990 1332; x_wconf 93' lang='lat' dir='ltr'><strong>os</strong></span> <span class='ocrx_word' id='word_1_84' title='bbox 1006 1266 1158 1331; x_wconf 82' lang='lat' dir='ltr'><strong>meum¹.</strong></span> <span class='ocrx_word' id='word_1_85' title='bbox 1175 1298 1186 1328; x_wconf 80' lang='grc' dir='ltr'>ι</span> <span class='ocrx_word' id='word_1_86' title='bbox 1205 1269 1234 1334; x_wconf 84' lang='lat' dir='ltr'><strong>si</strong></span> 
     </span>
     <span class='ocr_line' id='line_1_11' title="bbox 190 1374 1233 1465; baseline 0.001 -26"><span class='ocrx_word' id='word_1_87' title='bbox 190 1399 263 1440; x_wconf 89' lang='lat' dir='ltr'><strong>vero</strong></span> <span class='ocrx_word' id='word_1_88' title='bbox 282 1374 416 1463; x_wconf 88' lang='lat' dir='ltr'><strong>amplius</strong></span> <span class='ocrx_word' id='word_1_89' title='bbox 434 1375 554 1463; x_wconf 84' lang='lat' dir='ltr'><strong>aliquid</strong></span> <span class='ocrx_word' id='word_1_90' title='bbox 568 1377 745 1442; x_wconf 86' lang='lat' dir='ltr'><strong>secundum</strong></span> <span class='ocrx_word' id='word_1_91' title='bbox 767 1374 855 1442; x_wconf 90' lang='lat' dir='ltr'><strong>Pauli</strong></span> <span class='ocrx_word' id='word_1_92' title='bbox 871 1387 991 1442; x_wconf 87' lang='lat' dir='ltr'><strong>statuta</strong></span> <span class='ocrx_word' id='word_1_93' title='bbox 1010 1375 1147 1441; x_wconf 83' lang='lat' dir='ltr'><strong>valuero</strong></span> <span class='ocrx_word' id='word_1_94' title='bbox 1166 1399 1233 1465; x_wconf 86' lang='lat' dir='ltr'><strong>pro-</strong></span> 
     </span>
     <span class='ocr_line' id='line_1_12' title="bbox 188 1482 1229 1572; baseline 0.003 -25"><span class='ocrx_word' id='word_1_95' title='bbox 188 1482 317 1570; x_wconf 88' lang='lat' dir='ltr'><strong>lligare,</strong></span> <span class='ocrx_word' id='word_1_96' title='bbox 333 1507 397 1548; x_wconf 91' lang='lat' dir='ltr'><strong>non</strong></span> <span class='ocrx_word' id='word_1_97' title='bbox 409 1483 513 1550; x_wconf 87' lang='lat' dir='ltr'><strong>solum</strong></span> <span class='ocrx_word' id='word_1_98' title='bbox 524 1487 763 1560; x_wconf 76' lang='lat' dir='ltr'><strong>obmutescam,</strong></span> <span class='ocrx_word' id='word_1_99' title='bbox 776 1497 808 1548; x_wconf 88' lang='lat' dir='ltr'><strong>et</strong></span> <span class='ocrx_word' id='word_1_100' title='bbox 823 1507 886 1548; x_wconf 91' lang='lat' dir='ltr'><strong>non</strong></span> <span class='ocrx_word' id='word_1_101' title='bbox 905 1485 1051 1572; x_wconf 82' lang='lat' dir='ltr'><strong>aperiam</strong></span> <span class='ocrx_word' id='word_1_102' title='bbox 1066 1509 1103 1549; x_wconf 85' lang='lat' dir='ltr'><strong>os</strong></span> <span class='ocrx_word' id='word_1_103' title='bbox 1114 1507 1229 1559; x_wconf 89' lang='lat' dir='ltr'><strong>meum,</strong></span> 
     </span>
     <span class='ocr_line' id='line_1_13' title="bbox 186 1591 1231 1681; baseline -0.006 -19"><span class='ocrx_word' id='word_1_104' title='bbox 186 1591 245 1662; x_wconf 86' lang='lat' dir='ltr'><strong>scd</strong></span> <span class='ocrx_word' id='word_1_105' title='bbox 261 1604 293 1656; x_wconf 84' lang='lat' dir='ltr'><strong>et</strong></span> <span class='ocrx_word' id='word_1_106' title='bbox 314 1615 388 1658; x_wconf 88' lang='lat' dir='ltr'><strong>cum</strong></span> <span class='ocrx_word' id='word_1_107' title='bbox 405 1591 598 1668; x_wconf 85' lang='lat' dir='ltr'><strong>maledicor,</strong></span> <span class='ocrx_word' id='word_1_108' title='bbox 615 1593 804 1658; x_wconf 89' lang='lat' dir='ltr'><strong>benedicam</strong></span> <span class='ocrx_word' id='word_1_109' title='bbox 820 1603 852 1656; x_wconf 92' lang='lat' dir='ltr'><strong>et</strong></span> <span class='ocrx_word' id='word_1_110' title='bbox 867 1591 1115 1681; x_wconf 77' lang='lat' dir='ltr'><strong>blasphematus</strong></span> <span class='ocrx_word' id='word_1_111' title='bbox 1129 1593 1231 1681; x_wconf 88' lang='lat' dir='ltr'><strong>depre-</strong></span> 
     </span>
     <span class='ocr_line' id='line_1_14' title="bbox 186 1701 327 1766; baseline 0 0"><span class='ocrx_word' id='word_1_112' title='bbox 186 1701 297 1766; x_wconf 86' lang='lat' dir='ltr'><strong>cabor.</strong></span> <span class='ocrx_word' id='word_1_113' title='bbox 324 1711 327 1716; x_wconf 88' lang='lat'>&#39;</span> 
     </span>
    </p>

    <p class='ocr_par' dir='ltr' id='par_1_3' title="bbox 178 1808 1236 3848">
     <span class='ocr_line' id='line_1_15' title="bbox 235 1808 1221 1900; baseline -0.001 -25"><span class='ocrx_word' id='word_1_114' title='bbox 235 1809 304 1875; x_wconf 93' lang='lat' dir='ltr'><strong>Vll.</strong></span> <span class='ocrx_word' id='word_1_115' title='bbox 328 1809 504 1875; x_wconf 75' lang='lat' dir='ltr'><strong>«Amarea</strong></span> <span class='ocrx_word' id='word_1_116' title='bbox 519 1833 572 1874; x_wconf 91' lang='lat' dir='ltr'><strong>me</strong></span> <span class='ocrx_word' id='word_1_117' title='bbox 583 1808 690 1900; x_wconf 80' lang='lat' dir='ltr'><strong>plagas</strong></span> <span class='ocrx_word' id='word_1_118' title='bbox 709 1824 778 1876; x_wconf 91' lang='lat' dir='ltr'><strong>tuas</strong></span> <span class='ocrx_word' id='word_1_119' title='bbox 790 1860 799 1887; x_wconf 89' lang='lat'><strong>,</strong></span> <span class='ocrx_word' id='word_1_120' title='bbox 813 1835 828 1876; x_wconf 90' lang='lat' dir='ltr'><strong>a</strong></span> <span class='ocrx_word' id='word_1_121' title='bbox 844 1810 1036 1874; x_wconf 81' lang='lat' dir='ltr'><strong>fortitudine</strong></span> <span class='ocrx_word' id='word_1_122' title='bbox 1054 1833 1154 1874; x_wconf 79' lang='lat' dir='ltr'><strong>manus</strong></span> <span class='ocrx_word' id='word_1_123' title='bbox 1166 1822 1221 1874; x_wconf 78' lang='lat' dir='ltr'><strong>tna</strong></span> 
     </span>
     <span class='ocr_line' id='line_1_16' title="bbox 190 1917 1218 2008; baseline 0.004 -30"><span class='ocrx_word' id='word_1_124' title='bbox 190 1939 273 2004; x_wconf 79' lang='lat' dir='ltr'><strong>ocgo</strong></span> <span class='ocrx_word' id='word_1_125' title='bbox 293 1917 434 1982; x_wconf 82' lang='lat' dir='ltr'><strong>defeci.»</strong></span> <span class='ocrx_word' id='word_1_126' title='bbox 454 1919 550 1998; x_wconf 87' lang='lat' dir='ltr'><strong>Quod</strong></span> <span class='ocrx_word' id='word_1_127' title='bbox 570 1917 656 1984; x_wconf 87' lang='lat' dir='ltr'><strong>latini</strong></span> <span class='ocrx_word' id='word_1_128' title='bbox 673 1919 860 2008; x_wconf 88' lang='lat' dir='ltr'><strong>interpretes</strong></span> <span class='ocrx_word' id='word_1_129' title='bbox 883 1917 993 2006; x_wconf 81' lang='lat' dir='ltr'><strong>plagas</strong></span> <span class='ocrx_word' id='word_1_130' title='bbox 1019 1919 1165 1993; x_wconf 79' lang='lat' dir='ltr'><strong>dixerunt,</strong></span> <span class='ocrx_word' id='word_1_131' title='bbox 1187 1919 1218 1982; x_wconf 91' lang='lat' dir='ltr'><strong>in</strong></span> 
     </span>
     <span class='ocr_line' id='line_1_17' title="bbox 191 2025 1217 2116; baseline 0 -26"><span class='ocrx_word' id='word_1_132' title='bbox 191 2026 300 2114; x_wconf 81' lang='lat' dir='ltr'><strong>graecis</strong></span> <span class='ocrx_word' id='word_1_133' title='bbox 321 2025 485 2092; x_wconf 83' lang='lat' dir='ltr'><strong>codicibus</strong></span> <span class='ocrx_word' id='word_1_134' title='bbox 506 2025 628 2116; x_wconf 85' lang='lat' dir='ltr'><strong>llagella</strong></span> <span class='ocrx_word' id='word_1_135' title='bbox 651 2029 806 2116; x_wconf 90' lang='lat' dir='ltr'><strong>scriptum</strong></span> <span class='ocrx_word' id='word_1_136' title='bbox 827 2039 894 2104; x_wconf 88' lang='lat' dir='ltr'><strong>est,</strong></span> <span class='ocrx_word' id='word_1_137' title='bbox 913 2039 947 2091; x_wconf 92' lang='lat' dir='ltr'><strong>ut</strong></span> <span class='ocrx_word' id='word_1_138' title='bbox 963 2028 1031 2092; x_wconf 89' lang='lat' dir='ltr'><strong>sit:</strong></span> <span class='ocrx_word' id='word_1_139' title='bbox 1066 2029 1217 2094; x_wconf 74' lang='lat' dir='ltr'><strong>abmonea</strong></span> 
     </span>
     <span class='ocr_line' id='line_1_18' title="bbox 178 2119 1223 2224; baseline 0.006 -30"><span class='ocrx_word' id='word_1_140' title='bbox 178 2119 179 2122; x_wconf 22' lang='lat'>¹</span> <span class='ocrx_word' id='word_1_141' title='bbox 193 2157 266 2200; x_wconf 70' lang='lat' dir='ltr'><strong>ame</strong></span> <span class='ocrx_word' id='word_1_142' title='bbox 278 2133 401 2222; x_wconf 86' lang='lat' dir='ltr'><strong>llagella</strong></span> <span class='ocrx_word' id='word_1_143' title='bbox 413 2147 478 2200; x_wconf 81' lang='lat' dir='ltr'><strong>tua.</strong></span> <span class='ocrx_word' id='word_1_144' title='bbox 493 2163 507 2196; x_wconf 70' lang='lat' dir='ltr'><strong>a</strong></span> <span class='ocrx_word' id='word_1_145' title='bbox 525 2135 621 2215; x_wconf 86' lang='lat' dir='ltr'><strong>Quod</strong></span> <span class='ocrx_word' id='word_1_146' title='bbox 635 2135 761 2200; x_wconf 88' lang='lat' dir='ltr'><strong>videtur</strong></span> <span class='ocrx_word' id='word_1_147' title='bbox 776 2135 884 2223; x_wconf 90' lang='lat' dir='ltr'><strong>utique</strong></span> <span class='ocrx_word' id='word_1_148' title='bbox 897 2135 1006 2201; x_wconf 88' lang='lat' dir='ltr'><strong>dicere</strong></span> <span class='ocrx_word' id='word_1_149' title='bbox 1017 2138 1139 2224; x_wconf 87' lang='lat' dir='ltr'><strong>positus</strong></span> <span class='ocrx_word' id='word_1_150' title='bbox 1149 2136 1223 2223; x_wconf 82' lang='lat' dir='ltr'><strong>quasi</strong></span> 
     </span>
     <span class='ocr_line' id='line_1_19' title="bbox 190 2241 1228 2335; baseline 0.002 -29"><span class='ocrx_word' id='word_1_151' title='bbox 190 2241 224 2307; x_wconf 91' lang='lat' dir='ltr'><strong>in</strong></span> <span class='ocrx_word' id='word_1_152' title='bbox 247 2245 447 2331; x_wconf 88' lang='lat' dir='ltr'><strong>correptione</strong></span> <span class='ocrx_word' id='word_1_153' title='bbox 464 2242 679 2332; x_wconf 87' lang='lat' dir='ltr'><strong>llagellorum,</strong></span> <span class='ocrx_word' id='word_1_154' title='bbox 701 2267 776 2309; x_wconf 89' lang='lat' dir='ltr'><strong>cnm</strong></span> <span class='ocrx_word' id='word_1_155' title='bbox 792 2245 875 2309; x_wconf 89' lang='lat' dir='ltr'><strong>sicut</strong></span> <span class='ocrx_word' id='word_1_156' title='bbox 895 2243 996 2309; x_wconf 91' lang='lat' dir='ltr'><strong>homo</strong></span> <span class='ocrx_word' id='word_1_157' title='bbox 1020 2269 1083 2332; x_wconf 90' lang='lat' dir='ltr'><strong>pro</strong></span> <span class='ocrx_word' id='word_1_158' title='bbox 1104 2245 1228 2335; x_wconf 86' lang='lat' dir='ltr'><strong>peccatis</strong></span> 
     </span>
     <span class='ocr_line' id='line_1_20' title="bbox 187 2349 1231 2439; baseline 0.004 -27"><span class='ocrx_word' id='word_1_159' title='bbox 187 2351 381 2438; x_wconf 89' lang='lat' dir='ltr'><strong>corripitur,</strong></span> <span class='ocrx_word' id='word_1_160' title='bbox 405 2349 455 2416; x_wconf 80' lang='lat' dir='ltr'><strong>vel</strong></span> <span class='ocrx_word' id='word_1_161' title='bbox 474 2350 650 2439; x_wconf 86' lang='lat' dir='ltr'><strong>flagellatur</strong></span> <span class='ocrx_word' id='word_1_162' title='bbox 670 2363 706 2416; x_wconf 92' lang='lat' dir='ltr'><strong>ut</strong></span> <span class='ocrx_word' id='word_1_163' title='bbox 727 2352 924 2418; x_wconf 87' lang='lat' dir='ltr'><strong>emendetur.</strong></span> <span class='ocrx_word' id='word_1_164' title='bbox 952 2353 1048 2418; x_wconf 90' lang='lat' dir='ltr'><strong>Sicut</strong></span> <span class='ocrx_word' id='word_1_165' title='bbox 1070 2365 1105 2418; x_wconf 90' lang='lat' dir='ltr'><strong>et</strong></span> <span class='ocrx_word' id='word_1_166' title='bbox 1125 2351 1197 2418; x_wconf 93' lang='lat' dir='ltr'><strong>illud</strong></span> <span class='ocrx_word' id='word_1_167' title='bbox 1216 2376 1231 2416; x_wconf 85' lang='lat' dir='ltr'><strong>a</strong></span> 
     </span>
     <span class='ocr_line' id='line_1_21' title="bbox 193 2457 1231 2548; baseline 0.001 -24"><span class='ocrx_word' id='word_1_168' title='bbox 193 2457 437 2548; x_wconf 87' lang='lat' dir='ltr'><strong>quamplurimis</strong></span> <span class='ocrx_word' id='word_1_169' title='bbox 460 2458 644 2548; x_wconf 83' lang='lat' dir='ltr'><strong>intelligitur</strong></span> <span class='ocrx_word' id='word_1_170' title='bbox 668 2459 754 2547; x_wconf 91' lang='lat' dir='ltr'><strong>quod</strong></span> <span class='ocrx_word' id='word_1_171' title='bbox 775 2461 929 2548; x_wconf 87' lang='lat' dir='ltr'><strong>scriptum</strong></span> <span class='ocrx_word' id='word_1_172' title='bbox 952 2473 1032 2525; x_wconf 87' lang='lat' dir='ltr'><strong>est:</strong></span> <span class='ocrx_word' id='word_1_173' title='bbox 1064 2461 1156 2526; x_wconf 80' lang='lat' dir='ltr'><strong>«Fili</strong></span> <span class='ocrx_word' id='word_1_174' title='bbox 1176 2459 1231 2525; x_wconf 87' lang='lat' dir='ltr'><strong>noli</strong></span> 
     </span>
     <span class='ocr_line' id='line_1_22' title="bbox 189 2565 1232 2655; baseline -0.004 -19"><span class='ocrx_word' id='word_1_175' title='bbox 189 2569 344 2636; x_wconf 77' lang='lat' dir='ltr'><strong>ataediare</strong></span> <span class='ocrx_word' id='word_1_176' title='bbox 361 2593 378 2632; x_wconf 92' lang='lat' dir='ltr'><strong>a</strong></span> <span class='ocrx_word' id='word_1_177' title='bbox 395 2565 560 2655; x_wconf 88' lang='lat' dir='ltr'><strong>disciplina</strong></span> <span class='ocrx_word' id='word_1_178' title='bbox 577 2565 652 2642; x_wconf 88' lang='lat' dir='ltr'><strong>Dei,</strong></span> <span class='ocrx_word' id='word_1_179' title='bbox 670 2590 773 2655; x_wconf 90' lang='lat' dir='ltr'><strong>neque</strong></span> <span class='ocrx_word' id='word_1_180' title='bbox 788 2567 916 2633; x_wconf 86' lang='lat' dir='ltr'><strong>delicias</strong></span> <span class='ocrx_word' id='word_1_181' title='bbox 931 2591 1009 2634; x_wconf 87' lang='lat' dir='ltr'><strong>cum</strong></span> <span class='ocrx_word' id='word_1_182' title='bbox 1031 2569 1074 2633; x_wconf 83' lang='lat' dir='ltr'><strong>ab</strong></span> <span class='ocrx_word' id='word_1_183' title='bbox 1088 2593 1127 2634; x_wconf 88' lang='lat' dir='ltr'><strong>eo</strong></span> <span class='ocrx_word' id='word_1_184' title='bbox 1139 2570 1232 2634; x_wconf 82' lang='lat' dir='ltr'><strong>incre-</strong></span> 
     </span>
     <span class='ocr_line' id='line_1_23' title="bbox 193 2673 1231 2765; baseline 0 -25"><span class='ocrx_word' id='word_1_185' title='bbox 193 2677 309 2765; x_wconf 79' lang='lat' dir='ltr'><strong>rparis.</strong></span> <span class='ocrx_word' id='word_1_186' title='bbox 329 2677 434 2756; x_wconf 85' lang='lat' dir='ltr'><strong>Quem</strong></span> <span class='ocrx_word' id='word_1_187' title='bbox 450 2675 536 2740; x_wconf 89' lang='lat' dir='ltr'><strong>enim</strong></span> <span class='ocrx_word' id='word_1_188' title='bbox 552 2673 652 2764; x_wconf 89' lang='lat' dir='ltr'><strong>diligit</strong></span> <span class='ocrx_word' id='word_1_189' title='bbox 669 2675 774 2751; x_wconf 88' lang='lat' dir='ltr'><strong>Deus,</strong></span> <span class='ocrx_word' id='word_1_190' title='bbox 795 2676 946 2764; x_wconf 87' lang='lat' dir='ltr'><strong>corripit,</strong></span> <span class='ocrx_word' id='word_1_191' title='bbox 968 2675 1114 2764; x_wconf 84' lang='lat' dir='ltr'><strong>flagellat</strong></span> <span class='ocrx_word' id='word_1_192' title='bbox 1136 2690 1231 2742; x_wconf 86' lang='lat' dir='ltr'><strong>autern</strong></span> 
     </span>
     <span class='ocr_line' id='line_1_24' title="bbox 192 2782 1232 2874; baseline 0.002 -28"><span class='ocrx_word' id='word_1_193' title='bbox 192 2807 345 2850; x_wconf 70' lang='lat' dir='ltr'><strong>»omnem</strong></span> <span class='ocrx_word' id='word_1_194' title='bbox 363 2782 464 2849; x_wconf 89' lang='lat' dir='ltr'><strong>lilium</strong></span> <span class='ocrx_word' id='word_1_195' title='bbox 485 2806 581 2873; x_wconf 91' lang='lat' dir='ltr'><strong>quem</strong></span> <span class='ocrx_word' id='word_1_196' title='bbox 599 2783 772 2873; x_wconf 76' lang='lat' dir='ltr'><strong>recipit¹,a</strong></span> <span class='ocrx_word' id='word_1_197' title='bbox 792 2784 826 2849; x_wconf 87' lang='lat' dir='ltr'><strong>si</strong></span> <span class='ocrx_word' id='word_1_198' title='bbox 841 2784 969 2871; x_wconf 86' lang='lat' dir='ltr'><strong>quando</strong></span> <span class='ocrx_word' id='word_1_199' title='bbox 989 2809 1070 2874; x_wconf 88' lang='lat' dir='ltr'><strong>ergo</strong></span> <span class='ocrx_word' id='word_1_200' title='bbox 1091 2787 1162 2872; x_wconf 88' lang='lat' dir='ltr'><strong>quis</strong></span> <span class='ocrx_word' id='word_1_201' title='bbox 1178 2785 1232 2850; x_wconf 91' lang='lat' dir='ltr'><strong>bn·</strong></span> 
     </span>
     <span class='ocr_line' id='line_1_25' title="bbox 193 2891 1232 2981; baseline -0.003 -23"><span class='ocrx_word' id='word_1_202' title='bbox 193 2893 371 2981; x_wconf 87' lang='lat' dir='ltr'><strong>juseemodi</strong></span> <span class='ocrx_word' id='word_1_203' title='bbox 392 2893 645 2980; x_wconf 86' lang='lat' dir='ltr'><strong>correptionibus</strong></span> <span class='ocrx_word' id='word_1_204' title='bbox 667 2891 867 2979; x_wconf 87' lang='lat' dir='ltr'><strong>increpatur,</strong></span> <span class='ocrx_word' id='word_1_205' title='bbox 889 2905 1115 2980; x_wconf 87' lang='lat' dir='ltr'><strong>competenter</strong></span> <span class='ocrx_word' id='word_1_206' title='bbox 1134 2894 1232 2958; x_wconf 84' lang='lat' dir='ltr'><strong>dicere</strong></span> 
     </span>
     <span class='ocr_line' id='line_1_26' title="bbox 193 2997 1228 3088; baseline -0.003 -23"><span class='ocrx_word' id='word_1_207' title='bbox 193 3003 340 3067; x_wconf 82' lang='lat' dir='ltr'><strong>ridetur:</strong></span> <span class='ocrx_word' id='word_1_208' title='bbox 370 3001 515 3067; x_wconf 77' lang='lat' dir='ltr'><strong>«Amore</strong></span> <span class='ocrx_word' id='word_1_209' title='bbox 531 3023 549 3064; x_wconf 91' lang='lat' dir='ltr'><strong>a</strong></span> <span class='ocrx_word' id='word_1_210' title='bbox 564 3021 615 3064; x_wconf 89' lang='lat' dir='ltr'><strong>me</strong></span> <span class='ocrx_word' id='word_1_211' title='bbox 636 2997 759 3088; x_wconf 87' lang='lat' dir='ltr'><strong>flagella</strong></span> <span class='ocrx_word' id='word_1_212' title='bbox 779 3011 843 3063; x_wconf 86' lang='lat' dir='ltr'><strong>tua.</strong></span> <span class='ocrx_word' id='word_1_213' title='bbox 867 2998 895 3065; x_wconf 79' lang='lat' dir='ltr'><strong>A</strong></span> <span class='ocrx_word' id='word_1_214' title='bbox 918 2999 1110 3065; x_wconf 79' lang='lat' dir='ltr'><strong>fortitudine</strong></span> <span class='ocrx_word' id='word_1_215' title='bbox 1128 3023 1228 3064; x_wconf 85' lang='lat' dir='ltr'><strong>manus</strong></span> 
     </span>
     <span class='ocr_line' id='line_1_27' title="bbox 195 3105 1228 3197; baseline -0.002 -27"><span class='ocrx_word' id='word_1_216' title='bbox 195 3121 279 3179; x_wconf 74' lang='lat' dir='ltr'><strong>stuae</strong></span> <span class='ocrx_word' id='word_1_217' title='bbox 301 3133 360 3197; x_wconf 82' lang='lat' dir='ltr'><strong>ego</strong></span> <span class='ocrx_word' id='word_1_218' title='bbox 384 3108 529 3174; x_wconf 80' lang='lat' dir='ltr'><strong>deieci.»</strong></span> <span class='ocrx_word' id='word_1_219' title='bbox 555 3107 619 3173; x_wconf 89' lang='lat' dir='ltr'><strong>Sed</strong></span> <span class='ocrx_word' id='word_1_220' title='bbox 641 3105 720 3172; x_wconf 92' lang='lat' dir='ltr'><strong>illud</strong></span> <span class='ocrx_word' id='word_1_221' title='bbox 748 3111 969 3195; x_wconf 85' lang='lat' dir='ltr'><strong>competenter</strong></span> <span class='ocrx_word' id='word_1_222' title='bbox 989 3109 1119 3174; x_wconf 74' lang='lat' dir='ltr'><strong>ridetur</strong></span> <span class='ocrx_word' id='word_1_223' title='bbox 1137 3106 1228 3195; x_wconf 83' lang='lat' dir='ltr'><strong>aptari</strong></span> 
     </span>
     <span class='ocr_line' id='line_1_28' title="bbox 195 3214 1233 3306; baseline -0.002 -26"><span class='ocrx_word' id='word_1_224' title='bbox 195 3217 281 3305; x_wconf 91' lang='lat' dir='ltr'><strong>quod</strong></span> <span class='ocrx_word' id='word_1_225' title='bbox 293 3217 446 3306; x_wconf 89' lang='lat' dir='ltr'><strong>scriptum</strong></span> <span class='ocrx_word' id='word_1_226' title='bbox 458 3228 505 3280; x_wconf 87' lang='lat' dir='ltr'><strong>est</strong></span> <span class='ocrx_word' id='word_1_227' title='bbox 517 3240 525 3280; x_wconf 90' lang='lat'>:</span> <span class='ocrx_word' id='word_1_228' title='bbox 544 3216 602 3280; x_wconf 81' lang='lat' dir='ltr'><strong>«ln</strong></span> <span class='ocrx_word' id='word_1_229' title='bbox 614 3214 883 3303; x_wconf 88' lang='lat' dir='ltr'><strong>increpationibus</strong></span> <span class='ocrx_word' id='word_1_230' title='bbox 895 3227 1029 3303; x_wconf 92' lang='lat' dir='ltr'><strong>propter</strong></span> <span class='ocrx_word' id='word_1_231' title='bbox 1041 3217 1233 3304; x_wconf 83' lang='lat' dir='ltr'><strong>iniquitatem</strong></span> 
     </span>
     <span class='ocr_line' id='line_1_29' title="bbox 196 3319 1233 3414; baseline -0.001 -28"><span class='ocrx_word' id='word_1_232' title='bbox 196 3325 398 3414; x_wconf 81' lang='lat' dir='ltr'><strong>»corripuisti</strong></span> <span class='ocrx_word' id='word_1_233' title='bbox 419 3325 463 3388; x_wconf 87' lang='lat' dir='ltr'><strong>uel</strong></span> <span class='ocrx_word' id='word_1_234' title='bbox 488 3322 620 3388; x_wconf 87' lang='lat' dir='ltr'><strong>erudisti</strong></span> <span class='ocrx_word' id='word_1_235' title='bbox 642 3323 843 3388; x_wconf 74' lang='lat' dir='ltr'><strong>hominema</strong></span> <span class='ocrx_word' id='word_1_236' title='bbox 866 3321 930 3387; x_wconf 88' lang='lat' dir='ltr'><strong>Sed</strong></span> <span class='ocrx_word' id='word_1_237' title='bbox 952 3323 1027 3386; x_wconf 82' lang='lat' dir='ltr'><strong>nori</strong></span> <span class='ocrx_word' id='word_1_238' title='bbox 1049 3347 1109 3412; x_wconf 83' lang='lat' dir='ltr'><strong>rgo</strong></span> <span class='ocrx_word' id='word_1_239' title='bbox 1125 3335 1158 3386; x_wconf 91' lang='lat' dir='ltr'><strong>et</strong></span> <span class='ocrx_word' id='word_1_240' title='bbox 1182 3319 1233 3385; x_wconf 81' lang='lat' dir='ltr'><strong>alin</strong></span> 
     </span>
     <span class='ocr_line' id='line_1_30' title="bbox 196 3427 1234 3520; baseline -0.005 -23"><span class='ocrx_word' id='word_1_241' title='bbox 196 3430 320 3520; x_wconf 81' lang='lat' dir='ltr'><strong>flagella</strong></span> <span class='ocrx_word' id='word_1_242' title='bbox 342 3432 459 3518; x_wconf 86' lang='lat' dir='ltr'><strong>quibus</strong></span> <span class='ocrx_word' id='word_1_243' title='bbox 485 3431 701 3496; x_wconf 86' lang='lat' dir='ltr'><strong>vehementius</strong></span> <span class='ocrx_word' id='word_1_244' title='bbox 724 3431 923 3505; x_wconf 83' lang='lat' dir='ltr'><strong>cruciamur,</strong></span> <span class='ocrx_word' id='word_1_245' title='bbox 947 3427 1002 3495; x_wconf 90' lang='lat' dir='ltr'><strong>illa</strong></span> <span class='ocrx_word' id='word_1_246' title='bbox 1027 3429 1148 3496; x_wconf 88' lang='lat' dir='ltr'><strong>scilicet</strong></span> <span class='ocrx_word' id='word_1_247' title='bbox 1172 3453 1234 3516; x_wconf 81' lang='lat' dir='ltr'><strong>quae</strong></span> 
     </span>
     <span class='ocr_line' id='line_1_31' title="bbox 196 3535 1235 3632; baseline -0.006 -26"><span class='ocrx_word' id='word_1_248' title='bbox 196 3565 253 3632; x_wconf 91' lang='lat' dir='ltr'><strong>per</strong></span> <span class='ocrx_word' id='word_1_249' title='bbox 268 3540 459 3627; x_wconf 90' lang='lat' dir='ltr'><strong>Prophetam</strong></span> <span class='ocrx_word' id='word_1_250' title='bbox 477 3538 626 3605; x_wconf 86' lang='lat' dir='ltr'><strong>describit</strong></span> <span class='ocrx_word' id='word_1_251' title='bbox 638 3538 790 3626; x_wconf 86' lang='lat' dir='ltr'><strong>sapientia</strong></span> <span class='ocrx_word' id='word_1_252' title='bbox 805 3535 1018 3625; x_wconf 87' lang='lat' dir='ltr'><strong>(Prophetam</strong></span> <span class='ocrx_word' id='word_1_253' title='bbox 1030 3539 1149 3603; x_wconf 89' lang='lat' dir='ltr'><strong>etenim</strong></span> <span class='ocrx_word' id='word_1_254' title='bbox 1166 3559 1235 3601; x_wconf 86' lang='lat' dir='ltr'><strong>eum</strong></span> 
     </span>
     <span class='ocr_line' id='line_1_32' title="bbox 194 3644 1236 3738; baseline -0.009 -21"><span class='ocrx_word' id='word_1_255' title='bbox 194 3650 290 3738; x_wconf 83' lang='lat' dir='ltr'><strong>dico)</strong></span> <span class='ocrx_word' id='word_1_256' title='bbox 304 3673 311 3713; x_wconf 91' lang='lat'><strong>:</strong></span> <span class='ocrx_word' id='word_1_257' title='bbox 323 3677 336 3709; x_wconf 79' lang='lat' dir='ltr'><strong>a</strong></span> <span class='ocrx_word' id='word_1_258' title='bbox 348 3647 426 3728; x_wconf 86' lang='lat' dir='ltr'><strong>Quis</strong></span> <span class='ocrx_word' id='word_1_259' title='bbox 439 3646 526 3713; x_wconf 89' lang='lat' dir='ltr'><strong>dabit</strong></span> <span class='ocrx_word' id='word_1_260' title='bbox 538 3647 723 3735; x_wconf 82' lang='lat' dir='ltr'><strong>incogitata</strong></span> <span class='ocrx_word' id='word_1_261' title='bbox 735 3644 936 3734; x_wconf 84' lang='lat' dir='ltr'><strong>meossagella</strong></span> <span class='ocrx_word' id='word_1_262' title='bbox 950 3695 959 3720; x_wconf 90' lang='lat'><em>,</em></span> <span class='ocrx_word' id='word_1_263' title='bbox 972 3657 1005 3710; x_wconf 89' lang='lat' dir='ltr'><strong>et</strong></span> <span class='ocrx_word' id='word_1_264' title='bbox 1017 3647 1050 3710; x_wconf 94' lang='lat' dir='ltr'><strong>in</strong></span> <span class='ocrx_word' id='word_1_265' title='bbox 1062 3646 1236 3711; x_wconf 78' lang='lat' dir='ltr'><strong>corde-meo</strong></span> 
     </span>
     <span class='ocr_line' id='line_1_33' title="bbox 197 3751 1234 3848; baseline -0.009 -22"><span class='ocrx_word' id='word_1_266' title='bbox 197 3758 452 3848; x_wconf 65' lang='lat' dir='ltr'><strong>»correptionem</strong></span> <span class='ocrx_word' id='word_1_267' title='bbox 469 3755 645 3844; x_wconf 77' lang='lat' dir='ltr'><strong>sapientiae,</strong></span> <span class='ocrx_word' id='word_1_268' title='bbox 668 3767 704 3819; x_wconf 89' lang='lat' dir='ltr'><strong>ut</strong></span> <span class='ocrx_word' id='word_1_269' title='bbox 723 3754 972 3844; x_wconf 83' lang='lat' dir='ltr'><strong>ignorationibus</strong></span> <span class='ocrx_word' id='word_1_270' title='bbox 990 3756 1155 3843; x_wconf 76' lang='lat' dir='ltr'><strong>meisque</strong></span> <span class='ocrx_word' id='word_1_271' title='bbox 1176 3751 1234 3826; x_wconf 81' lang='lat' dir='ltr'><strong>leci</strong></span> 
     </span>
    </p>
   </div>
   <div class='ocr_carea' id='block_1_3' title="bbox 217 3881 684 3970">
    <p class='ocr_par' dir='ltr' id='par_1_4' title="bbox 217 3881 684 3970">
     <span class='ocr_line' id='line_1_34' title="bbox 217 3881 684 3970; baseline -0.002 -16"><span class='ocrx_word' id='word_1_272' title='bbox 217 3881 266 3955; x_wconf 64' lang='lat'><strong>&#39;22</strong></span> <span class='ocrx_word' id='word_1_273' title='bbox 285 3909 343 3958; x_wconf 64' lang='lat' dir='ltr'><strong>cor.</strong></span> <span class='ocrx_word' id='word_1_274' title='bbox 358 3927 391 3958; x_wconf 78' lang='lat' dir='ltr'><strong>n,</strong></span> <span class='ocrx_word' id='word_1_275' title='bbox 404 3936 436 3946; x_wconf 87' lang='lat'><strong>.-</strong></span> <span class='ocrx_word' id='word_1_276' title='bbox 448 3903 458 3936; x_wconf 88' lang='lat'><strong>²</strong></span> <span class='ocrx_word' id='word_1_277' title='bbox 469 3907 546 3956; x_wconf 64' lang='lat' dir='ltr'><strong>near.</strong></span> <span class='ocrx_word' id='word_1_278' title='bbox 558 3923 597 3955; x_wconf 72' lang='grc' dir='ltr'><strong>ιιι</strong></span> <span class='ocrx_word' id='word_1_279' title='bbox 608 3907 649 3970; x_wconf 85' lang='lat' dir='ltr'><strong>,s,</strong></span> <span class='ocrx_word' id='word_1_280' title='bbox 660 3907 684 3954; x_wconf 84' lang='lat' dir='ltr'><strong>e.</strong></span> 
     </span>
    </p>
   </div>
   <div class='ocr_carea' id='block_1_4' title="bbox 0 0 1317 4614">
    <p class='ocr_par' dir='ltr' id='par_1_5' title="bbox 0 0 1317 4614">
     <span class='ocr_line' id='line_1_35' title="bbox 0 0 1317 4614; baseline 0 0"><span class='ocrx_word' id='word_1_281' title='bbox 0 0 1317 4614; x_wconf 95' lang='lat' dir='ltr'><strong> </strong></span> 
     </span>
    </p>
   </div>
  </div>
 </body>
</html>
