2744 4600
375 360 406 404 ut
431 359 569 404 suusnos
593 361 722 404 nonum
746 363 796 404 xx.
1036 341 1099 419 485

91 476 146 552 des,
159 476 222 541 etin
234 477 318 565 ipsos
333 473 536 542 convertetur
547 477 709 542 iracundia
724 477 796 552 Dei,
808 489 841 540 et
856 478 993 542 cessabit
1009 503 1025 542 u
1040 502 1095 566 po·

90 585 161 674 pulo.
177 587 243 652 llaec
264 586 289 652 si
312 585 486 674 cogitarant
505 585 663 662 homines,
680 598 1016 674 nunquamuuperent
1036 609 1096 651 neu

89 695 221 761 ambirent
241 695 282 760 ad
303 692 411 783 populi
433 695 655 782 principatum.
680 693 804 760 Sufficit
826 693 912 760 enim
935 695 1013 760 mihi
1035 719 1094 785 pro

89 805 156 870 meis
168 803 290 892 propriis
305 802 394 891 argui
407 802 543 878 delictis,
561 802 677 869 sufficit
693 802 770 868 mihi
785 826 844 891 pro
860 805 1047 891 memetipso
1064 815 1096 867 et

87 913 286 1002 pcccatismeis
298 911 430 978 reddere
440 904 605 976 rationem.
618 911 705 991 Quid
714 912 793 977 mibi
805 912 1095 979 necesseestetiam

85 1045 136 1109 pro
152 1018 248 1110 populi
275 1019 413 1108 peccatis
434 1019 608 1086 ostentari?
626 1031 659 1084 et
680 1021 831 1087 ostentari
848 1034 959 1087 contra
980 1018 1093 1097 solem,

83 1141 146 1195 ante
157 1151 242 1216 quem
256 1125 335 1194 nibil
350 1139 454 1217 potest
470 1129 636 1218 abscondi,
655 1123 732 1194 nihil
749 1131 933 1196 obscurarit
935 1178 1088 1196 ...........

109 1237 244 1305 Posthac
255 1237 391 1304 refertur
401 1235 425 1313 ¹,
439 1238 512 1324 quia
525 1259 599 1304 cum
612 1237 738 1304 vidisset
748 1238 862 1314 Finees
871 1237 954 1304 lilius
965 1238 1094 1306 Eleazar

80 1346 129 1412 lilii
140 1347 235 1413 Aaron
247 1345 419 1410 sacerdotis
431 1343 605 1411 lsrue'litem
618 1347 788 1432 quemdam
800 1348 945 1413 introisse
963 1349 1005 1415 ad
1018 1371 1090 1414 mu-

78 1455 177 1520 lierem
185 1453 432 1528 Madianitidem,
448 1464 539 1541 rapto
553 1455 718 1521 siromaste
733 1456 766 1522 in
787 1480 883 1522 mauu
898 1480 953 1522 sua
971 1457 1091 1546 ingres-

78 1588 127 1630 sus
140 1564 175 1628 sit
187 1561 405 1650 prostibulum,
424 1577 457 1628 et
477 1574 648 1652 utrumque
662 1588 720 1653 per
740 1565 806 1654 ipsu
826 1565 974 1655 pudenda
995 1579 1094 1632 trans-

74 1673 189 1741 foderit.
207 1675 271 1739 «Et
292 1696 352 1763 pro
371 1673 446 1746 boc,
468 1675 590 1759 inquit,
610 1675 687 1740 dixit
703 1675 858 1741 Dominus
874 1676 915 1741 ad
933 1675 1064 1764 Moysen
1082 1701 1091 1742 ι

73 1816 85 1847 ι
100 1785 125 1852 F
126 1785 204 1851 ineos
216 1779 297 1848 lilius
306 1780 437 1849 Eleazar
450 1780 506 1847 lilii
521 1783 627 1849 Aaron
642 1784 814 1851 sacerdotis
831 1785 951 1850 sedavit
965 1787 1093 1854 iracun-

71 1893 176 1960 »diam
190 1888 322 1957 meum².
339 1919 352 1953 s
368 1891 443 1956 llaec
458 1890 681 1961 aedificaverint
692 1893 830 1981 priorem
845 1892 1020 1983 populum:
1036 1896 1093 1961 tibi
1110 1975 1114 1988 k

52 2047 53 2052 κ
69 2003 229 2090 autemqui
241 2026 259 2067 a
271 1999 398 2066 Christo
407 1999 588 2088 redemptus
599 2023 645 2076 os,
655 2011 687 2066 et
698 2001 749 2067 cui
763 2001 957 2068 demanibus
969 2000 1090 2094 gladius
1161 2025 1164 2034 ¹

67 2112 232 2202 corporalis
250 2110 374 2180 ablatus
393 2124 453 2186 est,
469 2123 501 2176 et
517 2109 608 2176 datus
624 2123 672 2177 est
686 2109 808 2199 gladius
830 2112 970 2201 spiritus,
986 2115 1091 2202 arripe

66 2224 153 2289 bunc
164 2221 320 2311 gladium
338 2233 371 2286 et
385 2222 411 2286 si
425 2221 510 2287 vides
523 2219 732 2288 lsratilitieum
746 2245 874 2288 sensum
885 2245 960 2288 cum
971 2222 1091 2290 lllads'u·

62 2331 168 2400 niticis
186 2342 374 2397 scortantem
391 2329 625 2406 meretricibus,
643 2331 676 2396 id
694 2344 755 2406 ost,
783 2353 858 2398 oum
879 2331 1042 2398 diabolicis
1058 2357 1091 2398 se

60 2441 302 2531 cogitationibus
326 2438 536 2515 volutantem,
562 2437 636 2506 nolo
658 2462 782 2527 parcas,
803 2437 877 2517 nolo
903 2438 1091 2514 dissimules.

54 2552 114 2618 sed
134 2551 239 2616 statim
253 2563 397 2639 percute,
413 2550 518 2615 statim
534 2548 664 2637 perime.
685 2549 789 2637 Ipsam
806 2571 935 2636 quoque
950 2546 1091 2624 vulvam,
1198 2638 1202 2643 .

55 2661 90 2727 id
105 2672 154 2726 est
168 2671 290 2726 secreta
307 2670 427 2724 naturae
442 2657 616 2724 discutiens
632 2670 862 2746 etpenctrans,
883 2655 973 2726 illum
988 2659 1093 2746 ipsum

49 2769 212 2864 peccandi
232 2767 375 2834 fomitem
391 2767 517 2841 deseca.
533 2790 574 2832 ne
590 2764 671 2833 ultra
687 2765 859 2854 concipiat,
875 2789 917 2830 ue
939 2764 1020 2832 ultra
1034 2789 1090 2854 ge-

51 2891 162 2954 neret,
179 2891 214 2944 et
235 2875 404 2944 maledicta
424 2887 630 2966 peccatorum
651 2875 775 2943 soboles
794 2874 965 2942 lsrae'litica
987 2889 1090 2943 castra

48 2987 266 3057 contaminet.
287 2987 357 3054 Hoc
375 2987 462 3052 enim
481 2986 506 3052 si
522 2985 630 3061 iacias.
647 2987 803 3052 continuo
818 2984 942 3052 sedabis
962 2986 1090 3052 iracun-

43 3100 138 3164 diam
154 3097 312 3164 Domini:
331 3096 508 3186 prevenisti
523 3095 609 3160 enim
624 3095 735 3183 judicii
752 3095 849 3169 diem,
867 3115 937 3184 quae
953 3093 1088 3158 diesirus

39 3208 171 3274 dicitur
190 3219 224 3272 et
239 3207 372 3280 luroris;
393 3218 425 3271 et
444 3206 652 3271 exterminato
672 3217 736 3270 ate
755 3203 865 3268 fomite
880 3203 1017 3291 peccati,
1034 3205 1087 3292 qui
1179 3237 1183 3250 =

33 3335 140 3382 nune
152 3312 249 3378 vulva
260 3312 472 3380 Madianitidis
483 3309 624 3377 mulieris
636 3309 823 3399 appellatur,
837 3331 968 3374 securus
982 3311 1087 3374 venies

28 3425 84 3492 ad
101 3421 225 3510 judicii
241 3423 335 3488 diem.
354 3424 395 3489 Et
412 3422 484 3487 ideo
503 3434 665 3509 surgentes
681 3441 820 3493 oremus,
842 3429 875 3480 ut
890 3417 1086 3484 inveniamus

21 3544 203 3625 paratum
221 3554 346 3620 semper
365 3531 461 3598 istum
476 3529 616 3619 gladium
631 3527 772 3616 spiritus,
788 3547 845 3615 per
863 3549 958 3615 quem
980 3539 1085 3591 exter-

18 3643 218 3710 minentur
234 3652 267 3704 et
289 3641 409 3705 semina
432 3640 499 3727 ipsa
513 3650 546 3704 et
567 3631 793 3726 conceptacula
811 3645 1030 3725 peccatorum,
1048 3658 1087 3701 uc

14 3750 208 3842 propitius
223 3747 280 3814 liat
299 3749 389 3814 nobis
406 3747 491 3818 Deus
512 3771 570 3836 per
586 3769 696 3814 verum
710 3745 824 3813 Finees
845 3746 950 3836 ipsum
973 3745 1085 3812 Domi*

60 3909 122 3958 1Ν.
137 3912 168 3959 5.
186 3926 218 3973 p.
232 3909 291 3956 3⁵1.

54 3985 176 4035 2Νιιιιι.
195 3999 259 4044 xxv,
273 3999 311 4043 ιο,
324 4001 362 4033 rr.

894 4065 958 4128 br.¹
