2702 4610
232 251 271 315 9⁹
672 256 815 299 sarsurus

118 459 123 467 ἱ
231 379 323 434 ceant
338 393 395 436 nos
416 394 510 460 opera
531 373 717 447 Israeliticm
736 387 769 440 et
784 396 911 440 rursum
927 376 1064 441 dooeent
1077 397 1134 440 nos
1155 389 1274 442 mente

230 475 335 541 Deum
356 479 476 555 videre,
493 480 670 570 relinquere
691 507 787 570 opera
809 483 992 559 Pharaonis,
1017 485 1102 548 exire
1123 483 1273 549 deterre

231 581 371 672 AEgypti,
392 588 531 674 abjicere
553 588 715 678 AEgyptios
739 601 772 655 et
794 592 945 657 barbaros
965 614 1083 667 mores,
1103 593 1273 681 deponere

159 723 162 734 ·
233 704 335 758 totam
352 706 490 760 veterem
505 696 667 763 hominem
683 721 756 763 cum
774 699 898 764 actibus
914 701 990 774 suis,
1006 713 1039 763 et
1054 700 1189 765 induere
1206 723 1273 765 no-

233 822 320 876 vum,
338 804 391 889 qui
408 805 583 870 secundum
597 806 702 871 Deum
717 816 841 871 orestus
858 817 906 872 est
921 807 1065 871 renovari
1084 829 1215 895 semper
1228 807 1272 872 de
1294 843 1299 852 ·

234 906 284 970 die
296 907 328 971 in
341 908 425 974 diem
437 909 477 973 ad
488 910 657 1000 imaginem
668 912 737 997 ejus
749 911 803 997 qui
815 911 890 978 lecit
900 935 972 986 nos,
986 911 1103 977 Christi
1113 912 1195 977 Jesu
1206 912 1272 977 Do

233 1013 311 1080 mini
329 1017 440 1089 nostri.
459 1018 510 1082 cui
528 1031 577 1083 est
591 1017 690 1106 gloria
708 1031 741 1083 et
762 1017 930 1106 imperium
949 1020 982 1085 in
997 1018 1109 1085 saeculu
1129 1019 1270 1087 saeculo-

235 1131 320 1197 rum,
336 1123 448 1190 Amen.

238 1351 1271 1380 'mm§neuw-meunsmswmmmwemmmmmmmm

588 1544 806 1618 HOMlLlA
831 1547 903 1618 11¹.

626 1743 672 1800 De
683 1743 876 1802 obstetricibus.

283 1933 379 2000 Multa
393 1935 536 2024 quidem²
549 1939 715 2004 adversum
726 1947 854 2034 gentem
862 1937 920 2002 Dei
928 1933 1058 2002 molitur
1067 1955 1122 2000 rex
1132 1935 1203 2010 iste,
1212 1935 1267 2022 qai

238 2065 303 2107 non
322 2046 409 2110 novit
425 2045 558 2135 loseph,
575 2059 607 2111 et
622 2059 705 2112 artes
719 2046 856 2112 nocendi
872 2067 968 2111 noras
984 2067 1109 2133 semper
1122 2043 1263 2132 inquirit.

238 2149 356 2216 Verum
371 2177 457 2220 nunc
472 2153 624 2221 calliditas
640 2157 709 2244 ejus
724 2155 939 2244 supereminet
954 2153 1098 2229 modum,
1116 2177 1191 2219 cum
1205 2153 1267 2217 ob-

238 2259 404 2324 stetricum
423 2263 597 2328 ministerio
620 2261 762 2328 sobolem
782 2261 896 2350 gentis
910 2272 1044 2326 conetur
1068 2260 1265 2347 extinguere,

238 2391 373 2456 quarum
384 2385 451 2435 arte
467 2369 545 2436 solet
561 2371 623 2436 vita
639 2371 765 2436 servari.
786 2369 873 2448 Quid
887 2369 973 2432 enim
986 2364 1108 2433 dicitlr
1120 2369 1160 2431 Et
1175 2366 1264 2439 dixit,

239 2479 388 2566 »inquit
407 2505 462 2545 rex
476 2480 696 2568 AEgyptiorum
715 2479 937 2545 obstetricibus
956 2477 1177 2551 llebraeorum,
1193 2497 1269 2562 que·

238 2611 335 2653 »rum
354 2590 407 2653 uni
424 2612 539 2654 nomen
556 2600 623 2652 erat
639 2587 794 2674 sephora,
807 2599 838 2651 et
854 2609 970 2652 nomen
982 2584 1110 2650 alterius
1121 2583 1224 2660 Phua,
1237 2594 1270 2648 et

239 2725 251 2758 s
267 2699 308 2762 ait
322 2720 330 2760 τ
348 2697 427 2760 Cam
440 2695 682 2761 obstetricabitis
695 2696 853 2770 Hebraeas,
865 2708 897 2760 et
909 2718 1007 2783 prope
1019 2704 1145 2782 partum
1158 2707 1269 2769 erunt,

239 2834 252 2869 r
268 2806 292 2869 si
305 2805 463 2872 masculus
475 2806 581 2878 suerit,
592 2805 727 2870 occidite
740 2803 827 2870 illum
835 2829 845 2878 ,·
861 2805 885 2870 si
898 2805 1038 2880 soemins,
1054 2801 1262 2867 vivificate.»

237 2911 301 2977 Sed
319 2913 366 2978 his
382 2914 564 3002 adjungitur
580 2913 613 2978 in
628 2913 912 3000 consequentibus:
927 2911 1138 2977 ‹Timuerunt
1161 2920 1269 2976 autem

238 3023 449 3088 »obstetrices
469 3024 584 3095 Deum,
601 3033 632 3088 et
653 3045 717 3088 non
739 3022 881 3088 fecerunt
898 3021 980 3087 sicut
998 3031 1191 3109 praeceperat
1208 3018 1269 3085 illis

238 3161 250 3194 s
266 3155 321 3196 rex
335 3131 476 3220 AEgypti,
491 3143 523 3196 et
544 3131 744 3198 vivificabant
758 3129 946 3196 masculos‘.
963 3160 1036 3194 s....
1058 3129 1270 3215 Requiramus

237 3263 313 3327 ergo
331 3239 491 3325 quomodo
506 3261 560 3304 rex
575 3237 716 3327 AEgypti,
733 3237 786 3324 qui
802 3249 850 3302 est
865 3239 1012 3326 princeps
1029 3236 1124 3324 hujus
1141 3237 1271 3312 mundi,

238 3349 387 3415 vivificari
398 3373 500 3414 mares
512 3372 576 3414 non
588 3348 667 3424 vult,
680 3348 823 3414 soeminas
836 3344 911 3411 vult.
928 3347 961 3412 Si
973 3346 1172 3421 meministis,
1186 3369 1269 3434 saepe

239 3457 432 3521 ostendimus
459 3457 666 3544 disputantes,
690 3457 823 3544 quadiu
842 3456 977 3521 foeminis
999 3479 1072 3521 cero
1089 3469 1119 3519 et
1136 3455 1270 3521 effectus

240 3566 342 3631 carnis
357 3566 572 3654 designantur,
585 3567 631 3629 vir
643 3577 748 3630 autem
760 3561 953 3630 rationabilis
965 3587 1074 3630 sensus
1085 3576 1117 3628 et
1128 3561 1271 3630 intellec·

239 3672 331 3738 tualis
346 3674 385 3737 sit
401 3674 537 3760 spiritus.
556 3671 690 3738 Sensum
714 3685 820 3738 autem
844 3670 1076 3748 rationabilem,
1093 3673 1146 3759 qui
1162 3685 1270 3762 potest

272 3803 347 3848 Tum.
362 3801 434 3865 11‚p.
454 3801 496 3848 153
509 3809 534 3848 et
544 3816 612 3863 seqq.
628 3827 657 3835 -—
669 3799 680 3831 ²
692 3799 721 3848 N.
738 3819 761 3860 1,
773 3819 794 3851 r.

206 3909 208 3913 -
273 3876 376 3924 tExod.
389 3895 406 3934 r,
420 3879 457 3923 15.
470 3874 520 3913 -l
535 3874 599 3922 lbid.
619 3891 653 3937 ¹7·
