2744 4600
1165 229 1174 254 ἱ

383 298 414 341 ut
440 297 580 342 nuunnos
603 299 730 342 uournrs
756 301 805 344 rur.
867 307 871 316 ·
898 296 905 314 ⁸
1046 275 1106 364 lpdr

79 410 106 473 oi
119 407 254 480 liberum
267 411 427 482 declinare
443 429 497 482 :ct
508 416 580 482 ideo
592 417 711 503 justum
725 415 781 480 usi
796 413 953 504 judicium
964 429 1023 491 est,
1037 417 1110 502 quie

77 532 190 606 sponte
205 545 261 588 sun
280 522 345 588 sire
359 523 451 588 bonis
467 525 532 590 sive
547 525 690 612 possimis
712 525 922 590 monitoribus
938 535 1036 612 perot.
1056 522 1110 588 Vis

79 627 137 692 tibi
155 629 261 696 adhuc
283 630 518 720 ampliusquid
541 656 580 696 ex
602 631 773 721 Scripturis
797 633 910 702 divinis
930 635 1110 709 ostendam,

77 737 240 822 quomodo
260 741 364 827 mujor
379 763 455 806 curu
473 739 581 806 salutis
597 764 672 830 ergu
687 742 831 808 homines
851 743 920 808 Deo
935 753 996 820 est,
1013 763 1111 830 quum

78 844 208 912 diabolo
225 849 431 936 perditionis?
453 847 615 939 Numquid
637 875 701 917 non
723 851 901 918 sufficiehat
915 851 1111 942 Angelorum

78 953 238 1043 diligentia
254 959 404 1027 adversus
420 960 546 1026 insidias
561 961 745 1030 ,demonum
760 973 793 1026 et
804 963 971 1042 udrersum
987 986 1041 1028 cos
1056 961 1111 1050 qui

77 1066 119 1132 nd
132 1069 332 1155 peccandum
347 1068 493 1136 homines
505 1071 655 1142 trahunt?
665 1072 736 1158 lpse
752 1070 952 1160 Unigenitus,
965 1073 1045 1160 ipse,
1059 1072 1110 1136 in··

4 1243 5 1264 ,
77 1199 187 1263 quam,
200 1175 299 1243 Filius
307 1177 365 1242 Dei
377 1178 478 1253 adest,
492 1178 559 1266 ipse
572 1178 802 1267 desendiujipse
815 1179 966 1255 custodit,
976 1181 1041 1268 ipsc
1053 1201 1111 1248 nos

78 1287 117 1352 nd
132 1311 166 1353 se
182 1287 289 1355 trahit.
302 1287 385 1358 Audi
397 1289 558 1376 quomodo
573 1289 639 1378 ipse
652 1279 729 1354 dicit
743 1312 752 1357 t
767 1315 780 1350 t
792 1291 832 1356 Et
846 1313 923 1356 ecce
934 1313 994 1379 ego
1010 1290 1111 1356 vobis·

4 1457 5 1476 ,
79 1419 181 1462 »cum
198 1421 269 1464 sum
281 1398 552 1466 omnibusdiebus
566 1400 717 1487 usquead
733 1399 1041 1465 consummationem
1057 1423 1112 1466 ste·

4 1583 5 1586 ¹
79 1505 200 1574 »culi¹.
212 1507 298 1574 »Sed
310 1531 370 1574 nec
385 1507 502 1574 sufficit
515 1531 590 1574 eum
605 1532 673 1574 esse
689 1510 871 1584 nobiscnm,
885 1509 941 1596 sed
953 1509 1110 1597 quodum-

4 1673 5 1698 ,
78 1617 177 1680 modo
188 1617 249 1682 vim
261 1616 353 1683 nobis
368 1616 443 1682 lucit
456 1628 491 1680 ut
502 1640 559 1682 nos
576 1617 739 1706 pertrahat
751 1618 792 1683 ad
804 1617 947 1690 salutem.
960 1618 1013 1684 Ait
1024 1618 1111 1686 cuim

79 1727 110 1789 in
132 1724 193 1792 alio
208 1724 278 1792 loco
294 1749 303 1790 ε
326 1752 341 1787 ι
357 1726 440 1792 Cum
460 1738 568 1792 nutem
588 1725 742 1793 exultatus
758 1727 860 1803 suero,
882 1728 987 1792 omnin
1003 1727 1044 1794 nd
1059 1751 1111 1792 me

77 1863 89 1894 ι
105 1834 260 1902 trslrsm².
272 1834 390 1902 »Vides
401 1836 563 1923 quomodo
575 1859 639 1901 non
652 1835 755 1901 solum
767 1836 878 1901 invitat
890 1835 1043 1911 volentes,
1056 1834 1112 1906 sed

75 1960 108 2011 et
117 1959 308 2022 cunctantes
317 1945 423 2012 trahit.
434 1945 488 2012 Vis
496 1959 603 2012 autem
615 1945 725 2018 audire
733 1946 894 2033 quomodo
904 1946 1007 2012 trahat
1015 1947 1111 2016 etium

75 2057 286 2126 cunctantes?
295 2056 365 2123 Non
377 2057 535 2126 concessit
549 2055 592 2122 illi
605 2056 659 2143 qui
671 2055 796 2122 volebat
805 2057 850 2120 irc
862 2068 895 2122 ct
906 2052 1039 2143 sepelire
1051 2078 1105 2143 pn·

77 2181 161 2232 trem
179 2187 285 2241 suum,
300 2181 361 2231 nec
375 2164 512 2254 spatium
528 2163 677 2252 temporis
687 2164 790 2238 dedit,
803 2164 858 2228 sed
875 2164 920 2230 uit
933 2161 997 2228 illi:
1010 2188 1023 2223 t
1036 2162 1112 2230 Sino

78 2305 92 2336 s
110 2288 253 2342 mortuos
269 2273 397 2364 sepelire
409 2288 552 2338 mortuos
570 2286 706 2348 suos,tu
723 2285 830 2338 nutem
846 2294 977 2359 sequere
993 2272 1074 2336 me⁸.
1090 2301 1103 2338 s

77 2387 120 2450 Et
134 2383 207 2448 alibi
220 2383 314 2449 dicit:
329 2410 341 2443 ι
354 2384 455 2450 Nemo
466 2383 595 2448 mittens
605 2404 735 2448 menum
747 2404 836 2446 suum
849 2404 945 2468 super
956 2371 1109 2458 urntrum,

75 2505 139 2560 »et
157 2505 242 2559 retro
260 2494 443 2582 respiciens,
461 2505 552 2580 uptus
570 2504 618 2557 est
633 2513 731 2580 regno
747 2490 834 2556 Dei&
854 2519 868 2552 ι
889 2489 984 2569 Quod
1000 2489 1025 2554 si
1041 2513 1110 2555 um·

72 2602 161 2692 plius
175 2602 281 2670 adhuc
304 2602 348 2668 vis
370 2601 410 2670 de
426 2601 488 2666 hoc
504 2621 698 2688 cognoscere
713 2609 925 2671 sacramento,
943 2596 1111 2680 ostendum

72 2714 135 2778 tibi
152 2713 191 2778 de
203 2711 388 2800 Scripturis,
401 2710 488 2800 quod
500 2710 595 2775 etium
608 2708 673 2797 ipse
685 2707 840 2773 Dominus
852 2718 942 2795 pstor
953 2705 1111 2794 dispense-

71 2823 197 2888 tionem
212 2820 320 2888 salutis
338 2832 454 2886 nostrae
470 2841 534 2885 non
549 2817 692 2907 negligit,
705 2819 761 2883 sed
774 2830 806 2882 et
820 2817 887 2904 ipse
902 2839 960 2882 nos
972 2816 1012 2882 ed
1023 2815 1109 2898 suluss

70 2945 143 2997 tem
159 2953 222 2996 nou
238 2927 340 2996 solum
357 2939 460 3004 vocat,
478 2928 581 2993 sedet
597 2925 762 3015 pertrahit.
785 2924 839 2990 Sic
853 2925 939 2989 enim
956 2925 1110 2990 Dominus

68 3041 154 3106 dicit
167 3039 201 3105 in
223 3037 393 3127 Evangelio
410 3061 418 3101 :
440 3062 454 3096 ι
470 3035 571 3102 Nemo
588 3034 672 3102 venit
687 3031 729 3098 ud
747 3056 807 3106 me,
827 3033 887 3098 nisi
907 3055 1001 3122 quem
1017 3031 1110 3098 Puter

71 3179 84 3211 ι
99 3149 194 3216 mcds
206 3146 342 3214 coelestis
357 3144 520 3210 attraxerit
529 3143 550 3206 ⁵.
566 3172 579 3206 ι
598 3141 664 3212 sed
681 3152 714 3207 et
730 3141 952 3230 paterfamilias
964 3142 1018 3228 qui
1033 3143 1109 3208 mit.-

67 3261 111 3326 tit
130 3280 239 3324 servos
254 3280 328 3323 suos
345 3254 478 3321 invitare
498 3252 618 3318 amicos
636 3252 677 3316 ud
693 3251 818 3339 nuptias
835 3249 891 3316 filii
906 3251 968 3325 sui,
984 3264 1111 3338 postem

64 3392 175 3460 quum
195 3377 424 3436 excusaverunt
444 3363 489 3430 illi
512 3363 566 3451 qui
589 3362 709 3451 priores
733 3360 858 3441 suerunt
883 3360 1017 3436 invituti,
1033 3360 1111 3436 dicit

64 3479 175 3546 servis
189 3501 197 3543 ε
215 3505 227 3539 r
241 3479 330 3544 Exite
343 3475 384 3542 ud
394 3475 459 3540 vius
470 3485 503 3538 et
515 3474 711 3562 angiportus,
722 3483 756 3550 et
776 3493 999 3558 quoscumque¹
1016 3469 1110 3534 iuves

67 3622 82 3652 s
106 3588 230 3662 neritis,
249 3589 352 3677 cogite
367 3584 497 3652 introire
507 3583 530 3650 ⁸.
548 3612 561 3646 ι
582 3583 635 3648 Sic
649 3605 725 3672 crgo
741 3604 805 3648 non
823 3579 925 3645 solum
939 3579 1110 3652 invitamur

62 3729 82 3768 n
101 3696 275 3766 Deosedet
287 3693 443 3760 trahimur
454 3705 485 3758 st
495 3691 641 3782 cogimur
656 3691 696 3755 sd
708 3688 853 3784 sulutem.
868 3687 932 3754 Sed
942 3710 1003 3752 nec
1021 3709 1112 3759 sunc-

102 3850 111 3882 t
127 3847 225 3898 dlattlr.
240 3865 329 3910 xxviii,
341 3866 380 3898 so.
389 3848 433 3888 -2
444 3849 520 3898 loun.
533 3865 578 3908 ιιι,
589 3849 629 3897 52.
641 3875 672 3885 --
682 3848 691 3880 ⁸
703 3849 796 3899 March.
812 3863 867 3908 vrrr,
882 3863 919 3896 υ.
934 3873 965 3884 ·—
975 3843 984 3876 ¹
996 3844 1060 3892 Luc·
1075 3857 1113 3914 '¹7

67 3929 165 3975 02.-
178 3923 278 4056 ᾗἱῐκοειι.
293 3941 328 3986 rr,
340 3925 422 3984 dl—
434 3925 444 3959 ⁸
455 3925 547 3980 Matth.
559 3940 654 3988 nn,9.
938 3983 975 4052 5¹
