2702 4610
249 295 310 362 188
366 329 372 336 -
689 307 832 351 onroaxas

245 457 258 492 ι
274 431 330 495 tiet
347 442 514 519 peccatum
529 429 615 520 quod
629 427 802 517 peccarit¹.
817 431 895 496 ‚Est
912 426 1041 514 aliquod
1056 425 1087 491 in
1103 424 1171 491 hoc
1189 428 1288 492 mira-

247 536 310 604 bile
326 552 498 614 secretum,
513 538 600 626 quod
613 541 704 628 jubet
720 538 925 627 pronuntiare
944 549 1125 625 peccatum.
1149 538 1286 604 Etenim

244 649 333 714 omni
348 671 463 735 genere
477 648 709 737 pronuntianda
724 661 810 722 sunt,
822 659 855 714 ct
866 649 896 714 ia
908 646 1072 737 pubiicum
1086 646 1285 735 proferenda

247 772 361 826 cuncta
378 783 449 848 qum
464 761 611 848 gerimus.
626 759 659 825 Si
674 761 752 846 quid
765 761 798 824 in
812 757 939 826 occulto
953 759 1105 848 gerimus,
1118 757 1144 824 si
1158 757 1245 845 quid
1256 759 1285 822 ia

248 889 393 936 sermone
409 865 489 944 solo,
506 867 554 935 vei
569 869 665 934 etiam
680 870 761 934 intra
775 869 1002 957 cogitationum
1014 877 1137 932 secreta
1149 866 1286 932 mnni-

248 980 358 1055 simus,
376 993 491 1046 cuncta
507 1004 635 1048 neccsse
649 993 697 1046 est
711 979 880 1069 publicari,
901 991 1013 1046 cuncto
1030 977 1195 1066 proferri:
1213 1002 1286 1065 pro

248 1089 323 1157 ferri
338 1103 445 1160 autem
466 1094 505 1159 ab
526 1091 580 1158 itta
600 1093 654 1180 qui
674 1104 707 1156 et
721 1103 888 1158 accusator
902 1091 1023 1180 peccati
1042 1103 1104 1164 est,
1121 1101 1157 1155 et
1175 1090 1285 1156 inccn-

248 1201 399 1289 tor.1pse
421 1203 505 1270 enim
526 1223 613 1268 nuuc
628 1223 686 1268 nos
703 1212 737 1264 ut
752 1221 924 1288 peccamus
943 1200 1081 1289 instigat,
1103 1199 1176 1287 ipse
1194 1200 1284 1266 etiam

251 1333 324 1376 cum
340 1313 576 1400 peccaverimus
596 1323 735 1377 accusat.
763 1310 796 1376 Si
815 1333 891 1400 ergo
915 1312 947 1376 in
968 1312 1031 1376 vita
1052 1311 1283 1399 praeveniamus

247 1445 335 1500 eum,
357 1437 390 1487 et
410 1424 467 1512 ipsi
488 1424 587 1490 nostri
612 1436 812 1490 accusatores
835 1425 946 1500 simus,
969 1423 1146 1511 nequitiam
1172 1421 1281 1488 diaboii

249 1530 370 1596 inimici
387 1532 485 1596 nostri
508 1541 542 1596 et
563 1531 754 1599 accusatoris
769 1531 949 1619 effugimus.
974 1531 1028 1595 Sic
1046 1529 1136 1596 enim
1159 1541 1197 1595 ct
1219 1529 1283 1595 alibi
1338 1599 1339 1612 ξ

249 1639 408 1728 Propheta
423 1640 501 1706 dicit
513 1665 521 1706 ι
535 1667 547 1700 ι
559 1621 618 1706 Dic
640 1654 687 1716 tu,
704 1641 826 1728 inquit,
849 1640 1028 1728 iniquitates
1043 1651 1118 1704 tuas
1137 1641 1237 1728 prior,
1255 1653 1286 1704 ut
1339 1634 1340 1660 ¹

250 1781 263 1810 ι
278 1748 489 1837 justificeris¹.
503 1778 515 1812 ι
530 1749 642 1816 Nonne
652 1749 814 1815 evidenter
829 1750 1016 1846 mysterium
1032 1748 1073 1814 de
1089 1771 1156 1836 quo
1171 1761 1282 1815 tracta-

249 1883 321 1924 mus
332 1859 482 1934 ostendit,
497 1882 572 1926 cum
585 1859 679 1925 dicit:
693 1859 751 1924 Dic
764 1871 799 1923 tu
811 1858 920 1947 priori
933 1870 966 1924 ut
977 1859 1127 1924 ostendat
1143 1859 1203 1924 tibi
1215 1859 1280 1946 quia

249 1967 421 2053 praevenire
433 1964 521 2030 illum
538 1967 653 2032 debeas
664 1967 717 2054 qui
732 1979 859 2056 paratus
872 1978 919 2031 est
936 1968 976 2032 ad
990 1967 1226 2033 accusandum.
1241 1963 1283 2029 Tu

247 2096 341 2182 ergo,
356 2074 469 2161 inquit,
487 2075 539 2141 dic
554 2076 653 2164 prior,
670 2062 713 2142 ne
731 2088 762 2141 te
783 2075 835 2142 ille
857 2077 1027 2165 preveniat
1040 2100 1050 2140 r
1065 2078 1141 2164 quia
1158 2079 1184 2144 si
1199 2078 1279 2168 pn'or

247 2182 375 2258 dixeris,
391 2195 424 2248 et
438 2185 628 2252 sacrificium
648 2187 841 2274 poeniteutiae
862 2187 1027 2261 obtuleris,
1045 2190 1220 2262 secundum
1238 2209 1273 2254 ca

249 2315 319 2379 quae
332 2294 363 2357 in
374 2295 588 2384 superioribus
597 2297 732 2362 diximus
744 2295 921 2372 offerenda,
930 2308 962 2361 et
972 2296 1140 2362 tradideris
1152 2319 1280 2364 carnem

250 2415 339 2470 tuam
350 2405 381 2468 in
394 2405 569 2483 interitum,
588 2418 622 2470 ut
634 2406 765 2495 spiritus
778 2404 880 2472 salvus
893 2405 949 2470 fiat
962 2396 995 2470 in
1011 2406 1063 2472 die
1080 2405 1217 2478 Domini,
1238 2405 1284 2469 di-

251 2527 342 2580 cetur
356 2526 388 2581 et
408 2515 485 2582 tibi:
502 2515 584 2596 Quia
601 2518 768 2606 percepisti
784 2528 816 2580 et
834 2528 869 2580 tu
889 2517 921 2581 iu
938 2515 999 2581 vita
1015 2529 1069 2581 tua
1085 2514 1171 2586 maia,
1185 2536 1280 2581 nunc

250 2647 324 2691 vcro
339 2625 392 2690 hic
408 2627 579 2712 requiesce.
595 2627 658 2691 Sed
674 2637 707 2691 et
721 2626 822 2693 David
835 2626 948 2692 eodem
966 2625 1077 2714 spiritu
1094 2624 1235 2714 loquitur
1249 2627 1284 2692 iu

249 2731 391 2815 Psalmis,
407 2747 439 2798 et
453 2734 546 2798 dicit:
561 2735 785 2823 «iniquitatem
798 2759 902 2801 meam
919 2748 1026 2801 notam
1041 2735 1113 2813 seci,
1128 2747 1162 2800 et
1172 2758 1286 2824 pecca-

248 2855 346 2908 ntum
369 2865 477 2908 meum
498 2865 562 2908 non
585 2847 746 2934 cooperui.
774 2844 857 2919 Dixi,
878 2844 1095 2912 Pronuntiabo
1114 2846 1283 2911 adversum

249 2973 328 3016 »mo
344 2951 529 3039 injustitiam
549 2975 666 3028 meam,
687 2966 720 3018 et
738 2965 773 3018 tu
797 2955 941 3020 remisisti
965 2954 1161 3042 impietatem
1181 2955 1286 3021 cordis

252 3090 265 3120 ι
280 3061 373 3126 mei⁸.
395 3061 504 3128 »Vide
519 3085 595 3152 ergo
610 3062 683 3149 quia
700 3065 906 3151 pronuntiare
923 3074 1102 3153 peccatum,
1124 3066 1281 3130 remissio·

251 3194 325 3237 nem
344 3173 466 3260 peccati
481 3186 631 3238 meretur.
646 3173 828 3241 Praeventus
843 3176 929 3240 onim
945 3173 1089 3240 diabolus
1106 3175 1138 3240 in
1155 3197 1284 3241 accusa-

253 3282 349 3357 tione,
364 3281 444 3346 ultra
457 3305 515 3348 nos
529 3307 679 3350 accusare
690 3309 753 3350 non
769 3287 885 3374 poterit
894 3309 903 3360 ς
921 3296 953 3349 et
964 3285 989 3350 si
1001 3285 1059 3373 ipsi
1075 3286 1178 3349 nostri
1189 3286 1286 3350 simus

251 3403 462 3467 accusatores,
478 3393 604 3481 proiicit
620 3394 711 3460 nohis
729 3395 768 3458 ad
786 3393 940 3460 salutem:
957 3395 981 3459 si
995 3415 1068 3460 uero
1079 3406 1288 3482 expectemus

253 3513 318 3566 uta
336 3502 461 3566 diabolo
477 3526 678 3581 accusemur,
700 3504 860 3570 accusatio
879 3501 931 3570 ilia
948 3503 1034 3570 cedit
1052 3503 1144 3570 nohis
1161 3503 1202 3568 ad
1218 3525 1289 3592 poa-

253 3635 323 3683 riam
337 3637 345 3683 ;
361 3612 491 3678 habebit
507 3615 591 3679 onim
608 3615 709 3681 socios
725 3615 756 3680 in
773 3615 931 3704 gehenna,
950 3639 1028 3704 quos
1040 3611 1216 3681 convicerit
1230 3613 1290 3679 cri·

135 3733 138 3738 '
249 3723 372 3802 minum
389 3725 501 3791 socios.

284 3863 291 3896 ¹
306 3865 383 3912 Levit.
397 3881 420 3920 v,
433 3866 455 3910 5.
472 3894 500 3901 -
514 3865 592 3916 ²1sai.
607 3883 675 3926 ιιιιι,
691 3866 866 3924 26.-³1‘sat.
881 3884 958 3924 xxxix,
975 3867 1001 3918 5.
