2660 4610
205 270 269 346 lto
574 287 581 302 ¹
649 291 792 335 suenrus

203 429 279 494 ergo
293 429 353 470 vox
362 405 419 470 ista
429 404 514 472 velut
526 406 739 472 incusantium
756 401 958 494 semetipsass
974 405 1064 494 quasi
1079 427 1153 493 quae
1169 428 1246 469 non-

205 515 282 580 dum
302 513 427 601 abiecta
439 515 526 580 omui
547 515 711 602 iniquitate
723 515 925 603 pervenerint
939 514 979 580 sd
997 514 1204 602 aequitatem,
1215 523 1247 575 ut

205 624 324 710 possint
335 623 401 710 jam
413 621 542 711 diligere
558 645 654 711 super
667 623 776 689 vinum
790 623 887 688 uhcra
903 624 1029 711 sponsi,
1050 621 1247 688 scientcsin-

206 731 484 807 conveniensesse,
495 743 528 796 ut
535 729 653 818 aliquid
661 731 766 798 adhuc
773 732 908 797 resideat
919 730 1190 820 iniquitatisineo
1198 729 1245 814 qui

206 839 247 904 ad
261 838 488 927 perfectionem
510 837 656 927 spiritalis
669 852 702 903 et
717 839 859 926 mysticae
879 839 1032 904 doctrinae
1052 835 1244 925 pervenerit.

207 946 290 1026 Quia
302 967 377 1032 crgo
386 967 509 1012 summa
517 946 720 1034 perfectionis
731 947 762 1011 in
775 947 929 1012 charitate
940 945 1105 1018 consistit,
1119 944 1248 1008 charitas

208 1039 313 1120 tuum
329 1052 407 1120 nnn
426 1055 597 1142 iniquum
613 1055 770 1131 sumitur,
787 1057 841 1120 uu
858 1067 965 1121 autem
979 1053 1062 1120 amr
1078 1053 1247 1139 iniquitatis

183 1246 188 1254 .
207 1173 274 1236 est,
288 1161 331 1226 ihi
344 1161 412 1228 sinc
428 1163 526 1227 duhio
540 1173 588 1228 est
599 1161 748 1248 aequitas,
762 1163 876 1228 merito
886 1185 962 1251 ergo
974 1162 1111 1249 aequitas
1130 1183 1199 1224 esse
1212 1160 1247 1224 di

208 1271 303 1346 citur,
311 1293 380 1357 quae
388 1269 488 1359 diligit
496 1293 657 1358 sponsum.
670 1273 709 1336 Et
719 1271 788 1336 vide
795 1272 819 1334 si
828 1293 891 1336 non
901 1271 941 1336 oh
949 1269 1015 1337 hcc
1022 1271 1129 1335 etiam
1138 1269 1247 1333 ridetur

208 1376 287 1443 illud
297 1377 508 1467 inEvsngclio
522 1403 537 1443 a
551 1377 705 1444 salvatore
716 1379 838 1444 dictum
852 1379 931 1444 nsi
943 1376 1077 1467 diligitis
1090 1399 1163 1452 me,
1174 1399 1246 1441 mm·

206 1484 301 1549 »data
320 1506 390 1549 mea
413 1483 565 1550 servatc¹.
584 1513 597 1546 r
613 1484 646 1549 Si
664 1505 741 1572 orgo
760 1485 814 1572 qui
837 1482 938 1568 diligit
953 1482 1148 1558 Christum,
1168 1503 1246 1546 man-

205 1593 278 1658 datu
295 1593 364 1680 ojus
380 1592 539 1667 custodit,
552 1589 638 1658 nulla
650 1605 697 1658 est
713 1593 746 1658 in
761 1615 800 1657 co
816 1593 983 1680 iniqnitas,
997 1593 1057 1657 sed
1075 1591 1203 1679 :equitas
1217 1593 1242 1654 in

206 1723 245 1765 eo
263 1711 448 1788 pormanet,
470 1700 600 1787 aequitas
618 1723 695 1789 ergo
710 1712 777 1775 est,
793 1723 864 1788 quae
882 1699 1035 1766 mandata
1056 1701 1132 1787 ejus
1151 1709 1242 1763 custo

208 1808 273 1883 dit,
288 1820 322 1872 et
337 1805 437 1896 diligit
450 1807 625 1873 Christum.
640 1809 680 1872 lit
696 1831 823 1874 rursum
838 1809 891 1874 :Si
906 1808 932 1872 is
947 1809 1002 1895 qui
1020 1807 1168 1873 mandata
1180 1828 1236 1870 cus·

139 1929 142 1938 ‘
210 1915 309 1991 todit,
334 1915 399 2002 ipse
424 1914 523 2004 diligit
546 1915 728 1991 Christum,
747 1915 893 1980 mandata
918 1926 1029 1978 autem
1055 1914 1089 1978 in
1106 1913 1229 1999 aequitate

210 2035 389 2100 servantur,
402 2036 434 2088 et
445 2025 575 2112 aequitas
587 2036 635 2088 est
646 2047 716 2111 quae
729 2021 829 2112 diligit
841 2021 1028 2088 Christum:
1043 2021 1102 2110 qui
1110 2023 1227 2108 iniquum

211 2129 329 2218 aliquid
344 2133 442 2220 gerit,
456 2153 559 2220 neque
575 2132 723 2198 mandata
739 2131 897 2207 custodit,
915 2153 1021 2218 neque
1037 2129 1143 2219 diligit
1152 2127 1237 2194 Chris

209 2251 291 2318 tum.
311 2239 378 2304 Erit
393 2261 468 2328 crgo
485 2251 520 2303 ut
535 2249 688 2327 quantum
704 2240 878 2327 iniquitatis
889 2240 922 2303 in
937 2239 1033 2303 nohis
1047 2251 1102 2324 est
1113 2287 1122 2314 ,
1135 2249 1238 2302 tantun

212 2348 304 2436 louge
327 2349 425 2411 simus
445 2371 462 2412 a
485 2345 655 2413 dilectione
676 2347 814 2424 Christi,
833 2359 866 2411 et
884 2358 1009 2412 tantum
1029 2347 1247 2412 mandatorum

212 2458 282 2544 ejus
293 2456 509 2543 praevaricatio
520 2455 676 2521 habeatur
686 2456 719 2520 in
735 2456 836 2521 nohis.
852 2455 892 2520 Et
904 2453 975 2519 ideo
988 2452 1140 2542 regulam
1152 2475 1249 2542 quant-

214 2565 287 2630 dom
303 2563 456 2630 directam
472 2585 627 2651 ponamus
638 2585 705 2627 esse
720 2564 920 2650 aequitstem,
935 2573 969 2625 ut
982 2563 1006 2626 si
1024 2561 1110 2650 quid
1126 2563 1159 2626 in
1171 2561 1252 2626 nubis

214 2671 385 2758 iniquitatis
405 2683 471 2746 cst,
489 2670 572 2736 hanc
591 2668 777 2736 adhibentes
796 2682 828 2734 et
846 2669 1101 2759 superducentes
1123 2670 1255 2736 directo-

213 2776 293 2839 rium
304 2776 528 2839 mandatorum
536 2773 594 2839 Dei
605 2823 613 2850 ,
626 2775 651 2838 si
663 2775 738 2862 quid
750 2775 782 2839 in
798 2775 889 2838 nohis
900 2795 1053 2848 curvum,
1068 2775 1097 2838 si
1111 2773 1189 2860 quid
1201 2785 1258 2837 tor·

213 2893 342 2944 tuosum
358 2891 422 2954 est,
446 2880 485 2944 ah
505 2878 601 2965 hujus
620 2876 737 2967 regulae
754 2877 837 2943 linea
859 2889 1033 2953 resecetur,
1054 2891 1093 2942 ut
1110 2881 1212 2966 possit
1229 2887 1258 2940 ct

215 2988 254 3051 dc
267 2988 361 3050 nohis
375 2986 436 3050 dici
453 3009 461 3050 :
473 2984 637 3072 eAEquitus
649 2984 756 3051 dilexit
764 2997 795 3050 tu
803 2985 825 3050 ¹.
840 2986 1031 3051 sPossumus
1043 2987 1256 3051 antemetinm

215 3095 261 3159 sic
282 3095 425 3182 accipere
444 3106 479 3158 ut
493 3094 638 3160 videatur
655 3089 755 3158 simile
774 3091 944 3180 essequod
960 3093 1039 3158 dixit
1057 3117 1066 3158 ε
1086 3122 1102 3154 ι
1117 3093 1260 3182 AEquitss

216 3200 349 3267 »dilexit
371 3214 421 3275 te,
442 3229 455 3262 s
473 3225 510 3266 ae
527 3202 552 3266 si
571 3200 721 3266 dixisset:
736 3201 863 3266 lustitia
881 3199 988 3264 dilexit
1002 3213 1053 3276 te,
1073 3215 1111 3266 et
1128 3203 1259 3274 veritas,

214 3319 247 3372 et
263 3307 433 3396 sapientia,
450 3320 483 3373 et
498 3308 667 3397 pudicitia,
687 3321 720 3374 et
734 3307 863 3397 singulm
879 3331 1011 3396 quaequc
1027 3310 1177 3375 virtutes.
1198 3311 1262 3376 Nec

215 3415 339 3482 mireris
357 3439 450 3491 sane,
467 3417 492 3480 si
508 3415 644 3482 dicimus
663 3415 793 3480 virtutes
811 3439 878 3481 esse
901 3437 972 3504 qnae
994 3415 1135 3506 diligunt
1152 3417 1262 3482 Chris-

216 3536 305 3597 tum,
323 3523 445 3588 cumin
461 3522 528 3588 aliis
544 3524 683 3612 ipsarum
698 3524 851 3588 virtutum
867 3524 1077 3589 sulutantium
1094 3525 1262 3590 Christum

216 3629 374 3698 soleamus
390 3631 546 3720 accipere.
562 3631 658 3712 Quod
669 3644 702 3696 et
717 3632 898 3721 frequenter
913 3632 1054 3698 invenies
1069 3634 1102 3697 in
1119 3633 1260 3721 scriptu

216 3742 260 3805 ris
280 3739 392 3807 divinis
409 3764 467 3829 pro
487 3739 563 3806 lucis
583 3752 615 3805 ct
634 3741 924 3829 opportunitatibus
943 3742 1054 3829 aptari.
1074 3742 1261 3808 Invenimus

255 3886 345 3941 ¹Josn.
357 3907 414 3953 xrs,
427 3892 466 3941 1⁵.
479 3917 499 3926 -
519 3886 530 3921 ²
542 3889 614 3942 Csnt.
629 3908 653 3952 r,
666 3896 690 3952 4.
