2682 4594
368 269 400 314 ii(
426 271 566 314 PSALMUM
588 271 680 312 xxxvl
704 271 777 314 {loid-
805 274 852 315 111.
1070 276 1127 318 221

3 475 4 484 ἵ
106 395 254 462 contrario
270 392 414 460 diabolus
434 395 524 482 ponit
541 415 650 460 arcum
666 417 731 459 non
748 407 782 459 ut
802 417 925 462 cessare
944 396 1057 474 iaciat,
1077 402 1133 467 sed

106 515 135 568 ut
141 503 266 570 suscitet
281 512 502 590 tempestates,
516 512 551 565 ut
566 503 767 568 serenitatem
779 502 951 569 conturbet
964 505 996 569 in
1009 507 1131 581 anima,

2 591 4 704 ζ
105 623 135 678 ιιι
146 634 255 701 pacem
270 607 424 699 depellet,
441 621 477 675 ut
493 608 573 675 heliu
590 621 806 685 commoveat,
823 622 856 675 et
872 621 907 676 ut
920 613 1063 678 turbines
1078 637 1130 678 ex·

1 709 5 802 J
104 718 170 786 citet
182 741 220 784 ac
231 715 394 807 proeellas.
408 716 491 782 Cum
501 718 588 783 enim
601 716 712 783 videris
726 716 862 804 aliquem
875 718 955 783 vitiis
967 730 1000 783 et
1010 721 1130 810 passio·
1182 703 1184 709 Ι

2 818 4 880 f
104 827 189 892 nibus
205 827 355 914 agitatum
374 825 562 899 circumire,
578 835 611 889 et
629 825 815 913 perturbere
832 826 957 902 omnia,
975 825 1050 892 nolo
1070 829 1131 892 dar-

104 934 176 999 bites
190 933 277 1020 quod
290 931 343 998 iiie
358 933 469 1021 sagitta
485 931 602 997 diaboli
620 943 686 1008 est,
700 944 733 997 et
750 955 784 997 os
804 933 873 1020 ejus
895 935 1002 1022 posuit
1020 957 1130 1000 ereum

101 1063 206 1117 suum,
226 1053 261 1105 et
281 1040 417 1106 tetendit
441 1039 569 1127 sagittas
590 1039 687 1105 verba
708 1040 777 1129 ejus
800 1051 836 1104 ut
856 1040 1004 1129 sagittent
1025 1052 1129 1106 rectos

99 1148 200 1216 corde.
222 1147 288 1213 Sed
305 1148 360 1235 qui
374 1147 489 1212 muniti
510 1158 584 1211 sunt
600 1146 694 1212 ermis
716 1147 791 1223 Dei,
810 1149 848 1213 ab
869 1149 918 1215 his
933 1147 1047 1215 talibus
1062 1171 1127 1215 non

97 1268 266 1348 potuerunt
281 1255 449 1323 vulnerari.

139 1364 190 1432 1v.
210 1364 307 1444 Quod
321 1375 425 1430 eutem
442 1361 563 1430 addidit
579 1389 592 1423 ι
607 1371 643 1428 ιιι
658 1362 820 1430 trucident
837 1376 942 1432 rectos
966 1367 1123 1444 corde¹,»

0 1461 1 1468 ἵ
98 1493 170 1538 cum
182 1470 326 1560 superius
340 1471 482 1547 dixisset,
493 1497 506 1531 ι
516 1481 551 1535 ιιι
563 1469 713 1558 dejiciant
725 1471 853 1560 inopem
864 1484 897 1538 et
909 1493 1080 1564 pauperem
1090 1501 1122 1551 ,ι

0 1564 1 1583 ¹
97 1579 197 1669 junxit
218 1579 407 1667 pauperibus
428 1591 532 1646 rectos
549 1580 645 1644 corde
663 1603 672 1644 t
689 1601 769 1666 quos
792 1591 871 1669 puto
890 1583 964 1670 quia
985 1583 1130 1649 similiter

0 1684 1 1701 ¹
96 1687 188 1753 etiam
210 1686 363 1753 Dominus
386 1686 559 1776 conjunget
584 1687 617 1751 in
640 1685 817 1775 Evangeliis
836 1712 844 1753 ε
866 1690 920 1755 uhi
943 1691 1030 1756 enim
1052 1692 1129 1758 dicit
1179 1705 1182 1724 ⁴·

94 1795 200 1861 beatos
215 1816 387 1886 pauperes,
402 1792 447 1860 ibi
462 1795 558 1859 etiem
573 1792 735 1859 beatificet
748 1795 885 1860 mundos
898 1797 1013 1872 corde,
1030 1809 1062 1862 et
1079 1800 1129 1864 ni-

92 1903 135 1970 hit
150 1903 301 1968 interesse
317 1901 454 1968 arbitror
467 1902 552 1968 inter
566 1901 703 1967 mundos
718 1903 814 1968 corde
828 1914 861 1967 et
877 1913 980 1970 rectos
995 1906 1092 1971 eorde
1101 1904 1125 1972 ².
1243 1969 1262 1986 ,

92 2011 305 2078 Trucidantur
323 2021 430 2075 eutem
445 2008 509 2076 hoo
525 2009 633 2074 modo.
655 2010 688 2075 Si
704 2010 773 2098 quis
789 2007 923 2099 simplici
938 2024 1067 2090 mente,
1091 2035 1128 2082 ec

91 2119 246 2186 desiderio
260 2118 365 2183 veniet
378 2117 418 2183 ed
428 2114 594 2182 eeclesiam
607 2128 642 2181 ut
653 2116 819 2203 proficiat,
836 2130 871 2182 ut
883 2118 996 2184 melior
1007 2143 1041 2185 se
1054 2121 1127 2197 fiat,

93 2225 151 2291 iste
166 2227 191 2290 si
205 2225 308 2291 videet
328 2247 385 2291 nos
400 2224 454 2313 qui
474 2224 575 2290 multo
592 2225 659 2313 jam
673 2235 818 2312 tempore
832 2225 865 2289 in
881 2224 944 2291 fide
960 2228 1125 2305 stetimus,

94 2332 144 2398 vel
155 2356 218 2398 non
229 2344 315 2400 recte
324 2344 450 2422 agentes
461 2382 470 2408 ‚
482 2331 531 2398 vei
543 2354 619 2398 cum
633 2331 824 2398 offendiculo
836 2330 1000 2420 loquentes
1012 2383 1020 2410 ,
1033 2335 1130 2402 efflei-

94 2463 168 2508 mur
187 2439 304 2507 illinus
322 2440 427 2530 lapsus
442 2439 483 2506 ad
503 2451 684 2530 peecatum.
707 2439 789 2505 Cum
805 2452 912 2507 eutem
930 2443 1127 2530 peccaverit,

90 2550 267 2615 trucidatus
281 2561 348 2625 est,
360 2560 392 2615 et
403 2549 529 2637 sanguis
545 2548 658 2612 enimae
667 2548 743 2634 ejus
758 2546 908 2636 profluit,
923 2550 1026 2614 omnis
1039 2551 1078 2616 ab
1090 2573 1129 2617 eo

89 2657 190 2724 virtus
207 2655 306 2722 vitulis
321 2656 472 2721 abscedit.
491 2657 530 2721 Et
545 2655 571 2719 si
583 2654 672 2719 audis
685 2654 749 2719 dici
764 2655 798 2719 in
814 2655 930 2721 Genesi
946 2656 1020 2744 quie
1030 2683 1043 2716 ι
1055 2681 1130 2723 san-

90 2793 104 2825 »
113 2765 242 2853 guinem
258 2763 435 2830 animarum
449 2773 626 2828 vestrarum
640 2762 804 2849 exquiram
824 2764 862 2828 ah
883 2765 970 2828 omni
986 2763 1082 2830 fratre
1096 2778 1129 2830 et

91 2873 156 2936 »ab
172 2871 257 2937 omni
269 2870 401 2946 bestia⁸,
416 2893 500 2935 onon
510 2881 600 2958 putes
613 2869 685 2957 quie
700 2868 739 2933 de
756 2869 816 2934 hoe
832 2870 983 2958 sanguine
997 2893 1130 2961 magno-

88 3002 170 3070 pere
189 2978 349 3068 praeeipiat
371 2975 548 3066 corporali,
577 2987 732 3063 quantum
756 2977 796 3042 de
818 2977 976 3042 interioris
991 2978 1129 3074 honpinis

86 3088 262 3177 sanguine,
275 3087 308 3152 id
322 3099 388 3163 est,
399 3087 438 3152 de
447 3085 509 3152 vita
527 3085 639 3150 anime
650 3096 683 3154 et
694 3085 847 3173 sanguine
858 3085 1023 3176 spirituaii.
1033 3090 1131 3156 Scun·

86 3195 215 3262 dalinati
234 3195 320 3260 enim
342 3194 454 3260 animae
477 3191 603 3282 senguis
621 3193 809 3268 effunditur,
827 3214 901 3260 oum
926 3194 1128 3264 cecideritin

83 3316 278 3391 peecatum,
295 3314 328 3368 et
341 3313 509 3392 propterea
526 3301 622 3377 dixit,
639 3301 713 3387 quie
732 3300 902 3388 requiritur
920 3304 1044 3392 sanguis
1059 3307 1128 3392 ejus

85 3433 105 3476 a
126 3409 233 3476 fratre.
246 3411 288 3476 Et
302 3433 400 3498 quare
415 3410 511 3476 etiam
528 3432 545 3474 e
562 3408 673 3473 hestia.
689 3408 723 3473 Si
739 3407 840 3473 fidelis
854 3417 903 3473 est
917 3411 971 3496 qui
988 3422 1018 3475 te
1033 3435 1128 3478 scen-

82 3517 254 3596 dalizavit,
277 3519 374 3584 irater
390 3531 456 3596 est,
481 3542 499 3584 a
521 3541 585 3605 quo
600 3516 810 3606 requirendus
828 3530 876 3582 est
896 3520 1022 3609 sanguis
1040 3533 1123 3588 tuus.

79 3627 201 3694 Frater
219 3627 305 3695 enim
324 3639 397 3693 tuus
411 3639 477 3704 est,
493 3627 546 3715 qui
567 3625 648 3690 fudit
667 3626 854 3715 sanguinem
873 3639 984 3708 tuum,
1004 3643 1038 3695 et
1057 3631 1129 3698 ideo

80 3737 212 3804 dictum
226 3737 367 3813 est‚«de
383 3759 481 3804 manu
500 3735 604 3801 fratris
627 3737 786 3823 requiram
802 3737 997 3826 sanguinem.
1019 3737 1129 3807 »Cum

120 3860 132 3893 ¹
143 3862 234 3912 Palm.
243 3879 338 3928 xxxvx,
352 3867 393 3925 ¹4·
404 3888 436 3902 -
447 3857 551 3914 ²Mruh.
566 3857 589 3912 5.
600 3889 632 3899 —
641 3856 651 3892 ⁸
659 3859 723 3912 Gen.
735 3879 778 3926 tx,
788 3879 810 3912 v.
