2776 4616
284 275 346 354 452
728 301 869 344 oarcnrus

285 430 393 506 gatur:
406 417 577 486 Consilium
585 417 726 494 divinum
732 417 819 508 quod
829 419 862 485 in
871 419 1044 486 novissimis
1052 420 1162 486 diebus
1170 419 1286 510 implen-

285 531 361 596 dum
377 541 436 605 est,
448 526 525 596 milri
540 552 626 595 nunc
641 527 827 605 revelatum,
840 531 947 619 aperio
963 531 1020 598 tibi
1035 544 1068 596 et
1078 531 1245 607 manifesto,
1257 544 1289 596 ut

285 641 365 708 scias
376 640 453 728 quid
463 636 597 728 populus
607 638 662 706 hic
673 638 767 706 faciet
777 638 895 730 populo
906 650 971 707 tuo.
986 639 1099 709 Ethoc
1110 641 1204 706 modo
1217 651 1289 707 stare
1366 649 1367 660 ¹

291 753 368 820 mihl
381 753 482 819 visum
497 764 546 824 est
558 775 650 842 posse
661 752 747 842 quod
761 753 817 829 ait,
828 781 841 814 ι
853 753 1026 821 Consilium
1037 754 1094 820 tibi
1106 755 1146 822 do
1157 755 1292 842 quidiac-

287 892 299 924 ι
314 874 405 956 turus
415 875 463 928 est
473 860 609 952 populus
621 861 674 928 hit
685 860 802 951 populo
813 874 887 927 tuo:
900 862 982 928 »hoc
998 874 1057 939 est,
1066 862 1233 929 Consilium
1240 863 1292 930 Dei

286 972 417 1038 enuntio
433 972 488 1038 tibi
498 982 530 1037 ει
540 971 717 1038 manifesto.
729 969 912 1059 Requirenti
923 995 997 1038 sane
1008 965 1086 1038 mihi
1105 973 1203 1039 sicubi
1221 971 1293 1038 torte

285 1082 317 1147 in
328 1081 498 1171 Scripturis
510 1081 621 1148 divinis
637 1081 694 1146 suh
706 1080 769 1147 hoc
779 1102 925 1146 sermone
939 1081 1041 1147 simile
1056 1080 1174 1169 aliquid
1185 1081 1295 1148 dictum

283 1203 388 1280 posset
405 1215 584 1270 occurrere,
600 1193 700 1258 visum
715 1203 763 1257 εει
781 1192 876 1258 ειίειιι
896 1203 928 1256 ει
942 1189 1020 1258 illud
1036 1191 1178 1258 similiter
1192 1192 1302 1260 adver¹
1366 1213 1367 1216 ’

169 1356 170 1361 ,
287 1302 419 1369 tendum
434 1302 519 1390 quod
535 1301 701 1392 Apostolus
717 1301 761 1367 ait
774 1325 782 1366 ε
796 1327 808 1362 ι
825 1301 904 1381 Quis
920 1303 1004 1368 enim
1019 1303 1166 1392 cognovit
1178 1325 1296 1370 sensum

287 1444 300 1470 a
313 1413 439 1478 Domini
448 1424 516 1486 ,aut
527 1412 597 1501 quis
608 1413 636 1478 ei
648 1410 842 1479 consiliarius
853 1411 923 1476 iuit¹
935 1412 968 1476 l·
981 1413 1133 1480 Hiceuim
1144 1415 1230 1500 quia,
1240 1405 1298 1480 nou
1366 1403 1367 1418 ¹

286 1544 345 1612 pro
356 1519 456 1596 nullo,
466 1522 522 1587 sed
537 1544 597 1608 pro
610 1543 682 1586 rnro
694 1519 742 1586 vel
758 1521 873 1586 eximio
884 1521 1027 1586 habetur.
1041 1521 1210 1601 Quomodo
1220 1525 1299 1590 enim

284 1653 350 1697 non
362 1617 508 1720 cognovit
518 1653 645 1696 sensum
655 1630 713 1696 Dei
726 1630 904 1720 unigenitus
914 1654 1002 1707 suus,
1012 1631 1065 1720 qui
1077 1631 1155 1698 dicit
1165 1657 1173 1698 τ
1185 1633 1300 1700 «Nemo

284 1770 297 1804 ι
312 1741 398 1807 novit
409 1740 546 1814 Patrem,
555 1739 614 1804 nisi
625 1735 734 1815 Filius,
747 1751 780 1805 ει
792 1739 843 1805 cni
851 1737 984 1806 voluerit
992 1739 1090 1806 Filius
1103 1739 1293 1806 revelare²Pv

285 1851 371 1931 Quid
385 1862 432 1916 est
447 1848 533 1916 aliud
548 1850 627 1917 scire
641 1849 780 1926 Patrem,
794 1850 853 1915 nisi
865 1850 945 1916 scire
964 1862 996 1914 et
1015 1848 1182 1916 consilium
1191 1851 1257 1938 ejus
1267 1865 1302 1916 ει

211 1943 213 1949 ,
284 1961 434 2027 sensum?
450 1961 514 2027 Sed
533 1971 565 2027 ει
580 1961 714 2051 Spiritus
730 1973 870 2037 sanctus,
882 1963 936 2049 qui
951 1972 1110 2027 scrutatur
1125 1963 1220 2028 etiam
1243 1961 1303 2030 alta

284 2069 356 2147 Dei,
367 2070 475 2158 quidni
491 2091 617 2137 sensum
631 2072 702 2157 ejus
719 2069 891 2160 agnoscat?
909 2070 1058 2160 Agnoscit
1070 2093 1145 2162 ergo
1160 2083 1194 2137 ει
1208 2069 1296 2138 Filius

285 2193 318 2247 ει
329 2179 463 2269 Spiritus
474 2191 600 2266 sanctus
615 2200 743 2245 sensum
754 2176 893 2252 Domini,
906 2189 939 2242 ct
951 2177 971 2243 ii
987 2179 1100 2266 quibus
1111 2177 1300 2246 volucritlli·

283 2289 343 2355 lius
358 2288 505 2355 revelare.
526 2288 621 2368 Quod
636 2288 662 2352 si
678 2286 819 2376 agnoscit
834 2283 930 2350 Filius
943 2307 1070 2352 sensum
1084 2286 1156 2360 Dei,
1169 2297 1221 2354 est
1235 2310 1304 2376 ergo

284 2411 317 2467 et
324 2398 517 2467 consiliarius
529 2399 607 2486 ejus.
620 2396 683 2463 Sed
694 2395 889 2464 consiliarius
900 2418 963 2460 nou
976 2396 1018 2461 ita
1030 2395 1238 2486 accipiendus
1250 2411 1309 2472 est,

285 2510 372 2598 quasi
392 2506 546 2598 ignoranti
567 2508 597 2571 ei
617 2505 692 2592 quid
707 2501 955 2593 agatconsilium
975 2504 1027 2570 det
1051 2502 1148 2570 Filius
1164 2519 1224 2572 aut
1240 2506 1311 2596 Spi-

284 2621 362 2686 ritus
373 2623 512 2692 sanctus,
529 2616 584 2681 sed
594 2614 681 2702 quod
696 2612 816 2680 consilii
829 2625 861 2679 ει
878 2611 1044 2679 voluntatis
1059 2615 1128 2702 ejus
1148 2617 1313 2706 particeps

284 2746 316 2799 ει
330 2730 431 2796 εεῐειιε
452 2726 491 2794 εἰι
507 2725 604 2791 Filius
624 2736 656 2788 et
678 2723 812 2812 Spiritus
832 2734 968 2790 sanctus.
992 2723 1093 2790 Simili
1112 2747 1187 2815 ergo
1214 2729 1313 2794 modo

283 2854 316 2906 et
329 2838 470 2913 Balaam,
486 2836 559 2924 quia
577 2832 698 2900 consilii
713 2833 799 2922 quod
819 2833 849 2898 ei
864 2831 1056 2899 revelaverat
1073 2834 1159 2900 Deus
1175 2839 1314 2924 partici-

284 2973 357 3040 pem
371 2947 506 3014 laciebat
520 2954 553 3012 ει
563 2965 696 3034 gnarum
711 2941 843 3017 Balach,
858 2943 903 3010 ait
918 2965 926 3009 ε
940 2941 1053 3018 «Veni,
1067 2943 1244 3012 consilium
1258 2947 1316 3012 tihi

287 3059 375 3124 »dot
390 3068 565 3145 »tanquam
580 3053 633 3141 qui
650 3075 721 3118 vers
738 3051 844 3118 videns
859 3053 910 3126 sit,
927 3063 959 3119 et
975 3075 1047 3119 vere
1060 3052 1200 3119 audierit
1218 3057 1316 3121 verba

286 3169 362 3241 Dei;
381 3168 462 3234 sicut
484 3166 516 3231 in
536 3163 801 3252 consequentibus
823 3161 922 3230 dicit:
937 3161 1047 3228 «Dixit
1070 3161 1205 3230 Balaam
1231 3164 1318 3231 filius

286 3278 408 3350 εΒεει,
420 3275 516 3342 homo
531 3273 734 3349 verendum,
750 3284 783 3337 et
798 3271 927 3338 audiens
942 3293 1101 3338 sermones
1115 3272 1190 3348 Dei,
1207 3277 1316 3341 sciens

289 3417 301 3450 ε
316 3386 478 3453 scientiam
493 3382 627 3458 Excelsi,
639 3393 671 3448 et
688 3381 839 3447 visionem
854 3381 916 3447 Dei
930 3379 1037 3446 videns
1056 3381 1087 3446 in
1104 3383 1248 3458 somnis.
1263 3407 1317 3449 rc-

287 3527 299 3560 »
313 3495 405 3563 velati
419 3493 502 3562 oculi
513 3491 637 3581 ejus⁸.»
654 3492 700 3557 Dc
712 3491 748 3556 iis
762 3489 909 3556 omnibus
921 3489 985 3577 jam
997 3480 1139 3578 superius
1152 3489 1315 3562 diximus,

285 3607 357 3698 quia
373 3616 405 3669 ει
418 3605 451 3668 ἰιι
465 3600 645 3691 praeiatione
659 3600 759 3666 tertiae
771 3598 943 3689 prophetias
956 3599 1066 3665 eadem
1080 3600 1206 3689 scripta
1227 3613 1315 3668 sunt

282 3706 1007 3797 llocsanesolumiupraesentivideturadditum
1016 3706 1167 3794 quodait,
1181 3737 1198 3770 ιι
1208 3711 1319 3777 sciens

283 3821 472 3892 »scientiam
484 3815 618 3892 Excelsi3
633 3843 646 3880 ε
660 3817 723 3883 hoc
733 3815 819 3884 enim
833 3815 866 3882 in
880 3815 1091 3906 superioribus
1101 3839 1169 3885 nou
1184 3833 1242 3887 εει
1256 3819 1323 3885 die

315 3956 325 3990 ¹
339 3954 412 4002 llom.
424 3967 458 4010 ιιι,
469 3949 507 4007 34.
519 3975 548 3985 -
559 3945 571 3979 ²
582 3946 674 3995 Matth.
689 3963 725 4005 ιι,
741 3962 776 4011 ²7·
790 3975 819 3987 -
829 3945 839 3981 ⁸
850 3945 927 3996 llum.
940 3962 1008 4006 ιιιιι,
1023 3947 1060 4005 1⁵,
1075 3946 1113 3995 16.
