2702 4610
394 317 427 364 ιιι
452 315 577 362 nxoanu
600 313 728 363 aoniam
754 321 787 363 ιι.
1063 305 1105 390 95

73 433 211 504 celestia
223 456 349 523 sapere,
362 435 418 520 qai
429 445 532 522 potest
543 432 718 523 intelligere
729 435 845 511 Deum,
855 449 888 502 et
900 462 971 526 quae
981 461 1106 508 sursum

73 558 150 612 sunt
168 567 322 634 quaerere,
338 543 431 610 hunc
453 543 520 607 odit
541 543 663 609 Pharao
678 567 734 608 rex
753 557 786 609 et
804 529 951 636 princeps
966 549 1107 639 AEgypti,

76 656 170 720 hunc
196 653 301 718 necari
322 650 414 739 cupit
439 662 473 714 et
498 651 644 716 interimi.
664 650 761 739 Gupit
779 664 886 719 autem
902 680 1111 746 quaecumque
1211 677 1215 683 ·

81 761 188 828 carnis
201 774 273 826 sunt
287 761 404 834 rivere,
418 771 451 823 et
467 781 537 847 quae
552 759 592 824 nd
606 760 771 825 materiam
788 763 948 849 pertinent
959 785 1111 854 corpora·

85 870 163 944 lem,
178 871 244 936 haec
257 893 320 935 non
335 866 441 934 solum
457 867 574 942 vivere,
594 867 650 932 sed
664 879 697 932 et
712 870 817 956 augeri
841 883 872 935 et
893 871 993 937 excoli
1010 875 1106 963 cupit.

88 977 162 1046 Vult
176 981 258 1044 enim
281 991 315 1042 ut
333 999 446 1044 omnes
462 975 600 1042 carnalia
623 977 757 1065 sapiant,
781 980 964 1068 temporalia
988 984 1113 1051 deside-

89 1101 167 1163 rant,
177 1111 245 1174 qaae
257 1111 352 1176 supra
363 1099 480 1151 terram
493 1099 567 1152 sunt
575 1099 728 1173 quaerant,
739 1111 832 1154 nemo
840 1089 940 1156 elevet
948 1093 988 1157 nd
997 1093 1113 1160 coelum

85 1197 192 1264 oculos
204 1220 293 1272 suos,
308 1221 401 1262 nemo
415 1197 556 1284 requirat
569 1196 652 1260 unde
663 1196 728 1263 huc
738 1199 870 1274 venerit,
881 1196 1115 1290 nemopatriam

86 1308 272 1398 paradisum
286 1307 481 1374 recordetur.
502 1305 584 1371 Cum
599 1329 674 1394 ergo
685 1307 799 1372 videris
810 1309 954 1375 homines
966 1312 997 1377 in
1009 1311 1116 1402 volup

89 1419 212 1483 tatibus
226 1429 261 1482 et
274 1415 394 1482 deliciis
407 1419 500 1482 vitam
516 1414 647 1490 ducere,
660 1413 734 1480 luxu
751 1414 888 1491 fluitare,
905 1415 1019 1506 epulis,
1031 1421 1116 1496 vino,

98 1526 263 1601 conviviis,
285 1524 436 1592 cubilibus
456 1536 488 1592 et
510 1524 716 1615 impudicitiis
736 1548 866 1613 operam
888 1526 982 1600 dare3
1003 1528 1035 1592 in
1053 1524 1119 1594 istis

101 1635 179 1699 scias
190 1633 273 1720 qnod
284 1656 339 1698 rex
349 1632 473 1723 AEgypti
485 1625 643 1700 masculos
655 1645 759 1708 necat,
772 1641 804 1698 ct
817 1634 952 1700 viviticat
964 1635 1116 1704 soeminas.

96 1740 130 1806 si
146 1763 220 1806 vero
234 1763 340 1804 rarum
355 1764 512 1829 quemque
523 1741 629 1805 videas
643 1763 741 1806 unum
753 1764 792 1805 ex
803 1740 889 1806 milio
900 1742 940 1807 ad
950 1745 1121 1812 Dominum

93 1848 1121 1938 converti,oculossursnmerigere,quaeperpetuasuntetaeterna

93 1981 246 2047 quaerere,
259 1958 469 2046 contemplari
483 1981 546 2023 non
558 1981 594 2024 ea
608 1981 679 2045 quae
689 1960 848 2034 videntur,
861 1963 915 2028 sed
926 1985 995 2049 quae
1007 1985 1071 2030 non
1082 1967 1124 2030 vi·

92 2068 225 2142 dentur,
240 2066 344 2130 odisse
364 2065 504 2142 delicias,
521 2090 628 2132 amare
645 2068 884 2142 continentiam,
906 2069 1059 2137 luxuriam
1078 2073 1125 2138 fu·

97 2201 184 2266 gere,
196 2175 339 2242 excolere
352 2177 501 2248 virtutem
516 2178 611 2241 istum
622 2178 710 2263 quasi
722 2175 908 2252 masculum,
923 2181 1011 2267 quasi
1023 2183 1125 2249 virum

106 2288 212 2353 necari
229 2289 312 2375 capit
328 2286 465 2362 Pharao,
478 2287 689 2374 persequitur,
709 2287 894 2363 insectatur,
912 2287 997 2354 mille
1019 2291 1127 2356 adver·
1177 2333 1181 2340 ·

101 2419 156 2460 sus
167 2419 242 2460 cam
253 2395 402 2462 machinis
417 2408 544 2485 pugnat.
561 2395 637 2461 Odit
651 2394 743 2470 tales,
758 2395 862 2460 rivere
878 2420 931 2463 eos
946 2399 977 2464 in
991 2398 1128 2489 AEgypto

99 2528 163 2570 non
184 2505 268 2570 sinit.
291 2505 369 2571 inde
389 2525 466 2593 ergo
488 2515 535 2569 est
557 2505 642 2591 quod
663 2504 695 2568 in
712 2502 773 2567 hoc
793 2504 913 2569 mundo
929 2507 1009 2571 servi
1024 2507 1083 2573 Dei
1097 2522 1130 2576 et

98 2614 275 2702 omnesqui
286 2615 390 2679 Deam
402 2624 561 2706 quaerunt,
576 2613 739 2702 despectui
752 2614 910 2679 habentur
921 2624 953 2678 et
968 2627 1131 2706 contemp·

94 2725 155 2789 tui.
175 2722 256 2788 Inde
272 2721 472 2788 contumeliis
493 2723 625 2811 expositi
641 2735 727 2798 sunt,
744 2722 818 2792 inde
838 2721 1001 2812 replentur
1020 2748 1133 2813 oppro-

102 2832 191 2908 briis,
209 2831 285 2898 inde
301 2831 372 2896 odia
385 2833 417 2896 in
432 2854 486 2898 eos
502 2844 534 2896 et
545 2833 780 2920 persecutiones
795 2834 965 2921 agitantur,
982 2837 1055 2924 quia
1066 2837 1134 2903 odit

103 2964 155 3005 eos
170 2939 316 3012 Phara03
331 2939 396 3004 odit
412 2938 594 3028 hujusmodi
610 2963 725 3014 mares,
738 2941 791 3027 qui
808 2940 950 3008 ioeminas
963 2959 1056 3010 amat.
1072 2946 1134 3012 Iste

103 3049 198 3114 etiam
212 3047 401 3112 obstetrices
416 3069 620 3136 corrumpere
636 3049 829 3136 aggreditur,
845 3063 877 3116 et
896 3077 953 3140 per
975 3055 1056 3142 ipsas
1074 3057 1135 3122 im-

102 3156 188 3246 plere
201 3155 291 3244 quod
302 3154 471 3232 desiderat,
488 3179 623 3243 quarum
638 3159 734 3222 etiam
750 3159 877 3225 nomina
894 3164 985 3228 nohis
998 3187 1055 3252 per
1065 3190 1137 3254 pro·

103 3265 256 3331 visionem
267 3261 405 3351 Spiritus
420 3263 533 3340 sancti,
547 3264 602 3351 qni
616 3264 686 3330 haec
697 3265 792 3330 scribi
807 3265 916 3344 voluit,
931 3270 1133 3338 indicantur:

107 3373 261 3462 Sephora,
277 3374 395 3460 inquit,
413 3395 489 3449 una,
504 3397 574 3462 quae
595 3375 821 3464 interpretetur
837 3401 957 3465 possem
981 3393 1013 3446 et
1028 3382 1137 3461 Phua,

114 3507 178 3570 qne
189 3484 277 3574 apud
298 3507 359 3550 nos
382 3481 432 3549 vel
451 3486 582 3560 rubens,
598 3483 648 3548 vei
666 3485 842 3550 verecunda
863 3486 924 3552 dici
946 3500 1059 3576 potest.
1081 3491 1141 3558 Per

23 3650 26 3660 .
110 3589 164 3656 das
178 3593 272 3682 igitur
287 3591 399 3657 necari
413 3613 529 3667 mares,
545 3603 578 3655 et
593 3590 743 3658 vivificari
758 3590 839 3658 solas
855 3592 1000 3670 immines
1013 3600 1136 3687 quaerit.

145 3700 208 3769 Sed
230 3701 314 3792 quid
339 3701 418 3768 dicit
442 3701 631 3791 Scriptura:
652 3702 721 3767 «Et
743 3703 909 3780 timebant,
933 3707 1056 3794 inquit,
1082 3711 1142 3796 ob-

105 3813 274 3882 ›stctrioes
296 3811 418 3887 Deum,
442 3824 475 3878 et
496 3834 560 3879 non
581 3811 724 3879 fecerant
746 3811 828 3878 sicut
849 3815 999 3903 praecepit
1017 3816 1062 3881 eis
1086 3840 1141 3884 rex
