2744 4600
384 367 415 412 ra
440 367 583 414 araneos
607 368 739 412 nourrii
762 367 860 412 sxrrr.
1076 347 1140 413 555

107 487 136 554 id
150 497 211 560 cst,
225 505 356 550 omnem
371 505 544 550 numerum
560 481 1007 570 seripturarumstivinarum,
1017 480 1140 570 dignis·

1 641 2 645 =
107 598 183 666 sime
198 590 331 681 intelligi
353 603 443 681 puto.
466 592 522 660 Est
540 611 616 679 ergo
627 591 671 668 iis
688 590 741 679 qui
759 589 802 656 ad
822 588 1052 677 perfectionem
1068 602 1141 656 ten-

0 715 3 720 ’
110 707 202 780 dunt,
217 703 313 768 otiam
329 702 362 768 in
381 703 444 768 hoc
462 700 594 790 apiario,
609 701 642 766 id
663 714 711 767 est
727 703 760 766 in
779 701 882 766 verbis
896 698 1093 790 Propheticis
1108 713 1142 765 et

112 811 310 905 Apostolicis,
335 811 489 878 nonnulla
516 811 661 878 tentatio.
681 809 736 877 Vis
758 810 864 876 videre
881 809 955 897 quia
978 810 1069 877 sitin
1092 809 1140 876 bis

0 943 2 952 ’
112 923 243 990 tentatio
258 944 331 1004 'non
346 919 502 1002 minima?
524 920 560 983 lu
588 919 651 985 hoo
674 919 792 1008 apiario
814 919 1139 1006 scriptuminvenio:

9 1009 13 1020 ⁵
120 1061 134 1095 ι
147 1031 239 1108 Vide,
253 1031 379 1117 inquit,
394 1052 435 1095 ne
444 1028 599 1117 aspiciens
611 1027 711 1096 solem
722 1041 754 1094 et
764 1028 887 1105 lunum,
900 1029 1012 1094 adores
1024 1053 1061 1095 ea
1073 1053 1143 1118 quae

111 1137 516 1230 »sequestravitllominus
530 1139 616 1203 Deus
634 1146 708 1203 tuus
729 1137 909 1226 gentibus&
930 1137 1053 1204 »Vides
1074 1161 1145 1229 quae

109 1251 244 1319 tentatio
267 1249 307 1314 de
331 1249 451 1337 apiario
474 1248 535 1314 isto
561 1247 730 1336 procedit?
747 1249 788 1314 Et
807 1250 924 1314 iterum
947 1271 1024 1315 cum
1045 1249 1141 1316 dicits

3 1383 10 1404 s
122 1363 233 1428 «Deos
259 1383 323 1424 non
344 1355 515 1424 maledices
528 1355 550 1420 ².
574 1356 646 1422 »Et
668 1357 785 1422 iterum
810 1358 842 1424 in
862 1359 935 1424 novi
953 1355 1148 1425 Testamenti

0 1455 32 1518 '²
112 1471 235 1560 apiario
252 1468 307 1555 ubi
320 1466 473 1556 legimus:
495 1492 508 1527 ι
524 1465 611 1546 Quid
626 1489 678 1532 mc
699 1464 794 1538 vultis
809 1468 956 1534 occidere
972 1470 1147 1544 hominem,

0 1607 23 1634 u
114 1610 130 1644 s
147 1579 205 1666 qui
214 1577 375 1643 veritatem
387 1573 514 1640 locutus
526 1597 596 1640 sum
608 1575 716 1640 vobis⁸
729 1575 761 1638 Ρ»
777 1577 818 1642 Et
829 1577 989 1642 iterumin
1005 1576 1071 1643 aliis
1082 1578 1149 1667 ipse

112 1686 272 1755 Dominus
292 1683 369 1750 dicit
390 1708 400 1748 ι
418 1710 432 1743 ι
450 1684 597 1750 Proterea
613 1683 645 1750 in
661 1683 818 1772 parabolis
841 1685 955 1775 loquor
974 1688 1033 1762 eis,
1050 1700 1086 1753 ut
1102 1690 1149 1754 vi·
1254 1701 1258 1706 '

1 1795 29 1870 ‚f
113 1826 129 1858 ι
148 1797 258 1862 dentes
274 1817 340 1860 non
354 1791 493 1868 videant,
510 1804 542 1858 et
555 1793 719 1860 audientes
730 1816 796 1862 non
810 1794 1000 1885 intelligant,
1014 1797 1054 1862 ne
1068 1797 1150 1863 sorte

24 1947 31 1960 .
110 1939 126 1973 ι
146 1916 386 1979 convertantur,
402 1916 435 1969 et
445 1927 555 1970 sanem
570 1927 624 1970 eos
635 1903 657 1969 ⁴.
672 1933 685 1968 ι
702 1904 766 1972 sed
780 1917 814 1970 et
828 1928 903 1971 oum
921 1906 1090 1995 Apostolus
1106 1909 1152 1973 di·

0 2072 9 2083 „
111 2019 163 2084 cit
181 2041 190 2081 :
210 2016 275 2081 «ln
296 2015 412 2103 quibas
428 2015 514 2079 Deus
534 2013 631 2100 hujus
649 2012 755 2080 saeculi
776 2017 946 2082 excaecuvit
962 2029 1085 2084 mentes
1100 2019 1151 2084 in-

0 2192 1 2199 ,
112 2124 321 2192 »fidelium⁶.
340 2153 352 2187 r
370 2127 412 2190 Et
435 2122 535 2189 multa
556 2123 740 2211 hujusmodi
765 2125 797 2190 in
819 2126 883 2192 hoc
904 2126 1010 2193 divino
1033 2130 1151 2217 apiario

0 2283 48 2324 ,μ’
111 2247 318 2304 tentamenta
338 2233 489 2322 reperies,
509 2218 558 2318 ,etl
583 2255 653 2321 qum
680 2256 809 2300 necesse
834 2247 882 2300 ost
905 2231 1016 2303 'venire
1036 2261 1154 2303 unum·

4 2359 58 2424 μί.
112 2367 284 2436 quemque
299 2354 493 2426 sanctorum,
511 2352 547 2406 ut
560 2341 657 2408 etiam
671 2359 729 2430 per
749 2342 830 2418 baeo,
851 2363 948 2432 quam
967 2347 1107 2435 perlecta
1123 2362 1156 2414 et

7 2477 63 2544 pre
107 2457 173 2550 pie
190 2455 231 2520 dc
245 2453 311 2520 Deo
326 2453 454 2528 sentiat,
468 2463 667 2539 agnoscatur.
687 2449 762 2516 Post
772 2451 842 2518 haec
855 2452 922 2540 jam
937 2455 1063 2520 venitur
1078 2455 1156 2524 Gel-

0 2603 5 2652 ;
31 2591 63 2644 ee
106 2559 1163 2650 monDeblathaim,quodintorpretaturcontemptuslicuam,id'

0 2696 74 2780 ‚p
102 2688 167 2744 est
185 2673 242 2739 ubi
258 2681 509 2738 contemnuntur
523 2679 555 2734 ct
567 2669 786 2757 despiciuntur
801 2670 927 2761 penitus
937 2685 1076 2740 terrena.
1094 2676 1158 2742 Nisi

7 2808 70 2882 sic&
101 2785 210 2854 enim
223 2793 328 2870 spreta
340 2780 457 2845 luerint
471 2789 503 2842 et
515 2789 699 2865 contempta
710 2801 748 2842 ea
763 2800 833 2866 quae
845 2777 1004 2846 delectare
1013 2783 1160 2849 videntur

1 2898 82 3001 &i
97 2901 149 2974 in
164 2893 277 2967 terris,
289 2890 332 2956 ad
343 2887 481 2980 coelestia
495 2888 628 2954 transire
639 2911 705 2982 non
716 2909 894 2975 possumus.
914 2889 1064 2978 Sequitur
1074 2894 1161 2960 enim

0 3037 34 3107 μ·
89 3018 195 3104 post
210 3005 281 3070 haec
299 3000 421 3068 mansio
436 2998 567 3068 Abarim
581 3010 691 3063 contra
705 2997 828 3073 Nabau,
840 3000 927 3086 quod
938 3013 987 3066 est
997 3005 1157 3070 transitus.

20 3183 35 3204 ,Α
47 3139 62 3184 ·.
74 3119 238 3194 sNabau
255 3135 330 3179 vero
341 3110 498 3178 abscessio
514 3109 750 3195 interpretatur.
769 3105 830 3171 Ubi
847 3107 933 3171 enim
947 3131 1005 3196 per
1020 3109 1076 3176 bas
1092 3135 1163 3179 om-

0 3195 14 3214 1*
28 3249 177 3321 ‘fimes
198 3223 333 3290 virtutes
350 3221 411 3286 iter
421 3219 521 3308 egerit
536 3217 654 3292 anima,
670 3228 702 3282 et
719 3215 760 3282 ad
781 3237 942 3281 summum
961 3216 1163 3307 perfectionis

0 3321 4 3330 Ι
92 3333 321 3408 ascenderit,
338 3329 452 3395 transit
465 3330 532 3418 jam
553 3323 741 3402 (lcsaeculo,
758 3337 790 3389 ct
806 3324 968 3392 abscedite
985 3329 1070 3406 sicat
1084 3335 1165 3401 scri.

37 3473 70 3532 ‚a
79 3451 223 3521 'ntum
239 3453 287 3506 est
298 3441 336 3506 de
350 3441 461 3506 Enoc:
481 3437 620 3516 ‹Etnon
632 3434 865 3510 inveniebatur,
878 3437 951 3523 quia
964 3441 1167 3511 transtulerat

6 3537 13 3552 ⁸
40 3619 54 3644 ,,
135 3577 235 3624 eum
253 3549 369 3617 Deus⁶.
385 3547 510 3628 »Quod
528 3547 590 3624 etsi
611 3544 756 3612 videatur
777 3566 846 3608 esse
869 3543 974 3611 adbuc
995 3547 1028 3613 in
1050 3551 1165 3622 sacculo

16 3633 176 3770 ¹'appui
194 3657 386 3751 hujusmodi
401 3668 463 3733 est,
479 3666 512 3720 et
527 3655 558 3719 in
575 3677 671 3730 carne
686 3653 844 3728 babitare,
868 3664 975 3720 umen
994 3680 1058 3723 non
1078 3659 1167 3726 inre-

9 3825 62 3869 ,ᾖ
91 3785 246 3860 pietur.
267 3771 305 3838 In
321 3792 384 3858 quo
402 3791 467 3834 non
483 3762 682 3852 invenietur?
700 3764 737 3832 lu
758 3759 846 3829 nollo
864 3774 938 3848 actu
961 3767 1117 3846 saeculari‚
1134 3771 1167 3838 in

5 3907 108 4006 μ’.
127 3947 148 3980 1
169 3938 261 3986 nent,
272 3949 308 3994 ιν,
322 3948 360 3998 ¹9·
372 3961 402 3971 -
412 3931 424 3964 ²
436 3931 517 3981 Exod.
530 3945 593 3989 sau,
609 3927 649 3977 aa.
660 3955 690 3966 -
702 3926 712 3960 ⁸
724 3929 799 3978 laen.
820 3944 875 3989 vrrr,
888 3927 930 3986 lo.
944 3958 975 3966 -
986 3929 995 3962 ⁶
1008 3929 1098 3980 uaria.
1112 3948 1168 3994 xrrr,

137 4021 192 4070 et
207 4012 250 4060 1⁵.
260 4008 311 4046 -⁵
324 4006 406 4068 aCor.
418 4022 452 4068 av,
462 4005 492 4072 l·
504 4031 534 4043 -
544 4003 555 4038 ⁶
567 4004 659 4054 Gener.
673 4017 697 4064 v,
711 4001 746 4062 ἡ.

980 4083 1032 4150 56.
1131 4149 1136 4156 .
