2748 4596
235 228 274 291 26
568 223 576 231 ’
685 250 827 294 orsiesius

231 393 308 436 »sen
318 369 341 433 ¹.
355 398 367 430 r
390 370 503 436 Omnis
520 369 574 457 qui
590 370 650 436 sub
663 365 747 458 Lege
762 381 828 446 est,
842 368 931 436 timet
945 367 1096 457 Moysen:
1110 391 1186 440 cum
1198 393 1274 436 vero

230 480 271 544 nd
285 478 491 567 Evangelium
505 503 544 544 ex
559 480 643 567 Lege
658 479 837 555 transierit,
856 489 977 546 mutata
989 479 1189 546 observantis
1200 500 1269 546 mu·

229 599 314 652 tetur
337 598 369 652 ct
386 588 500 664 timor,
517 587 599 653 sicut
614 587 783 676 Apostolus
799 587 894 654 dicit:
907 614 920 648 ι
931 589 998 675 Ego
1015 598 1123 652 autem
1138 610 1197 674 per
1213 587 1273 652 te-

232 719 327 785 rgem
342 696 418 785 Legi
433 707 579 762 mortuus
589 719 679 772 sum,
697 709 732 764 ut
743 697 811 762 Deo
826 696 945 772 vivum,
961 719 1038 762 cum
1053 694 1182 760 Christo
1195 717 1276 760 con-

231 803 333 868 ssurus
351 827 421 868 sum
445 804 545 870 cruci.
567 804 648 872 Vivo
670 815 778 870 nutem
800 806 866 893 jam
888 827 952 870 non
972 827 1051 894 ego,
1068 803 1143 870 vivit
1157 803 1277 868 veroin

235 935 309 988 rme
325 911 468 976 Christus
478 910 499 976 ².
511 939 524 973 r

273 1019 312 1088 V.
325 1021 399 1086 Post
411 1020 481 1088 haec
492 1020 623 1110 jubetur
633 1019 716 1086 lilius
729 1020 815 1088 Nare
826 1020 930 1090 fecere
941 1018 1060 1086 cultros
1072 1043 1112 1086 ex
1123 1031 1231 1109 petra,
1243 1031 1277 1084 et

230 1127 342 1194 sedens
354 1129 585 1196 circumcidere
596 1127 678 1194 lilios
691 1127 786 1195 lsrael
798 1129 949 1196 secundo.
959 1127 1082 1197 Vellem
1094 1151 1154 1216 ego
1167 1128 1200 1192 in
1210 1125 1273 1192 hoc

229 1234 299 1305 loco
310 1237 494 1324 percontari
510 1234 657 1313 Judaeos,
673 1235 836 1323 quomodo
852 1248 958 1325 potest
971 1236 1041 1323 quis
1057 1235 1202 1302 secundo
1215 1235 1276 1300 cir·

231 1345 371 1412 cumcidi
396 1344 640 1410 circumcisione
663 1343 792 1410 cernuli.
824 1341 930 1410 Semel
956 1344 1041 1410 eninr
1067 1343 1276 1410 circumcisus

233 1453 303 1539 quis
326 1451 406 1518 ultra
423 1451 603 1518 nonhabet
620 1452 705 1539 quod
726 1451 868 1518 secundo
885 1452 984 1541 possit
1000 1451 1125 1518 nuierri.
1142 1451 1171 1517 A
1186 1451 1275 1516 nobis
1355 1537 1356 1540 Ἴ

231 1583 307 1627 vero
322 1557 437 1648 quibus
454 1559 572 1624 dieitur
583 1559 656 1645 quin
671 1560 737 1625 Lex
751 1557 900 1648 spiritalis
912 1571 980 1635 est,
993 1559 1064 1626 side
1074 1581 1171 1646 quem
1184 1559 1275 1647 digne

229 1679 263 1733 et
274 1668 501 1734 convenienter
520 1667 578 1732 istn
598 1664 770 1732 solvantur.
790 1667 933 1734 Dicimus
949 1668 1037 1734 enim
1058 1667 1133 1756 qnia
1156 1665 1208 1732 ille
1222 1667 1272 1753 qui

233 1777 266 1841 in
280 1777 364 1864 Lege
376 1757 519 1840 eruditus
531 1787 596 1852 est,
609 1788 642 1841 et
656 1799 713 1864 per
724 1776 855 1863 Moysen
867 1776 999 1842 edoctus
1015 1777 1136 1864 abjecit
1148 1773 1269 1840 idolota-

236 1883 303 1947 triae
317 1904 457 1958 errores,
475 1881 720 1949 simulacrorum
739 1884 996 1974 superstitionem
1014 1882 1200 1971 cultumque
1214 1882 1268 1946 ‹le-

178 1969 184 1982 ’
235 1991 348 2078 posuit.
373 1991 449 2057 Haec
472 2003 519 2056 est
538 1991 738 2057 circumcisio
753 1992 856 2078 prims
876 2015 933 2080 per
957 1991 1086 2080 Legem.
1104 1991 1138 2056 Si
1161 2013 1234 2056 sero
1246 1989 1271 2054 is

234 2099 370 2164 seriata
386 2100 468 2188 Lege
480 2111 513 2164 et
526 2099 691 2188 Prophetis
702 2097 743 2164 nd
754 2097 978 2187 Evangelicsm
995 2098 1112 2175 fidem,
1125 2109 1207 2164 tunc
1223 2121 1273 2164 sc-

235 2207 319 2294 cspit
333 2206 429 2272 etiem
445 2207 618 2272 secundam
633 2206 910 2272 circumcisionem
926 2230 983 2295 per
999 2219 1141 2296 petrum,
1160 2208 1216 2295 qui
1231 2217 1274 2272 est

238 2316 403 2391 Christus,
420 2327 453 2380 et
467 2314 647 2402 completur
659 2314 721 2381 hoe
735 2315 820 2402 quod
836 2315 913 2380 dixit
925 2317 1079 2382 Dominus
1095 2315 1137 2382 ud
1148 2316 1274 2382 Jesum:

246 2425 367 2490 allodis
392 2422 505 2490 abstuli
524 2424 730 2512 opprobrium
753 2423 881 2511 AEgypti
894 2447 912 2490 a
924 2422 995 2488 {iliis
1014 2422 1167 2490 lsreel⁸.»
1191 2425 1277 2492 Sient

237 2543 342 2598 nutem
366 2533 444 2598 dixit
465 2531 652 2621 Apostolus:
676 2531 858 2598 «Bibebnnt
882 2544 987 2596 autem
1007 2532 1048 2598 (le
1072 2530 1208 2620 spirituli
1233 2555 1277 2598 se-

239 2641 371 2728 »qnenti
390 2664 445 2705 eos
459 2651 568 2727 petra,
588 2653 676 2727 petre
700 2662 775 2705 vero
794 2652 862 2706 erat
879 2639 1042 2704 Christus⁴
1056 2663 1092 2705 :r
1114 2641 1161 2706 its
1187 2642 1277 2706 etism

240 2772 298 2815 nos
313 2750 345 2818 in
361 2749 424 2814 hoo
440 2747 512 2812 loco
529 2759 748 2834 competenter
762 2770 932 2834 possumus
948 2746 1072 2813 dicere:
1094 2748 1277 2814 Circumcisi

238 2869 312 2922 sunt
336 2868 443 2922 sutem
467 2855 507 2920 de
537 2853 665 2942 spirituli
690 2856 832 2941 sequenti
856 2867 965 2942 petru,
991 2868 1082 2943 petra
1113 2880 1190 2922 vero
1219 2867 1278 2922 erut

240 2966 395 3030 Christus.
424 2964 489 3030 Nisi
513 2964 598 3028 enim
622 2963 690 3051 quis
715 2961 811 3026 suerit
837 2986 893 3051 per
917 2961 1124 3050 Evangelium
1144 2967 1279 3032 secunda

239 3073 482 3140 circumcisione
501 3083 672 3160 purgatus,
695 3093 760 3135 non
779 3081 884 3159 potest
907 3072 1114 3159 opprobrium
1135 3073 1278 3162 AEgypti,

241 3181 271 3246 id
287 3192 356 3255 est,
370 3178 534 3246 illecebras
550 3177 762 3268 corporalium
778 3179 937 3266 deponere
953 3179 1111 3246 vitiorum.

286 3287 340 3352 Vl.
360 3287 532 3354 Videamus
551 3299 657 3354 tumen
673 3284 766 3374 quule
786 3286 904 3352 sithoc
923 3288 1027 3375 ipsum
1043 3287 1132 3375 quod
1147 3289 1277 3360 dicitur,

241 3396 314 3484 quis
338 3394 457 3461 rhodie
474 3394 590 3461 abstuli
602 3394 809 3483 opprobrium
822 3420 839 3460 n
851 3392 923 3458 liliis
938 3393 1072 3460 lsrael.»
1089 3395 1215 3463 Omnes
1226 3396 1278 3462 ho-

198 3488 211 3500 *
241 3504 343 3567 mines
359 3504 482 3567 etiamsi
498 3527 537 3569 ex
556 3503 638 3590 Lege
652 3503 795 3576 venient,
811 3502 932 3568 etiamsi
952 3525 1009 3590 per
1022 3503 1154 3591 Moysen
1170 3502 1278 3570 eruditi

242 3613 316 3690 sint,
326 3611 445 3677 hubent
455 3624 561 3677 tumen
571 3612 778 3700 opprobrium
791 3609 919 3698 AEgypti
930 3611 963 3674 in
973 3611 1163 3699 semetipsis,
1173 3636 1279 3702 oppro

242 3722 346 3786 hriunr
362 3731 578 3808 peccatorum.
595 3720 674 3799 Quis
690 3719 749 3784 erit
764 3716 872 3782 similis
883 3716 981 3791 Paulo
1000 3719 1096 3786 etium
1109 3723 1280 3788 secundum

279 3873 353 3922 ¹Jos.
368 3891 403 3934 rr,
419 3867 606 3934 redcat-o.
619 3890 651 3931 ιι,
664 3888 706 3933 19,
720 3888 759 3920 ro.
773 3899 801 3907 ·-
815 3868 928 3934 ⁸los-r,
945 3891 968 3936 9.
985 3902 1006 3910 -
1029 3869 1196 3938 ⁶1Cor.x,
1219 3881 1241 3936 q'.
