2748 4596
227 240 267 304 58
675 257 817 301 οιιιιιιιιιι

224 391 289 449 tem
308 401 416 448 coram
429 379 577 444 omnibus
595 399 706 465 argue,
725 388 759 440 ut
766 377 872 442 caeteri
888 389 1011 444 metum
1021 376 1174 452 habeant,
1191 386 1247 440 aet
1354 379 1355 384 ’

222 489 360 554 iterum:
380 485 540 553 «Auferte
563 483 683 550 malum
701 507 741 549 ex
763 484 852 550 vobis
874 483 979 573 ipsis¹.
997 511 1010 546 ι
1025 484 1091 552 Nec
1108 483 1172 550 zelo
1194 485 1245 553 llei

222 596 366 663 succensi
382 594 546 660 imitantur
562 591 748 681 Apostolum
768 592 929 658 dicentem
945 617 952 658 :
976 593 1131 660 «Tradidi
1143 593 1245 682 hujus-

221 704 329 770 »modi
341 701 505 768 bominem
515 703 639 768 Satanae
655 700 688 766 in
700 701 864 766 interitum
876 701 1000 777 carnis,
1015 713 1049 765 ut
1065 703 1188 791 spiritus
1194 703 1245 770 aal-

221 835 299 876 »vus
316 808 402 876 liat².
421 838 434 871 ι
456 809 563 896 Neque
581 807 660 874 illud
675 807 892 897 evangelicum
908 806 1041 896 implere
1058 810 1199 884 student,
1214 824 1245 878 ut

170 943 179 962 ι
219 919 392 986 si-viderint
401 918 718 1007 peccantem,primo
726 929 847 983 secrete
856 919 1064 995 conveniant,
1077 931 1147 1006 post
1157 920 1244 988 adan

221 1029 345 1094 duobus
362 1024 409 1092 vel
431 1027 531 1092 tribua
554 1025 690 1092 arbitris.
714 1025 852 1105 Quodsi
873 1027 1120 1114 contempserit,
1137 1040 1246 1115 etpost

114 1200 119 1212 ,
220 1135 368 1202 Ecclesiae
389 1136 622 1224 correptionem
643 1157 708 1200 non
721 1132 816 1199 luerit
832 1134 1038 1210 emendatus,
1054 1135 1095 1200 de
1112 1135 1245 1203 Ecclesia

218 1243 383 1333 expulsum
399 1242 485 1308 velut
500 1241 651 1331 gentilem
666 1243 805 1309 habeant
822 1265 860 1308 ac
878 1241 1100 1308 Publicanum.
1119 1244 1161 1308 Ea
1176 1245 1246 1310 dum

218 1353 273 1417 uni
285 1361 441 1440 parcunt,
457 1351 611 1416 universae
622 1349 771 1416 Ecclesiae
787 1349 964 1414 moliuntur
978 1351 1153 1416 interitum.
1172 1353 1247 1432 Quat

216 1461 274 1525 ista
297 1460 420 1526 bonitus
435 1458 450 1524 l
468 1481 537 1546 quoa
557 1459 615 1522 ista
637 1455 853 1523 misericordia
872 1468 920 1521 ast
941 1505 951 1532 ,
972 1457 1026 1522 uni
1047 1480 1197 1546 parcere,
1217 1473 1248 1526 et

105 1573 109 1584 '
216 1591 326 1635 omnes
341 1568 374 1632 in
387 1564 743 1639 discrimenadducere?
753 1561 1005 1634 Polluiturenim
1015 1583 1055 1658 eu²
1065 1587 1132 1630 uno
1143 1589 1248 1654 pecca-

215 1673 441 1764 torevpopulns.
460 1673 550 1739 Sicut
564 1696 603 1738 es
615 1697 677 1738 una
692 1695 750 1738 ote
769 1672 914 1738 morbida
929 1695 1005 1760 grex
1023 1673 1188 1738 universus
1199 1675 1248 1740 in·

121 1849 124 1854 .
216 1785 341 1858 ficitur,
354 1784 399 1847 sic
413 1782 509 1848 etiam
520 1805 585 1846 uno
597 1779 647 1848 rel
662 1779 855 1856 fornicante,
869 1779 918 1846 vel
932 1779 1015 1846 aliud
1026 1781 1244 1870 quodcumque

145 1961 153 1983 .
216 1886 343 1954 sceleris
356 1887 595 1961 committente,
609 1883 703 1974 plebs
719 1884 862 1950 universa
876 1883 1038 1973 polluitur.
1053 1886 1244 1956 Etjdeoob-

216 2009 376 2061 servemus
392 2016 450 2057 uos
466 1993 619 2069 invicem,
643 2003 676 2057 et
691 1992 941 2080 uniuscujusque
956 1995 1157 2060 conversatio
1180 2008 1249 2061 nota

215 2105 273 2177 sit,
294 2102 431 2168 maxime
449 2100 665 2166 sacerdotibus
680 2111 712 2163 et
729 2100 890 2166 ministris.
910 2100 976 2166 Nec
986 2113 1100 2189 putent
1116 2125 1151 2167 se
1166 2083 1254 2170 recte

217 2211 339 2285 dicere,
357 2208 434 2297 quid
449 2208 512 2273 boc
528 2207 567 2272 ad
582 2229 633 2272 me
651 2218 772 2294 spectat
786 2207 812 2271 si
825 2206 904 2272 alius
919 2207 1003 2274 male
1022 2208 1105 2301 agiti'
1122 2210 1196 2276 Hoc
1209 2223 1255 2275 eat

151 2375 159 2402 ,
217 2320 321 2386 dicere
339 2328 434 2404 caput
446 2316 484 2380 ud
502 2315 623 2404 pedes,
643 2313 721 2400 quid
742 2313 782 2380 ad
801 2337 853 2379 me
868 2315 1005 2402 pertinet
1026 2317 1051 2380 si
1068 2314 1205 2382 dolenti
1223 2319 1255 2385 si

216 2426 299 2494 male
314 2425 434 2492 babent
444 2423 540 2512 pedes
551 2423 614 2488 mei
625 2471 634 2497 ,
647 2445 711 2488 non
723 2445 794 2488 mea
805 2422 954 2498 interest,
971 2424 1147 2494 dummodo
1159 2439 1258 2514 caput

216 2536 248 2600 in
261 2534 392 2600 sanitate
404 2532 564 2620 perduret.
576 2531 641 2598 Aut
656 2530 681 2594 si
695 2529 779 2595 dicat
788 2527 899 2596 oculus
914 2531 1039 2606 manui,
1053 2555 1120 2597 non
1130 2534 1259 2624 indigeo

217 2662 311 2729 opera
329 2651 398 2712 tua,
420 2637 496 2724 quid
513 2635 552 2700 ad
575 2657 627 2700 mc
642 2634 779 2722 pertinet
796 2635 821 2699 si
836 2633 952 2700 doles?
967 2636 1001 2702 Si
1019 2635 1191 2706 vulnerata
1204 2641 1261 2706 esi

217 2733 378 2832 Numquid
397 2767 456 2832 ego
475 2741 587 2809 oculus
608 2742 825 2808 conturbabor
848 2765 888 2808 ex
908 2743 1093 2832 aegritudine
1115 2749 1261 2824 manus?

217 2853 294 2920 Tale
308 2877 383 2941 ergo
395 2863 442 2916 est
457 2849 545 2939 quod
562 2861 659 2938 agunt
674 2851 694 2914 ii
713 2850 767 2938 qui
783 2848 931 2921 Ecclesiia
947 2863 1106 2938 presunt,
1119 2877 1191 2920 non
1211 2879 1264 2921 co-

217 2963 350 3050 gitantes
373 2959 446 3046 quia
470 2978 570 3028 unum
588 2979 703 3045 corpus
724 2980 833 3022 sumus
860 2959 1044 3046 omnesqui
1070 2961 1266 3038 credimus,

219 3091 319 3134 unum
338 3069 441 3132 Deum
464 3067 639 3141 babentes,
660 3064 792 3152 quinos
813 3065 845 3130 iu
871 3066 991 3144 unitate
1013 3069 1213 3158 constringit
1233 3083 1268 3134 et

218 3176 378 3249 continet,
396 3173 579 3249 Christum,
597 3174 691 3260 cujus
706 3161 847 3261 corporis
866 3173 972 3261 tuqui
989 3173 1140 3240 Ecclesiae
1152 3179 1270 3264 maasi-

219 3282 290 3357 des,
307 3279 418 3346 oculus
434 3303 487 3356 es,
504 3291 671 3368 propteroa
691 3279 799 3365 utique
824 3289 858 3343 ut
873 3279 978 3355 omnia
994 3279 1269 3369 circumspicias,

218 3389 325 3454 omnia
343 3386 598 3463 circumlustres,
615 3386 712 3452 etiam
733 3397 864 3450 ventura
883 3387 1064 3474 praevideas,
1078 3389 1272 3468 Pastoree.

218 3497 304 3564 vides
320 3494 458 3562 oviculas
473 3495 602 3561 Domini
617 3496 740 3583 ignaras
758 3492 890 3582 periculi
911 3494 987 3560 ferri
1003 3495 1044 3562 ad
1059 3500 1270 3587 praecipitin‘,

217 3617 249 3670 et
267 3628 325 3694 per
337 3595 494 3693 praerupta
509 3601 667 3690 pendere,
682 3625 747 3667 non
766 3602 931 3667 occurris?
947 3623 1011 3667 uon
1024 3607 1187 3670 revocas?
1201 3629 1274 3671 non

217 3712 327 3779 saltem
339 3735 417 3778 voce
432 3711 582 3784 cohibes,
599 3721 631 3775 et
643 3709 850 3797 correptionis
867 3709 1005 3788 clamore
1020 3711 1196 3788 deterres?
1214 3715 1273 3786 Sic

253 3853 263 3898 ¹·
277 3872 286 3904 1
304 3853 364 3906 Cor.
379 3871 402 3908 ι,
415 3855 455 3914 ι3.
468 3851 596 3902 -21hid.
608 3850 632 3902 3.

1151 3943 1174 3988 δ
