2734 4594
239 237 300 302 roo
486 263 488 266 ·
684 255 829 300 careatus

233 377 354 454 Arabs,
371 377 436 442 sive
449 375 613 442 extrarius.
628 375 789 442 Extrarius
799 375 916 466 quippe
929 400 945 441 a
957 377 1026 442 Deo
1032 389 1078 442 est
1086 349 1270 466 quinonte-

234 496 289 560 net
299 484 498 573 disciplinam
510 533 519 562 ,
532 483 586 571 qui
601 481 839 572 delinquentem
850 483 952 550 filium
964 507 1029 550 non
1044 487 1193 574 castigat,
1207 510 1271 552 non

233 596 382 684 corripit,
403 607 440 659 ut
457 589 628 659 emendet:
646 594 700 682 qui
716 591 859 683 indulget
873 595 975 671 vitiis,
996 595 1050 682 qui
1070 595 1186 664 delicta
1206 620 1275 664 non

233 697 347 793 punit,
361 703 442 766 sicut
454 713 486 766 et
498 699 667 789 Apostolus
682 701 760 768 dicit
774 725 782 766 :
802 702 923 782 «Quod
935 703 959 767 si
973 715 1062 768 extra
1073 702 1271 792 disciplinam

235 810 350 884 sestis,
366 808 459 897 cujus
474 807 641 897 participes
656 808 731 873 faeti
747 819 821 874 sunt
836 832 967 886 omnes,
987 833 1064 898 ergo
1083 809 1271 887 adulterini,

234 928 288 983 »et
303 940 370 982 non
389 915 444 981 lilii
460 913 567 980 estie¹.
584 941 597 975 ι
613 916 675 980 lste
697 927 745 980 ast
765 939 841 1005 ergo
862 915 951 994 Heli,
975 917 1030 1005 qui
1051 930 1186 1006 propter
1205 918 1271 986 hec

233 1025 364 1113 punitur
376 1048 394 1089 a
405 1023 483 1088 Deo.
498 1021 669 1089 Videamus
680 1034 786 1089 autem
803 1024 856 1112 qui
872 1037 945 1090 sunt
961 1036 994 1090 et
1008 1023 1064 1090 lilii
1079 1027 1161 1114 ejus.
1178 1025 1269 1102 Olni,

231 1132 355 1220 inquit,
371 1143 404 1196 et
418 1131 543 1198 Finees.
566 1131 798 1220 Interpretatur
813 1144 920 1198 autem
939 1132 1014 1198 Olni
1030 1155 1179 1200 excessus
1194 1158 1272 1200 con-

230 1239 392 1304 versionis.
408 1239 455 1324 De
467 1239 618 1305 Fenenna
631 1250 737 1304 autem
749 1237 844 1327 paulo
861 1252 933 1304 ante
945 1239 1081 1306 diximus
1092 1241 1181 1330 quod
1193 1254 1273 1307 esset

230 1347 394 1414 conversio
418 1371 426 1412 τ
450 1345 505 1413 hic
528 1357 635 1412 autem
658 1345 712 1434 qui
735 1347 879 1423 excedit,
902 1357 934 1412 et
954 1345 1049 1437 longe
1071 1348 1212 1415 efficitur
1233 1351 1271 1414 ab

230 1455 472 1530 emendatione,
495 1475 554 1519 nec
574 1453 717 1519 converti
738 1451 805 1519 rult
827 1453 867 1520 ad
886 1455 1081 1531 Dominum,
1102 1468 1271 1545 propterca

230 1562 345 1651 impius
357 1572 533 1651 permanet.
549 1559 658 1626 Sedet
669 1560 863 1649 quicumque
875 1559 927 1626 ille
940 1575 1006 1638 est,
1020 1585 1117 1651 quem
1129 1564 1273 1630 videmus

231 1680 302 1758 post
316 1679 486 1756 peccatum
503 1691 566 1732 non
586 1667 725 1734 converti
742 1666 782 1733 ad
797 1667 990 1744 Dominum,
1006 1681 1039 1734 et
1054 1693 1149 1760 agere
1169 1673 1273 1760 poeni·

153 1795 154 1800 ’
232 1777 383 1851 tentiam,
402 1797 463 1840 nec
481 1774 622 1862 recipere
636 1775 786 1840 meritum
802 1775 900 1840 futuri
914 1775 1047 1863 judicii,
1064 1789 1097 1842 et
1115 1779 1206 1844 verbi
1225 1779 1272 1843 di-
1362 1859 1363 1864 ἵ

230 1882 294 1948 vini
309 1881 518 1970 praecipientis
534 1903 541 1944 :
561 1908 574 1941 r
590 1879 741 1968 Nunquid
756 1882 811 1970 qui
827 1881 930 1958 cadit,
947 1904 1012 1947 non
1029 1883 1159 1972 adjiciet
1175 1898 1211 1949 ut
1224 1909 1270 1951 re·
1361 1915 1363 1960 l

229 1987 382 2076 »surgati
396 1987 462 2054 Aut
476 1987 529 2074 qui
546 2008 714 2052 conversus
730 2000 797 2063 est,
814 2011 878 2053 non
894 1990 1096 2080 revertetur?
1109 2019 1123 2052 ι
1136 2003 1221 2056 reete
1235 2006 1268 2056 et

230 2095 270 2160 de
289 2096 357 2183 ipso
376 2093 511 2159 dicimus
532 2091 606 2182 quia
624 2094 664 2157 sit
681 2093 778 2168 Olni,
793 2106 826 2158 et
839 2093 995 2161 excedens
1016 2118 1034 2160 a
1049 2098 1256 2162 conversione.

229 2202 294 2269 sed
316 2212 349 2266 et
370 2199 448 2266 alius
471 2199 553 2264 lilius
577 2199 646 2287 ejus
669 2198 786 2264 dicitur
807 2198 930 2268 Finees.
957 2202 1045 2269 Duos
1070 2204 1206 2268 norimus
1225 2203 1261 2267 in

230 2309 401 2398 Scripturis
424 2308 486 2373 hoc
509 2307 638 2372 nomine
662 2304 853 2395 appellatos,
880 2306 1012 2375 Fineem
1034 2307 1270 2400 illuminatum

229 2417 335 2485 Aaron
352 2414 472 2490 filium,
488 2426 521 2478 et
535 2411 623 2479 hunc
636 2413 791 2501 injustum
807 2412 908 2481 lilium
922 2415 1003 2482 Heli.
1023 2416 1115 2483 Unde
1130 2430 1163 2482 et
1179 2442 1273 2484 conr-

228 2535 373 2614 petenter
398 2522 476 2588 duas
498 2520 593 2607 hujus
617 2521 753 2587 nominis
775 2519 1050 2610 interpretationes
1076 2525 1270 2592 invenimus.

229 2631 392 2722 Significat
404 2629 489 2694 enim
500 2627 613 2693 Finees
629 2628 661 2692 in
678 2625 783 2718 lingua
798 2642 925 2708 nostra,
942 2631 1004 2696 oris
1021 2633 1210 2710 obturatio,
1226 2633 1275 2699 rel

230 2741 276 2808 ori
295 2759 439 2828 parcens.
463 2737 617 2802 Peccator
633 2758 709 2824 ergo
726 2748 758 2801 et
776 2738 830 2824 qui
847 2737 995 2804 duritiam
1013 2739 1217 2816 nonhabet,
1237 2741 1276 2807 ad

229 2845 423 2935 loquendum
439 2843 622 2910 obturatum
637 2843 734 2908 habet
746 2866 781 2908 os
796 2868 804 2909 :
818 2845 921 2932 justus
936 2867 1010 2911 vero
1022 2847 1125 2934 parcit
1137 2849 1191 2913 ori
1203 2872 1273 2914 suo.

229 2954 392 3040 Hodieque
407 2953 439 3016 in
455 2949 672 3016 sacerdotibus
688 2949 814 3016 Domini
831 2949 969 3016 habetur
982 2965 1117 3040 uterque
1134 2955 1275 3031 Finees,

229 3061 366 3128 habetur
378 3071 410 3124 et
425 3057 568 3132 Eleazar,
585 3056 639 3144 qui
654 3057 687 3121 in
703 3057 874 3146 Scripturis
889 3061 1011 3147 primus
1025 3061 1200 3150 episcopus
1215 3087 1277 3128 no-

230 3169 367 3236 minatus
382 3177 448 3242 est,
464 3165 546 3230 sieut
561 3163 594 3229 in
609 3163 755 3230 Numeris
771 3165 925 3253 scriptum
941 3178 999 3231 est.
1018 3167 1100 3233 Sunt
1117 3191 1199 3260 ergo
1214 3169 1277 3236 lro-

231 3275 345 3363 dieque
356 3275 388 3340 in
403 3271 620 3339 sacerdotibus
631 3271 825 3360 quicumque
840 3285 977 3361 parcunt
992 3273 1040 3339 ori
1054 3297 1136 3351 suo,
1151 3289 1188 3342 et
1203 3300 1277 3343 orn-

143 3365 144 3368 *
231 3382 279 3447 nis
298 3403 402 3447 sermo
422 3377 524 3447 malus
543 3401 743 3467 nequaquam
758 3378 799 3444 de
814 3401 868 3445 ore
885 3403 996 3447 eorum
1011 3383 1170 3469 procedit.
1192 3385 1279 3452 Sunt

230 3489 410 3555 sacerdotes
423 3511 461 3552 ex
472 3509 609 3574 quorum
621 3509 676 3552 ore
687 3484 811 3553 nullum
826 3487 1028 3564 scandalum,
1045 3487 1172 3556 nullum
1184 3514 1277 3556 men·
1362 3505 1363 3508 ’

230 3593 378 3669 dacium,
401 3587 506 3657 nullus
529 3587 639 3666 dolus,
662 3613 765 3678 neque
783 3588 900 3657 falsitas
920 3590 983 3657 ulla
1001 3593 1221 3682 depromitur,
1242 3608 1277 3660 et
1362 3631 1363 3636 κ

231 3700 282 3766 isti
293 3700 408 3766 merito
419 3696 533 3764 Finees
547 3695 591 3762 illi
606 3697 711 3764 Aaron
727 3696 792 3764 filio
807 3712 1043 3788 comparantur.
1063 3703 1145 3767 Sunt
1162 3713 1277 3769 auten
1362 3785 1363 3788 Ἴ

255 3853 257 3856 ’
269 3847 277 3880 ¹
288 3845 363 3895 liebr.
373 3859 427 3906 ιιι,
439 3841 464 3893 8.

1361 3651 1363 3724 l

1360 3819 1363 3924 l

1358 4125 1363 4264 r
