2682 4594
254 274 314 358 178
699 295 841 342 cursans

248 414 327 492 lem,
349 442 361 476 s
382 416 422 482 Et
450 416 621 504 procubuit
648 418 680 482 in
705 416 819 483 faciem
844 439 935 482 suam
961 439 1055 505 super
1080 430 1200 492 terram,
1228 429 1257 482 et

249 523 411 589 »adoravit
425 522 447 587 ¹.
465 551 478 583 s
493 524 613 593 Rursus
625 525 702 590 item
717 523 890 613 Scripturas
902 537 1014 592 auctor
1028 549 1036 589 :
1054 553 1067 586 r
1081 527 1122 591 Et
1130 525 1197 590 dixit
1208 525 1258 591 Sa-

248 629 408 696 »muclad
426 629 574 696 Saiilem:
594 630 635 695 Ut
651 631 727 718 quid
743 632 935 720 perturbasti
949 631 1155 699 metaciendo
1165 655 1258 698 ascen-

246 739 367 805 »derei'
385 737 495 814 Dixit,
512 765 525 800 s
545 739 648 826 inquit
668 739 851 827 Scriptura,
877 741 943 828 jam
960 741 1093 806 credere
1109 765 1179 830 opus
1198 753 1256 807 est:

254 846 366 912 «Dixit
378 844 505 911 Samuel
520 869 528 910 :
545 846 585 912 Ut
599 847 677 935 quid
688 847 720 912 in
732 847 813 914 iram
827 848 969 914 excitasti
981 871 1052 924 me,
1070 849 1204 915 faciendo
1215 873 1258 916 me

244 953 461 1019 »ascenderet
482 953 689 1042 »Respondet
709 937 824 1020 deinde
838 953 933 1021 saut:
957 983 970 1016 ι
987 954 1087 1023 Valde
1102 955 1259 1046 alienigene
1285 978 1290 986 ·

213 1070 218 1078 '
243 1077 406 1155 »pugnant
417 1066 450 1130 in
468 1087 536 1139 me;
553 1077 587 1131 et
602 1065 687 1132 Deus
703 1065 846 1132 discessit
864 1091 881 1132 a
902 1091 971 1143 me,
989 1080 1023 1133 et
1039 1090 1106 1134 non
1119 1069 1261 1158 respondit

243 1173 343 1240 »mihi
361 1171 465 1248 ultra,
484 1169 558 1238 licet
575 1172 678 1262 ipsum
700 1173 734 1238 in
754 1174 902 1240 manibus
922 1175 1152 1263 Prophetarum
1166 1227 1175 1252 ,
1191 1178 1261 1242 etin
1334 1239 1335 1274 ,

241 1281 391 1346 »somniis
405 1280 636 1356 invocaverint,
649 1280 689 1346 ad
704 1281 936 1348 notificandum
948 1281 1027 1346 mihi
1036 1281 1115 1368 quid
1129 1283 1256 1350 faciam..
1334 1281 1335 1284 ’

240 1390 361 1454 lterum
372 1387 553 1475 Scriptura,
566 1385 713 1472 oecalius
730 1387 819 1464 dixit,
836 1389 940 1477 ipsum
951 1387 1133 1455 Samuelem
1145 1391 1260 1458 dixisse:
1334 1417 1335 1434 ¹

246 1526 259 1559 α
275 1497 318 1562 llt
327 1495 404 1584 quid
418 1495 592 1582 interrogas
606 1494 681 1562 mel
695 1496 736 1560 Et
746 1495 1058 1563 Dominusdiscessit
1073 1521 1091 1561 a
1105 1510 1155 1574 te,
1167 1511 1198 1564 et
1210 1500 1263 1568 lac

237 1619 311 1672 atus
326 1617 374 1670 est
387 1616 498 1672 contra
511 1615 563 1680 te,
582 1616 615 1668 et
628 1603 705 1670 lecit
723 1602 819 1670 abum
837 1605 915 1679 sibi,
931 1605 1014 1670 sicut
1030 1603 1157 1672 locutus
1175 1608 1261 1674 estin

233 1735 353 1780 »manu
366 1735 447 1778 mea.
465 1712 507 1776 Et
520 1711 685 1777 abscindet
700 1733 835 1800 regnum
850 1711 891 1777 de
906 1735 1005 1778 manu
1019 1712 1109 1778 tua².
1125 1743 1139 1776 ι
1155 1715 1264 1782 Demo

235 1822 325 1886 nium
346 1820 386 1885 de
401 1816 574 1884 Israelitico
597 1841 695 1907 regno
711 1819 917 1886 'vaticinatur
936 1820 1024 1900 Quid
1044 1821 1087 1887 ad
1109 1821 1200 1900 baec,
1217 1824 1263 1912 qni

235 1927 431 1995 contrarium
443 1925 607 1992 asserunt?
618 1925 739 1993 Videtis
753 1927 915 2015 qarodnam
931 1938 1096 1994 certamen
1107 1931 1147 1995 sit
1160 1932 1191 1996 in
1206 1955 1264 1996 rer

233 2037 282 2102 bis
298 2034 444 2109 Domini,
461 2057 530 2122 quae
543 2033 741 2101 auditoribus
752 2035 914 2123 indigent,
930 2035 985 2124 qui
1001 2059 1135 2126 magna,
1150 2051 1179 2102 et
1190 2038 1263 2102 ines·

234 2142 340 2210 labilia
355 2131 476 2230 possint
492 2139 667 2229 intelligere
682 2142 722 2206 de
736 2141 823 2206 exitu
837 2165 877 2207 ex
890 2141 951 2208 hac
968 2143 1053 2220 vita,
1079 2166 1144 2210 cum
1159 2144 1259 2232 prima

232 2253 266 2318 in
277 2251 412 2318 dubium
429 2261 707 2316 controvertantur
718 2299 728 2325 ,
739 2262 772 2315 et
788 2250 927 2317 secunda
942 2251 1111 2318 manifesta
1119 2276 1182 2318 non
1190 2253 1263 2318 siut.

231 2361 297 2428 Sed
317 2381 420 2426 sermo
440 2358 546 2426 adbuc
565 2359 598 2424 in
620 2358 764 2424 examine
785 2371 843 2424 est.
867 2359 948 2426 Dico
967 2381 1044 2427 vero
1061 2364 1270 2430 necessariam

230 2492 299 2534 esse
318 2479 350 2533 et
364 2466 549 2542 historiam,
565 2476 598 2531 et
613 2464 695 2531 illius
713 2489 865 2542 examen,
882 2467 1011 2554 utquid
1028 2491 1098 2533 nos.
1110 2484 1188 2558 post
1206 2473 1273 2538 ritas

228 2577 325 2667 hujus
343 2576 462 2642 exitum
477 2587 639 2662 expectat,
659 2573 829 2640 videamus.
854 2576 1021 2642 «Locutus
1039 2587 1089 2641 est
1111 2578 1151 2642 in
1179 2603 1274 2646 manu

228 2708 339 2759 amaa,
352 2695 384 2748 et
397 2681 562 2749 abscindet
575 2682 730 2747 Dominus
742 2705 877 2770 regnum
889 2682 929 2748 de
940 2707 1038 2749 mano
1053 2697 1125 2761 tus,
1140 2700 1176 2752 et
1193 2689 1274 2754 dabit

227 2792 329 2859 sillud
343 2790 488 2881 proximo
503 2800 558 2853 tuo
570 2789 682 2855 David.
695 2817 709 2850 s
724 2788 924 2855 Daemonium
936 2813 1011 2856 vero
1022 2815 1168 2880 regnum
1179 2795 1279 2862 David

227 2902 337 2988 nequit
360 2899 479 2965 habere
498 2908 724 2985 compertum,
751 2898 839 2984 quod
861 2921 878 2962 a
904 2897 972 2964 Deo
995 2899 1173 2968 decretum
1203 2917 1280 2970 erat.

228 3002 370 3086 Quidni?
390 3002 503 3070 Nonne
517 3021 630 3067 vocem
646 3000 774 3066 Domini
790 3000 992 3068 intellexisti?
1014 3003 1122 3071 «Non
1139 3008 1227 3074 fecit
1244 3012 1284 3074 in

227 3110 463 3200 »dignationem
475 3109 529 3174 irae
541 3130 625 3183 suas,
639 3107 672 3171 in
683 3106 868 3172 Amalec⁸.»
882 3109 994 3175 Nonne
1006 3109 1077 3176 baec
1087 3127 1174 3179 sunt
1187 3117 1286 3182 verba

227 3216 378 3285 Domini?
395 3217 506 3283 Nonne
531 3238 603 3281 vera
623 3214 720 3279 sunt?
741 3213 825 3280 Vere
844 3216 973 3302 quidem
993 3215 1213 3290 voluntatem
1231 3226 1290 3291 Do

226 3326 304 3393 mini
325 3321 400 3390 Saul
423 3335 574 3389 executus
598 3345 662 3387 non
686 3333 733 3386 est
761 3345 769 3386 ε
795 3323 851 3387 sed
878 3345 985 3412 regem
1007 3323 1151 3395 Amalec
1175 3333 1293 3396 vivum

150 3415 158 3432 ’
228 3432 451 3505 conservabat,
473 3440 713 3518 propterquam
734 3439 768 3492 et
785 3441 957 3518 antequam
978 3431 1196 3520 quiesceret,
1211 3451 1248 3503 et
1264 3439 1295 3501 in

227 3543 313 3609 exitu
328 3542 398 3628 ipso
413 3535 541 3603 Samuel
557 3534 644 3603 sauli
660 3537 862 3625 exprobrarit
876 3560 884 3602 ε
900 3539 962 3604 «Et
978 3552 1117 3628 propter
1133 3545 1214 3612 hoc
1230 3569 1300 3610 m

226 3656 327 3720 »bum
352 3649 414 3714 hoe
435 3647 510 3712 lecit
527 3645 681 3711 Dominus
704 3645 737 3710 in
758 3645 808 3710 die
828 3645 899 3713 hac.
923 3647 964 3714 Et
984 3649 1091 3715 tradet
1119 3651 1303 3720 Dominus

173 3837 175 3842 ,
228 3761 354 3850 »ipsum
370 3750 465 3819 lsre'e'l
483 3752 516 3817 in
530 3776 628 3818 manu
646 3750 926 3842 alienigenarum⁴.
947 3781 959 3819 s
979 3754 1026 3820 De
1047 3759 1226 3826 universo
1243 3762 1305 3828 Dei

264 3899 677 3972 t1ng.xxvrn‚rt.-²1bid.
693 3902 935 3965 16,17.-³1btd.
951 3901 1189 3974 rs.-⁸1‹t.xv,
1206 3911 1261 3961 28.
