2682 4594
356 258 387 300 ll(
412 256 552 302 rstttttffl
575 257 666 301 xxxvl
691 258 764 301 tion.
792 259 838 301 111.
954 291 963 306 .,
1052 253 1115 316 229

124 382 164 448 X.
188 381 256 447 «Et
268 403 331 446 non
350 381 584 448 contundentur
600 381 632 445 in
648 393 792 469 tempore
807 378 949 446 malo¹.1›
965 378 1032 446 Soli
1043 379 1117 466 justi

85 515 141 556 non
156 490 391 556 confundentur
405 492 439 554 in
455 503 599 578 tempore
612 489 706 554 malo.
722 491 861 577 Tempus
878 502 985 553 autern
997 486 1118 557 malum

86 599 132 663 hio
147 612 270 686 tempus
281 597 392 685 judicii
404 599 566 673 nominat,
580 610 711 685 propter
721 597 961 661 multitudinem
975 606 1120 683 peceato·

87 729 169 781 rum,
185 717 217 770 et
233 727 344 769 eorum
361 727 440 791 quos
458 729 537 770 saeva
556 689 715 787 tormenta
733 704 915 792 suscipient.
934 702 1025 767 Tunc
1043 726 1118 790 ergo

88 815 116 878 in
130 825 272 900 tempore
282 813 523 878 resurrectionis
538 836 613 878 cum
631 835 740 878 omnes
756 811 1003 886 resurrexerint,
1017 820 1049 874 et
1067 808 1118 874 alii

87 931 244 1008 resurgent
262 920 297 1012 in
312 920 408 984 vitam
423 931 594 994 aeternam,
608 918 659 985 alii
670 921 702 985 in
715 920 933 985 confusionem
950 930 1117 992 aeternam,

89 1028 314 1118 tunc,inquit,
331 1027 406 1113 justi
427 1049 492 1092 non
518 1026 776 1102 confundentur,
800 1027 873 1113 quia
896 1024 974 1090 nihil
990 1025 1120 1112 dignum

87 1133 267 1201 confusione
283 1135 443 1198 incorum
459 1133 582 1198 actibus
595 1134 783 1199 invenietur.
804 1133 900 1199 Addit
918 1143 1042 1196 autem:
1060 1133 1121 1195 «Et

88 1244 137 1306 »in
154 1242 265 1307 diebus
282 1241 372 1306 samis
388 1241 673 1305 saturabuntur².r
695 1242 924 1327 lnquirendum
948 1241 1051 1326 primo
1073 1248 1121 1304 est
1175 1301 1177 1308 ,

88 1349 139 1436 qui
151 1349 214 1412 sint
228 1349 295 1413 dies
309 1348 409 1413 lamis.
429 1349 651 1414 Comminatur
665 1349 698 1414 iu
713 1350 854 1436 quodam
870 1347 940 1412 loco
957 1348 1042 1410 Deus
1061 1369 1118 1434 per

88 1455 297 1542 Prophetam,
314 1467 345 1518 et
362 1455 455 1521 dicit:
475 1482 487 1514 «
504 1457 587 1522 Ecce
604 1455 670 1520 dies
686 1459 835 1531 veniunt,
852 1455 928 1520 dicit
946 1455 1118 1525 Dominus,

90 1574 141 1626 »et
152 1562 321 1628 immittam
336 1562 450 1628 samem
467 1587 561 1650 super
576 1575 713 1637 terram,
730 1587 795 1629 non
810 1562 927 1628 samem
940 1563 1048 1649 panis,
1068 1585 1121 1627 ne-

87 1693 170 1758 aque
187 1671 271 1734 sitim
287 1693 374 1756 aquae
381 1683 392 1746 ‚'
409 1670 465 1734 sed
487 1671 601 1736 samem
621 1672 661 1736 ad
684 1671 877 1735 audiendum
900 1671 1031 1734 verbum
1048 1670 1117 1734 Dei.

85 1781 146 1843 ‚Et
161 1779 343 1844 circuibunt
359 1779 532 1844 oboriente
547 1803 645 1868 usque
657 1778 697 1846 ad
709 1779 926 1853 occidentem,
945 1789 978 1841 ut
990 1777 1121 1842 audiant

84 1887 240 1952 »verbum
255 1886 404 1961 Domini,
421 1899 452 1950 et
464 1910 529 1951 non
541 1885 731 1952 invenient³.
746 1915 758 1949 a
785 1887 840 1952 lsti
855 1897 928 1950 sunt
939 1907 1014 1973 ergo
1031 1884 1117 1960 dies,

83 2007 115 2058 et
130 1995 216 2059 istud
231 2006 279 2058 est
297 2006 420 2082 tempus
437 1995 544 2072 samis,
569 2019 643 2061 cum
665 2019 728 2060 non
747 2007 820 2059 sunt
843 1995 896 2080 qui
914 1995 1046 2060 verbum
1061 1991 1119 2057 Dei

83 2101 273 2191 loquantur,
291 2103 373 2167 sicut
389 2114 421 2166 et
437 2102 535 2167 fames
552 2121 637 2168 nunc
648 2114 696 2167 est
708 2103 792 2190 apud
803 2102 941 2166 Judaeos.
958 2101 1120 2186 Nusquam

83 2210 171 2275 euim
182 2209 367 2298 Prophetae,
383 2233 540 2296 nusquam
557 2210 697 2297 sopiens,
721 2232 876 2294 nusquam
898 2207 1037 2297 prudens
1060 2230 1121 2271 aes·-

86 2317 232 2393 timator,
244 2341 399 2406 nusquam
415 2318 718 2406 quinquagenarius,
738 2338 893 2404 nusquam
905 2315 1027 2402 sapiens
1039 2337 1120 2379 con-

82 2423 236 2501 siliarius,
249 2449 405 2512 nusquam
417 2425 593 2514 intelligens
610 2426 752 2502 auditor,
769 2425 874 2491 omnia
892 2422 1021 2490 abstulit
1035 2424 1132 2487 Deus

82 2557 101 2598 a
122 2531 232 2598 Judaea
251 2545 282 2598 et
295 2532 500 2599 Hierusalem.
524 2535 587 2600 Sed
599 2545 631 2598 et
647 2535 678 2598 in
699 2534 789 2598 nobis
809 2544 912 2598 metus
927 2544 975 2595 est
990 2531 1118 2619 ingens,

82 2662 126 2710 ne
146 2640 227 2706 sorte
252 2641 347 2707 etiam
370 2643 461 2706 nohis
482 2643 644 2720 immineat
667 2642 774 2709 sumes.
806 2642 896 2707 Sicut
912 2641 997 2705 enim
1020 2637 1064 2703 illi
1080 2639 1120 2704 de

81 2749 199 2832 quibus
218 2771 312 2836 supra
328 2748 483 2824 diximus,
498 2748 631 2837 legendo
644 2751 759 2838 Legem
775 2762 807 2814 et
821 2773 884 2814 non
908 2747 1052 2814 faciendo
1071 2748 1120 2811 in-

82 2869 253 2922 currerunt
269 2859 300 2922 in
315 2856 377 2923 hoc
394 2868 429 2921 ut
447 2859 530 2924 verbi
546 2858 604 2924 Dei
619 2859 736 2924 famem
751 2870 952 2946 paterentur,
965 2867 998 2920 et
1014 2855 1119 2920 aufer-

80 2975 196 3028 rentur
209 2966 250 3030 ab
264 2963 324 3028 illis
341 2965 444 3029 omnia
457 2965 514 3030 Dei
532 2966 614 3032 dona
626 2989 696 3052 quae
709 2990 801 3054 supra
815 2966 968 3038 diximus,
981 2976 1013 3028 et
1026 2987 1119 3030 man·
1146 2997 1149 3003 Δ

77 3068 195 3133 datum
213 3081 261 3134 est
280 3070 418 3134 nubibus
441 3069 625 3158 (Prophetis
649 3070 785 3159 scilicet)
808 3093 849 3136 ne
864 3067 1010 3157 pluerent
1025 3091 1119 3157 super

74 3201 137 3242 eos
153 3175 291 3266 pluviam
307 3179 395 3243 verbi
409 3179 487 3254 Dei,
505 3179 677 3250 verendum
690 3190 738 3244 est
753 3202 794 3244 ne
810 3178 870 3245 tale
883 3179 979 3243 etiam
992 3177 1121 3265 aliquod

74 3285 177 3350 nobis
191 3287 398 3374 correptionis
410 3286 580 3353 inducatur
597 3310 696 3375 genus
716 3311 723 3350 :
745 3288 801 3351 sed
820 3287 919 3374 magis
941 3285 1119 3352 efficiamur
1228 3303 1233 3311 ’

75 3417 150 3460 non
174 3395 329 3460 auditores
350 3397 440 3483 Legis
459 3408 602 3471 tantum,
625 3395 680 3460 sed
703 3407 734 3458 ot
755 3395 908 3470 factores,
935 3406 971 3458 ut
989 3395 1119 3460 mandet

69 3503 238 3568 Dominus
249 3504 389 3568 nubibus
400 3504 482 3578 suis,
499 3527 564 3569 non
575 3504 648 3579 uni,
662 3526 764 3590 neque
777 3503 918 3578 duabus,
939 3503 995 3567 sed
1017 3501 1118 3590 pluri-

66 3615 162 3687 bus,
179 3609 288 3698 pluere
304 3635 470 3700 supernos
488 3610 668 3700 pluviam⁴‚
689 3623 723 3675 ut
742 3612 774 3676 in
797 3610 937 3678 Ecclesia
952 3609 1118 3698 Prophetae

114 3771 334 3831 ¹Pmlm.xxxvx,
357 3785 396 3832 19.
413 3768 544 3818 -²tt›id.
561 3766 714 3818 —⁸Aruos.
734 3787 801 3832 vua,
829 3787 874 3831 rt,
902 3787 939 3820 ra.
957 3795 981 3802 -
1002 3764 1035 3814 ‘⁴1
1060 3765 1120 3815 Cor.

63 3877 123 3911 xxv
134 3894 140 3914 ,
152 3875 194 3923 ²9·
