2702 4610
374 289 557 364 rrt'nxouuu
580 321 709 366 acutula
734 325 805 366 rur.
1050 312 1109 392 147

64 439 299 529 nmparnmini,
313 438 390 504 dicit
403 439 580 516 Dominus,
595 441 647 528 qui
663 442 797 528 portatis
812 465 884 508 vasa
901 443 1039 510 Domini.
1054 449 1112 513 Ex*

64 580 77 612 ι
92 553 151 628 ite,
163 564 200 616 et
216 549 414 616 immundum
431 549 530 615 nolite
543 552 744 640 contingere;
760 565 792 618 et
804 576 863 641 ego
877 555 1028 643 recipiam
1042 580 1109 632 vos,

66 689 79 720 ι
95 672 130 726 et
140 685 202 726 ero
217 661 303 726 vobis
317 659 348 724 in
362 669 500 746 patrem,
515 671 548 724 et
562 683 617 724 vos
638 662 725 726 eritis
741 661 818 726 mihi
833 664 863 726 in
877 661 957 728 filios
973 675 1005 729 et
1017 665 1109 745 lilius,

70 797 84 829 ι
100 769 184 834 dicit
194 769 343 834 Dominus
354 769 558 858 omnipotens
568 767 590 833 ¹.
605 795 618 830 a
633 768 804 857 Propterea
816 794 891 858 ergo
903 772 997 838 dicit:
1011 802 1023 833 a
1039 775 1109 841 Non

75 861 199 943 »irunt
217 879 269 944 tibi
289 877 331 942 dii
347 878 400 944 alii
416 892 532 966 praeter
545 901 610 954 me,
632 902 692 944 uec
707 880 803 946 iacies
822 882 878 946 tibi
894 882 953 969 ipsi
973 883 1107 962 idolum,

74 1009 204 1074 »neque
218 986 454 1053 similitudinem
471 986 586 1060 ullam:
602 1012 813 1078 quincumque
828 979 860 1056 in
872 991 955 1058 coelo
973 1007 1059 1071 sunt,
1075 1009 1108 1062 et

73 1121 303 1185 ‚quamcumque
325 1099 358 1162 in
374 1107 471 1172 terra,
488 1109 521 1162 et
535 1119 605 1185 quae
629 1098 663 1162 in
678 1099 784 1186 aquis;
803 1123 868 1164 non
892 1102 1039 1169 adorabis
1054 1128 1104 1180 ca,

70 1235 81 1266 ι
103 1231 209 1295 neque
223 1206 311 1272 coles
326 1206 395 1273 ea².
412 1235 426 1268 ι

113 1317 210 1404 aEgo
221 1319 306 1381 enim
318 1339 387 1382 sum
399 1317 554 1384 Dominus
566 1317 650 1383 Deus
664 1331 748 1392 tuus,
762 1317 847 1384 Deus
859 1319 963 1386 zelans
972 1322 995 1387 ⁸.
1006 1323 1108 1390 »Vide

65 1423 302 1510 benignitatem
315 1423 575 1512 Dei‚·quomodo,
592 1437 627 1490 ut
639 1449 697 1491 nos
711 1427 826 1493 doceat
840 1439 873 1493 et
887 1431 1045 1517 perlectos
1060 1432 1108 1498 la-

72 1530 153 1604 ciat,
176 1531 245 1616 ipse
261 1529 450 1619 fragilitatem
467 1532 687 1599 humanorum
700 1557 763 1599 uon
779 1549 905 1600 recusat
920 1537 1103 1604 affectuum.

77 1639 160 1718 Quis
175 1639 257 1705 enim
274 1641 400 1706 audiens
416 1644 519 1707 Deum
537 1643 692 1709 zelantem
708 1667 773 1708 non
789 1646 942 1712 continuo
959 1649 1105 1724 miretur,

74 1761 106 1814 et
117 1749 263 1816 humanae
274 1750 454 1839 fragilitatis·
463 1751 574 1818 uitium
587 1754 701 1842 puteti’
713 1753 777 1818 Sed
789 1757 893 1822 omnia
907 1735 1039 1846 propter
1050 1783 1107 1826 nos

69 1861 181 1947 agitet
196 1861 316 1948 patitur
332 1863 430 1936 Deus,
446 1877 478 1928 et
494 1878 530 1929 ut
544 1864 701 1954 possimus
717 1864 857 1941 edoceri,
871 1869 953 1933 nutis
969 1881 1001 1934 et
1016 1872 1109 1935 usita-

65 1968 106 2032 tis
122 1967 294 2034 affectibus
315 1971 408 2035 nobis
430 1969 582 2059 loquitur.
602 1969 778 2038 Videamus
798 1995 874 2061 ergo
892 1976 1030 2062 quidest
1045 1977 1108 2044 hoc

64 2078 156 2162 quod
170 2078 260 2153 dicit,
275 2078 358 2158 Quia
378 2080 464 2146 Deus
476 2079 581 2146 zelans
595 2102 653 2167 ego
669 2101 751 2143 sum.
771 2077 835 2144 Sed
849 2092 882 2146 ut
894 2083 1104 2173 contemplari

66 2185 194 2252 lucilius
207 2190 325 2275 possint
341 2190 459 2266 divina,
473 2191 512 2254 de
524 2189 684 2264 humanis,
696 2187 872 2254 secuudum
884 2214 920 2256 ea
933 2216 1002 2279 quae
1015 2219 1105 2283 supeu

71 2295 143 2359 rius
165 2295 374 2373 disseruimus,
399 2300 572 2365 doceamur
594 2295 754 2386 exemplis.
781 2297 892 2363 Omnis
914 2300 1028 2367 mulier
1050 2316 1106 2368 aut

69 2406 135 2470 sula
155 2404 222 2470 viro
242 2417 287 2470 est
306 2419 336 2472 et
353 2409 498 2495 subjectu
515 2406 637 2496 legibus
652 2407 726 2479 viri;
751 2418 806 2470 aut
827 2409 978 2472 meretrix
996 2421 1056 2485 est,
1073 2423 1105 2475 ct

2 2492 3 2504 ,
63 2514 171 2578 utitur
188 2513 331 2580 libertate
347 2517 515 2605 peccandi.
531 2517 595 2597 Qui
613 2539 688 2604 ergo
707 2515 885 2604 ingreditur
902 2517 943 2581 ad
958 2520 1104 2582 meretri-

57 2647 148 2698 cem,
158 2624 220 2689 scit
231 2647 265 2688 se
277 2625 317 2689 ed
327 2649 399 2692 eam
411 2627 587 2714 ingressum
599 2647 666 2690 esse
679 2622 845 2688 mulierem
854 2647 924 2711 quae
936 2627 1104 2713 prostituta

55 2745 121 2809 est,
140 2746 174 2796 et
190 2735 317 2800 cunctis
330 2733 507 2800 volentibus
523 2747 625 2823 patet:
641 2747 673 2798 et
692 2733 846 2822 indignari
863 2757 927 2799 non
946 2743 1063 2823 p'otest,
1079 2739 1104 2802 si

55 2865 137 2908 cum
152 2865 191 2906 ca
205 2843 303 2907 etiam
319 2841 395 2908 alios
407 2845 492 2910 videt
508 2857 673 2910 amatores.
692 2843 755 2922 Qui
768 2865 845 2906 vero
853 2840 994 2932 legitimo
1006 2846 1106 2912 utitur

55 2953 282 3028 matrimonio,
305 2977 369 3018 non
391 2956 509 3042 patitur
532 2955 577 3018 uti
601 2976 732 3018 uxorem
753 2953 907 3040 peccandi
935 2969 1104 3043 potestate,

55 3062 111 3126 sed
137 3062 332 3127 accenditur
346 3061 415 3126 zelo
437 3064 477 3128 ad
498 3063 676 3129 castitatem
698 3063 893 3128 matrimonii
914 3087 1105 3134 conservan-

56 3170 143 3249 dam,
159 3195 230 3260 quo
243 3171 344 3260 possit
354 3195 394 3236 ex
408 3195 444 3236 ea
456 3171 525 3238 lieri
537 3170 696 3260 legitimus
711 3182 811 3258 puter.
827 3173 896 3238 lloc
911 3197 986 3263 ergo
998 3199 1106 3244 exem=

56 3279 109 3368 plo
130 3279 353 3369 intelligamus
368 3303 496 3346 omnem
511 3281 650 3346 enimam
665 3291 720 3344 aut
736 3281 937 3367 prostitutam
954 3305 1022 3352 esse
1043 3287 1116 3354 dae·-

60 3389 223 3465 monibus,
237 3401 271 3454 et
283 3389 402 3454 habere
414 3388 567 3478 plurimos
584 3401 755 3462 amatores,
769 3390 811 3455 ita
824 3403 859 3455 ut
871 3392 1104 3473 intret-adsonat
1147 3434 1150 3441 ι

63 3498 161 3562 modo
182 3499 313 3587 quidem
331 3497 461 3586 spiritus
480 3497 711 3570 fornicationis,
730 3496 784 3564 illo
801 3501 983 3569 discedente
1006 3492 1115 3584 uniret

63 3608 188 3696 spiritus
206 3609 362 3683 avaritiae,
379 3621 450 3696 post
470 3609 558 3674 huno
574 3609 679 3674 veniat
698 3612 854 3698 superbiae
870 3614 1103 3710 spiritus,²ipdo
1128 3609 1131 3616 “

59 3716 125 3792 irae,
143 3718 220 3782 inde
242 3717 382 3791 invidie,
398 3728 470 3804 post
488 3718 585 3782 etiam
600 3741 687 3784 vanas
702 3719 821 3807 gloriae,
838 3719 1104 3809 aliiquemumrois

55 3827 186 3918 plurimi
202 3832 336 3922 spiritus
352 3830 520 3895 immundi.
538 3831 593 3896 lsti
611 3845 718 3897 autem
737 3856 847 3898 omnes
865 3835 907 3900 ita
929 3857 1005 3906 cum
1017 3837 1103 3902 ‚infi-

87 3959 518 4025 ¹2Gor.n‚16.17,etlaai.au,
535 3977 573 4008 ιι.
585 3960 635 3998 -2
651 3964 731 4027 Errod.
745 3979 786 4022 u,
798 3965 823 4022 5,
834 3965 857 4022 l,
870 3938 900 4014 {p
912 3985 945 4026 ‚ss
958 3963 967 3996 ⁸
982 3966 1087 4017 livide,

906 4071 924 4110 ·r
934 4072 963 4112 0.
