2706 4624
200 233 267 301 316
646 223 789 297 onrcanrs

204 383 328 458 tempus
343 368 459 458 leprosi
474 369 507 435 in
522 369 627 434 anima
642 365 912 457 permanebimus,
928 376 961 429 et
976 353 1132 429 immundi
1151 385 1159 429 s
1176 362 1243 430 nisi

203 481 282 546 dnm
304 479 478 568 paenitendi
502 492 629 567 tempus
649 488 711 552 est,
734 476 945 564 corrigamur,
969 486 1001 538 et
1026 475 1172 540 conversi
1199 475 1243 540 ad

203 592 376 656 Dominum
391 589 515 665 losum,
532 611 570 654 eo
585 585 797 676 supplicantes
812 586 841 649 ei
857 607 915 672 per
929 583 1148 671 poenitentiam
1166 603 1245 670 pur·
1352 676 1353 679 Ἴ

202 723 316 792 gomor
341 701 381 766 ab
412 700 612 765 immunditia
642 698 738 786 leprae
768 709 894 762 nostrm.
924 695 990 785 lugo
1019 707 1128 758 autem
1159 709 1243 782 puto
1351 711 1352 714 ’

205 811 291 900 quod
305 834 371 877 non
386 809 471 904 solos
486 808 539 875 ille
559 807 695 899 populus
710 807 810 897 prior,
825 827 929 894 neque
943 797 1007 872 soli
1024 805 1180 880 baeretici,
1201 805 1241 870 de

203 923 319 1011 quibus
340 943 435 1010 supro
456 922 713 996 memoravimus,
730 919 903 986 detrabunt
925 919 965 986 de
984 918 1112 1006 Moyse3
1130 919 1187 984 sad
1209 929 1242 982 ot

206 1033 310 1099 omnis
324 1032 378 1119 qui
394 1032 510 1120 scripta
525 1032 594 1120 ejus
610 1028 692 1096 malo
703 1025 862 1118 intelligit,
874 1041 907 1095 et
917 1029 971 1118 qui
986 1025 1182 1118 spiritualem
1196 1023 1240 1091 le

206 1167 279 1234 gem
292 1141 462 1210 carnaliter
476 1143 619 1232 suscipit,
636 1141 737 1230 Moysi
751 1141 895 1230 derogat,
910 1139 983 1228 quia
998 1139 1039 1204 de
1061 1139 1158 1204 verbis
1172 1139 1234 1225 spi-

207 1254 286 1320 ritus
306 1252 474 1321 carnaliter
495 1254 641 1320 homines
661 1251 765 1318 docet.
785 1251 926 1318 Audistis
946 1249 1024 1338 quid
1045 1250 1103 1315 sibi
1123 1247 1229 1337 judicii

207 1366 438 1431 obtrectatores
448 1374 483 1429 et
496 1361 679 1451 maleloqui,
691 1374 725 1426 et
738 1361 815 1450 quid
826 1360 1038 1426 damnationis
1052 1358 1233 1446 acquirant:

207 1474 315 1541 audite
330 1497 416 1540 nunc
436 1486 470 1539 et
488 1484 645 1562 quantum
661 1471 808 1538 beneficii
822 1471 988 1538 conferant
1003 1471 1040 1536 iis
1055 1469 1173 1557 quibus
1189 1469 1246 1532 ob·

208 1594 356 1649 trectant.
376 1581 545 1670 Nunquam
567 1581 744 1648 invenimus
762 1594 865 1648 tantm
884 1580 993 1646 landes
1012 1581 1116 1646 Deum
1132 1577 1248 1646 dixisse

209 1694 248 1759 de
264 1693 372 1781 Moyse
387 1690 507 1759 samulo
522 1714 593 1767 suo,
612 1702 745 1778 quantas
760 1713 848 1758 nunc
868 1691 931 1757 diei
946 1691 1102 1764 videmus,
1118 1689 1247 1778 quando

209 1805 248 1870 ab
266 1802 452 1868 hominibus
466 1801 496 1866 ei
512 1801 699 1890 derogatum
714 1813 771 1867 est.

255 1911 339 1978 Audi
351 1933 426 2000 ergo
438 1911 471 1976 in
483 1911 751 1999 consequentibus
763 1911 839 1998 quid
851 1909 979 1987 referat,
988 1922 1021 1975 et
1032 1908 1150 1997 quibus
1163 1909 1248 1998 Moy·

211 2045 267 2088 sen
280 2019 427 2087 laudibus
439 2020 550 2087 offerat
562 2021 697 2110 Spiritus
709 2033 847 2088 sanctus.
860 2021 922 2086 «Et
934 2020 1111 2096 descendit,
1120 2022 1243 2108 inquit,

213 2161 227 2194 s
239 2132 394 2198 Dominus
405 2131 438 2197 in
450 2130 598 2198 columne
611 2133 718 2209 nubis,
731 2145 763 2198 et
774 2133 861 2198 stetit
871 2133 913 2199 ad
924 2133 1041 2197 ostium
1049 2129 1247 2198 tabernaculi

213 2241 421 2307 steatimonii.
444 2241 485 2306 Et
506 2242 610 2307 vocati
633 2254 708 2308 sunt
730 2243 837 2308 Aaron
859 2252 892 2307 et
912 2239 1010 2306 Maria
1033 2253 1067 2306 et
1091 2251 1249 2306 steterunt

214 2349 348 2423 sambo,
365 2358 398 2412 et
413 2345 492 2412 dixit
505 2347 547 2412 ad
564 2371 619 2413 eos
637 2370 646 2412 ε
664 2348 780 2414 Audite
796 2349 890 2414 verba
907 2368 988 2412 mea.
1006 2346 1040 2412 si
1061 2346 1158 2414 luerit
1173 2369 1248 2436 pro-

215 2483 227 2515 ι
241 2456 335 2544 pheta
353 2456 423 2544 quis
438 2467 579 2520 vestrum
593 2455 733 2530 Domini,
750 2456 782 2521 in
798 2455 970 2521 visionibus
984 2455 1014 2521 ei
1030 2475 1190 2545 agnoscar,
1210 2465 1242 2516 et

213 2594 227 2625 ι
243 2564 275 2630 in
293 2565 411 2630 somnis
431 2562 544 2651 loquar
558 2564 601 2640 ei,
617 2587 682 2630 non
697 2565 779 2631 sieut
794 2564 913 2630 lamule
928 2584 1000 2631 meo
1015 2564 1129 2654 Moysi,
1142 2563 1193 2653 qui
1208 2563 1241 2628 in

215 2686 308 2743 stota
333 2676 429 2740 domo
450 2698 521 2740 mea
543 2673 646 2739 fidelis
666 2687 726 2749 est,
750 2697 785 2740 es
807 2676 849 2740 ad
869 2699 903 2740 os
922 2674 1036 2763 loquor
1051 2677 1094 2741 ad
1115 2699 1200 2751 eum,
1214 2675 1249 2739 in

217 2787 365 2876 sapeoio,
380 2798 414 2852 et
430 2809 494 2852 non
511 2785 543 2851 in
557 2785 737 2876 enigmate,
755 2798 788 2852 et
808 2785 942 2876 gloriam
962 2784 1088 2852 Domini
1106 2786 1194 2853 vidit.
1214 2787 1254 2850 Et
1352 2810 1353 2813 ¹

221 2915 347 2982 square
362 2917 426 2961 non
441 2893 590 2958 timuistis
606 2894 774 2988 detrahere
788 2893 908 2961 famulo
926 2918 998 2961 meo
1013 2895 1138 2986 Moysi?
1151 2897 1193 2961 Et
1208 2896 1253 2961 ira

218 3030 231 3063 s
247 3000 361 3066 suroris
377 2999 504 3065 Domini
516 2999 599 3067 lacta
611 3014 764 3092 estsuper
775 3000 857 3078 illos,
872 3004 1096 3080 discesserunt,
1109 3017 1140 3069 et
1151 3005 1256 3068 nubes

221 3138 234 3171 ι
250 3107 392 3174 discessit
405 3132 424 3172 a
437 3107 657 3186 tabernaculo,
670 3124 703 3175 et
717 3131 794 3178 eooe
809 3111 905 3177 Maria
921 3112 1003 3177 secta
1018 3123 1067 3180 eat
1080 3111 1197 3199 leprosa
1210 3111 1252 3172 si-

219 3248 232 3281 s
247 3229 302 3285 eut
316 3219 370 3284 nix
384 3216 407 3283 ².
422 3247 436 3280 r
457 3217 570 3284 Videte
585 3221 662 3308 quid
685 3221 743 3286 sibi
763 3243 865 3310 poenae
885 3221 1078 3288 contulerint
1092 3221 1255 3287 obtrecta-

219 3341 316 3403 tores,
332 3327 409 3416 quid
424 3351 499 3394 vero
513 3326 558 3395 illi
577 3331 629 3396 cui
646 3329 902 3398 obtrectaverant
919 3333 1122 3421 quaesiverint
1139 3330 1255 3397 laudis.

220 3439 287 3505 Sibi
310 3436 554 3527 turpitudinem,
572 3436 617 3505 illi
639 3439 858 3530 splendorem
885 3443 945 3508 sibi
968 3440 1101 3532 lepram,
1128 3440 1172 3508 illi
1195 3441 1263 3531 glo-

220 3549 386 3622 riamrsibi
398 3549 618 3637 opprobrium,
627 3549 672 3616 illi
683 3550 951 3642 magnificentiam
962 3551 1188 3640 quaesivernnt.
1200 3550 1263 3617 Vo-

222 3671 401 3724 rumtamen
423 3657 545 3745 Moyses
564 3659 747 3748 priusquam
762 3663 923 3750 acciperet
937 3661 1179 3750 AEthiopissam,
1197 3683 1259 3726 nou

223 3782 270 3836 ost
292 3767 449 3857 scriptum
471 3768 544 3856 quia
567 3769 599 3834 in
622 3771 726 3858 specie
747 3770 871 3840 loeutus
886 3770 925 3836 sit
940 3773 968 3836 ei
983 3772 1082 3847 Deus,
1099 3783 1132 3837 et
1149 3793 1216 3837 non
1231 3769 1261 3834 in

257 3895 354 3945 ¹lium.
369 3913 414 3954 ιιι,
426 3897 439 3942 5
449 3904 557 3960 etseqq.
