2744 4600
282 281 348 360 480
726 302 869 351 omme
888 263 890 268 ¹

282 440 296 475 s
312 426 359 482 tes
373 415 495 491 essetis,
511 412 670 485 idolorum
689 415 791 484 brus
806 428 918 484 euntes
934 427 1030 504 prout
1048 415 1286 484 ducebamini¹.
1304 444 1317 478 ι

283 525 383 611 Aque
395 523 469 591 vela
480 525 596 612 quibus
608 524 860 592 ducebaminii'a
874 525 1037 614 spiritibus
1048 548 1164 616 nempe
1175 524 1325 613 malignis

283 632 485 700 ducebamini
507 634 548 700 ad
573 655 669 722 opera
690 647 908 722 peccatorum.
935 636 1011 702 llaec
1034 635 1166 701 audiens
1190 633 1325 723 vigilans

283 743 416 830 quisque
430 742 556 808 auditor
572 742 657 809 dicet
667 742 799 810 fortasse
814 767 822 807 ε
838 743 926 822 Quid
940 767 1017 833 ergo
1032 744 1209 810 iaciemus?
1225 747 1254 809 si
1268 746 1326 810 cir·
1361 799 1362 802 ,

283 864 437 918 cumeunt
454 853 582 942 spiritus
601 850 731 941 maligni
753 875 1015 940 unumquemque
1036 865 1197 929 nostrum,
1213 866 1250 918 et
1268 854 1324 918 du·
1360 805 1362 958 l

282 973 360 1028 cunt
373 985 411 1028 ae
421 963 610 1051 pertrahunt
627 961 669 1028 ad
680 973 868 1050 peccatums
880 985 975 1027 nemo
987 974 1095 1028 autern
1106 960 1187 1030 alius
1200 977 1254 1028 est
1267 965 1320 1052 qui

283 1072 321 1136 ad
339 1073 491 1160 justitiam
511 1073 629 1147 trahat,
645 1071 699 1159 qui
719 1071 829 1136 invitet
844 1083 877 1136 et
892 1072 988 1138 ducat
1002 1072 1043 1136 ad
1060 1073 1272 1160 pudicitiam,
1287 1077 1321 1141 ad

281 1188 429 1274 pietatem
452 1209 460 1250 τ
478 1183 639 1271 quomodo
655 1205 719 1246 noo
735 1182 895 1248 videbitur
911 1183 952 1248 ad
966 1184 1167 1270 pereundum
1184 1185 1318 1273 quidem

281 1294 342 1362 lata
355 1295 401 1360 via
415 1306 536 1382 potere,
550 1290 737 1356 adsalutem
753 1313 828 1356 vcro
843 1313 1001 1380 nusquam
1013 1290 1096 1358 ullus
1108 1293 1219 1360 aditus
1231 1296 1320 1362 dari?

281 1407 350 1472 lmo
362 1427 436 1470 vero
448 1404 576 1468 adverte
588 1400 768 1489 diligentius
781 1401 805 1466 si
817 1413 920 1488 potes,
929 1412 963 1466 et
977 1413 1086 1489 aperto
1098 1403 1209 1468 cordis
1225 1406 1316 1472 oculo
1360 1393 1362 1508 l

280 1515 428 1582 interiora
441 1533 568 1579 mecum
582 1510 745 1577 considera
757 1511 908 1598 mysteria
921 1532 930 1576 s
945 1523 977 1574 et
990 1509 1109 1576 videbis
1120 1527 1251 1599 quanto
1263 1539 1318 1584 ms

150 1635 153 1644 ·
278 1627 329 1714 jor
341 1626 373 1690 in
385 1624 514 1693 secretis
528 1620 637 1687 salutis
649 1633 764 1686 nostrae
777 1643 853 1686 cura
865 1631 1007 1708 geratur,
1020 1642 1116 1708 quam
1130 1621 1274 1692 facultas
1284 1626 1316 1690 sd

280 1734 503 1822 decipiendum
523 1733 710 1820 prebeatur.
727 1729 826 1796 Adest
848 1730 1019 1817 unicuique
1042 1742 1208 1809 nestrum,
1228 1738 1316 1802 etism
1361 1775 1362 1828 p

280 1844 420 1910 minimis
439 1842 492 1930 qui
508 1841 628 1906 suntin
645 1838 784 1906 Ecclesia
802 1839 874 1916 Dei,
890 1837 1029 1927 Angelos
1044 1839 1165 1916 bonus,
1180 1842 1314 1932 Angelus
1361 1877 1362 1886 ¹

279 1953 406 2017 Domini
417 1952 472 2040 qui
484 1963 582 2039 regat,
591 1951 646 2038 qui
655 1961 794 2024 moneat,
805 1949 858 2035 qui
870 1949 1038 2037 gubernet,
1052 1949 1106 2036 qui
1121 1973 1185 2038 pro
1199 1955 1312 2019 actibus

279 2063 393 2128 nostris
417 2061 623 2150 corrigendis,
639 2071 671 2124 et
696 2058 949 2125 miserationibus
971 2059 1202 2146 exposcendis,
1218 2062 1310 2151 quoti-

279 2171 333 2236 die
345 2171 448 2236 rident
458 2171 571 2238 faciem
586 2169 684 2259 patris
700 2170 753 2256 qui
766 2169 798 2234 in
810 2165 897 2234 coetis
912 2180 959 2232 est
977 2169 1082 2234 taicut
1094 2169 1307 2239 Dominosde

278 2281 380 2369 signat
392 2282 423 2346 in
435 2278 610 2368 Evangeliis
622 2277 643 2344 ².
655 2280 695 2342 Et
713 2277 829 2342 iterum
848 2276 1026 2344 secundum
1042 2299 1080 2346 ea
1097 2301 1171 2366 quae
1180 2282 1312 2348 tonnus

277 2391 310 2454 in
322 2386 512 2477 Apocalypsi
525 2387 647 2462 scribit,
662 2386 833 2473 unicuique
848 2383 999 2452 Ecclesiae
1009 2387 1208 2474 generaliter
1218 2397 1314 2482 Ange

276 2499 327 2565 lus
342 2510 453 2587 praeest
469 2498 479 2532 ⁸
485 2545 566 2564 ......
572 2496 605 2562 Si
621 2495 766 2582 (anima)
780 2494 890 2561 durior
905 2495 1013 2570 luerit,
1025 2509 1058 2561 et
1067 2496 1243 2592 Paedagogi
1255 2525 1316 2568 mo

282 2611 346 2676 nita
362 2608 528 2698 spreverit,
537 2617 631 2692 atque
651 2606 683 2668 in
695 2601 854 2670 lasciviam
867 2627 966 2692 prono
978 2628 1016 2672 ac
1027 2611 1233 2694 proterviam
1245 2611 1317 2680 salu

282 2719 360 2784 taria
375 2718 444 2804 ejus
460 2718 556 2780 verba
572 2713 808 2800 contempserit,
828 2712 888 2779 illis
903 2715 1002 2803 magis
1016 2717 1256 2806 obtemperans
1270 2723 1319 2810 qui

282 2827 441 2895 luxuriam
462 2824 594 2892 suadent
611 2824 699 2889 etad
716 2821 875 2890 lasciviam
888 2837 1081 2912 provocants
1099 2829 1181 2914 quid
1204 2833 1267 2899 liat
1282 2831 1319 2898 tlt

277 2940 390 3004 animre
400 2935 564 3024 Prophetae
574 2933 703 3000 vocibus
715 2932 811 2998 disce.
826 2934 1102 3022 «Derelinquetur,
1112 2938 1252 3024 inquis,
1265 2942 1320 3008 filia
1358 2965 1360 3054 5

274 3047 380 3112 »Sion
397 3045 478 3110 sicut
493 3040 733 3109 tabernaculum
749 3041 781 3106 in
798 3042 900 3118 vinea,
920 3056 952 3107 et
970 3045 1053 3110 sicot
1068 3067 1142 3112 casa
1154 3053 1321 3120 custodir-

273 3157 344 3223 »rin
360 3157 390 3221 in
407 3153 640 3228 cucumerario,
649 3163 681 3216 et
696 3152 778 3218 sicut
795 3153 903 3218 civitas
920 3149 989 3242 quse
1001 3169 1183 3243 expugnata
1205 3164 1315 3228 θεὼ

273 3268 313 3332 Et
333 3269 471 3332 iterum:
490 3261 686 3329 «Auferetur
706 3263 841 3328 maceria
857 3263 939 3350 ejus,
951 3273 983 3328 et
1002 3265 1063 3328 erit
1078 3266 1112 3330 in
1138 3273 1321 3340 conculce-

274 3405 286 3440 ι
303 3378 435 3451 tionem,
447 3386 480 3439 et
495 3374 644 3462 diripient
661 3394 733 3439 eam
750 3375 925 3462 omnesqui
938 3386 1103 3442 transeunt
1120 3378 1213 3448 viam
1226 3383 1260 3459 ’ς
1274 3395 1321 3450 set

280 3484 467 3575 «singularis
479 3483 563 3550 serus
583 3483 732 3571 depascet
746 3482 847 3552 eam‘.
861 3513 874 3546 r
887 3487 962 3550 llaec
979 3486 1117 3574 patiatur
1134 3489 1161 3554 si
1172 3514 1252 3560 non
1271 3519 1323 3563 ac·

272 3597 413 3686 quiescat
424 3590 669 3682 monitisrlngeli
681 3592 802 3678 quisibi
812 3595 973 3682 appositus
984 3595 1081 3662 estad
1091 3593 1257 3670 salutem.
1271 3605 1323 3672 Sui

272 3730 408 3795 namque
427 3703 548 3770 arbitrii
564 3713 612 3770 est
633 3703 792 3778 animast
813 3703 845 3770 in
865 3727 960 3791 quam
972 3703 1108 3770 volucrit
1122 3721 1266 3794 partem
1283 3727 1324 3782 ast

302 3863 311 3894 ¹
334 3852 671 3910 :Curarem-Uistula.
698 3855 831 3902 rutra-¹
848 3857 926 3919 Apsus.
950 3875 976 3903 ιι.
992 3855 1117 3904 -ttsat
1133 3857 1188 3914 r‚8.
1207 3865 1325 3912 -ΞΜ

272 3957 297 3999 r,
310 3941 332 3984 5.
350 3963 378 3972 -
394 3929 504 3978 οΙέειΙιιι.
519 3947 598 3984 rasas,
615 3930 649 3986 sd.
