2702 4610
398 307 431 348 rs
456 305 582 348 nxoouu
604 303 735 349 aoniam
761 305 794 346 ιι.
1072 281 1111 370 9ξ

72 437 119 490 ter
135 435 244 490 tamon
262 419 372 511 aliqua
395 423 488 494 nobis
503 445 561 510 pro
576 420 724 491 Ecclesiae
740 416 948 487 aedificatione
959 420 1112 510 pulsanda

75 546 158 598 sunt.
177 533 260 600 Puto
270 531 373 600 liliam
389 533 562 598 Pharaonis
581 515 753 620 Ecclesiam
766 555 836 618 quae
851 543 1062 622 congregatur
1075 555 1114 598 ex

78 643 227 729 gentibus
237 643 332 709 videri
348 665 457 732 posse,
474 665 543 729 quae
559 643 701 729 quamvis
715 641 849 729 impium
860 654 892 706 et
904 642 1048 730 iniquum
1060 642 1114 707 ha:

83 752 159 815 beat
167 764 296 839 patrem,
310 765 419 818 tamen
433 751 552 815 dicitur
563 751 604 815 ad
615 770 686 814 eam
699 773 756 838 per
768 749 962 839 Prophetam
976 773 984 813 ε
1005 750 1113 816 «anai

88 887 104 918 r
117 857 177 924 fita
191 873 222 925 et
236 861 315 936 ride,
332 874 366 926 et
381 855 500 925 inclina
515 876 625 922 aurem
642 845 792 932 tuamet
808 855 994 923 obliviscere
1009 869 1113 947 popu'·

88 964 179 1032 »lum
193 980 293 1043 tuum,
308 982 342 1034 et
353 968 487 1045 domum
506 965 602 1055 patris
617 967 676 1040 tui,
694 967 764 1054 quin
779 966 960 1054 concupivit
976 989 1032 1030 rex
1043 982 1116 1056 spe*

88 1075 193 1142 »ciem
209 1089 298 1141 tuam
310 1075 332 1138 ¹.
347 1101 361 1136 a
377 1073 456 1141 Haec
469 1097 547 1163 ergo
561 1084 609 1138 ost
625 1096 696 1162 quae
709 1073 786 1138 exiit
804 1073 843 1137 de
860 1073 954 1138 domo
969 1074 1066 1162 patris
1085 1087 1119 1138 et

83 1187 168 1261 venit
180 1187 222 1251 ad
237 1208 349 1272 apros,
371 1197 408 1248 ut
423 1183 582 1249 lavaretur
598 1207 614 1246 a
629 1183 768 1270 peccatis
786 1202 855 1269 qnae
873 1187 1073 1248 contraxerat
1085 1184 1118 1248 in
1199 1181 1205 1190 “

85 1292 180 1358 domo
196 1293 296 1380 patris
312 1292 372 1356 sui.
390 1289 534 1379 Denique
550 1290 655 1355 statim
670 1290 789 1360 viscera
806 1289 1029 1357 misericordiae
1048 1313 1118 1355 sus·
1161 1306 1163 1309 ’

88 1403 179 1488 cipit,
190 1415 224 1466 et
236 1403 405 1465 miseratur
415 1401 575 1466 infantem.
592 1401 667 1465 llaec
678 1419 754 1488 ergo
766 1397 907 1464 Ecclesia
921 1421 959 1464 ex
973 1401 1118 1487 gentibus

96 1506 235 1581 veniens,
251 1509 285 1572 in
307 1506 419 1596 prlude
438 1509 557 1574 invenit
574 1509 732 1597 jacentem
753 1505 896 1594 Moysen,
920 1508 1115 1595 abjectumt

95 1617 160 1682 stris
173 1629 205 1681 et
219 1617 408 1704 expositums
426 1619 481 1683 dat
494 1641 568 1683 curn
583 1618 714 1692 nutrici,
730 1629 763 1682 et
777 1618 918 1682 nutritur
931 1618 1017 1705 apud
1033 1641 1118 1693 suos3

90 1709 137 1792 ibi
149 1728 212 1815 agit
227 1725 402 1792 infantiam.
419 1727 501 1793 Cum
513 1741 620 1793 autem
632 1727 744 1792 fortior
755 1727 856 1792 lactus
867 1739 927 1802 cst,
943 1739 1018 1793 tunc
1031 1728 1121 1792 inda—

87 1837 171 1902 citur
187 1835 229 1902 ad
245 1847 329 1914 min,
350 1850 383 1904 et
398 1837 569 1934 adoptatur
589 1839 622 1905 in
637 1836 749 1903 lilium.
771 1825 896 1925 Moyses
918 1850 1025 1904 artem
1046 1839 1119 1927 quia

86 1943 151 2012 lex
163 1945 354 2035 appelletur,
368 1949 401 2013 in
416 1947 524 2013 maltis
535 1946 612 2013 locis
627 1948 693 2035 jam
705 1971 786 2035 saepe
798 1948 967 2012 dissertum
981 1959 1039 2014 est.
1055 1930 1121 2015 've

84 2057 176 2121 ,niens
184 2075 262 2144 ergo
269 2057 410 2123 Ecclesia
421 2057 462 2123 ad
471 2041 725 2146 aquas'baptismi
738 2057 874 2146 suscepit
885 2057 981 2122 etiam
988 2057 1105 2147 Legem
1110 2095 1119 2133 a

87 2191 159 2252 quae
173 2178 278 2232 temen
295 2167 358 2234 Lex
375 2181 443 2233 erat
462 2169 542 2232 intra
560 2168 638 2233 tibin
650 2166 813 2243 conclusa,
829 2168 900 2256 pice
916 2177 948 2232 et
964 2168 1122 2233 bitumine

92 2273 202 2340 oblita.
211 2274 295 2345 'libis
304 2287 462 2364 genusest
474 2275 631 2364 tegminis,
646 2297 685 2341 ex
696 2276 790 2364 virgis
801 2288 856 2341 aut
868 2299 907 2341 cx
918 2299 1038 2369 papyro
1048 2299 1122 2341 con-

90 2393 228 2457 textum,
240 2381 287 2448 rel
298 2387 390 2452 etiam
401 2409 441 2450 ex
452 2388 601 2454 arborum
613 2385 926 2479 cortioeformatum,
939 2387 1021 2451 intra
1034 2373 1122 2479 qnod

82 2475 341 2581 injectusinl'ans
352 2495 520 2560 videbatur
533 2478 702 2584 expositus.
718 2495 852 2560 lacebat
866 2503 942 2582 crgo
958 2495 1025 2560 Lex
1041 2514 1121 2561 con-

80 2604 174 2671 clusa
190 2605 275 2670 intra
289 2595 476 2692 hujusmodi
490 2606 627 2695 tegmina
633 2633 642 2680 3
654 2617 687 2670 et
701 2605 773 2694 pice
788 2627 827 2672 ac
837 2604 998 2669 'bitumine
1011 2601 1122 2681 oblita,

76 2711 202 2791 silibuo
217 2725 251 2776 ct
265 2704 376 2778 atreis
390 2713 576 2783 Jadaeorum
592 2715 735 2782 sensibus
751 2713 901 2778 sordebat
916 2713 1059 2802 obsepta,
1073 2735 1123 2780 us*

80 2821 493 2912 qneqaoEoolesis'reniret
504 2847 544 2890 ea
554 2815 700 2912 gentibus
712 2835 744 2888 et
755 2834 930 2888 assumeret
941 2827 1012 2890 eant
1024 2821 1063 2890 tle
1076 2819 1123 2891 lu*-

83 2934 143 2998 teis
155 2943 190 2996 et
206 2927 401 3019 palustribus
411 2929 501 3008 locis,
515 2945 609 3020 atque
621 2916 702 2998 intra
714 2935 873 3021 sapientlae
889 2931 975 2998 aula's
990 2947 1022 2998 et
1035 2959 1125 3024 rega-

83 3034 123 3106 lia
140 3051 226 3106 tecta
240 3041 462 3106 conscisceret.
473 3041 549 3106 llaec
562 3053 667 3106 tamen
681 3040 746 3105 Lex
757 3021 921 3108 inlantiam
933 3063 1023 3107 snam
1036 3043 1122 3132 ap'ud

85 3173 157 3214 suos
173 3149 332 3236 transigit.
349 3149 442 3236 Apud
457 3147 527 3214 illos
538 3150 623 3215 enim
641 3149 694 3236 qui
710 3148 912 3237 spiritualiter
924 3173 995 3215 anm
1009 3134 1124 3217 intelli-

88 3269 159 3347 'gere
175 3260 338 3332 nesciunt,
362 3258 492 3346 parvula
506 3271 555 3324 est
575 3270 607 3324 et
626 3258 740 3332 inlans3
754 3269 787 3323 et
801 3256 987 3324 lactentium
1002 3260 1123 3326 habens

94 3367 185 3430 cibos.
202 3367 288 3431 Cum
307 3389 382 3430 vero
397 3366 436 3430 ad
454 3362 628 3432 Ecclesiam
642 3367 740 3441 venit,
758 3389 831 3432 cum
851 3366 1000 3433 Ecclesiae
1018 3369 1124 3458 ingre-

97 3469 179 3534 ditur
194 3473 338 3549 domum,
358 3472 468 3539 fortior
483 3486 530 3538 est
548 3485 581 3539 et
605 3473 735 3539 validior
749 3475 883 3562 Moyses.
905 3475 1020 3542 Amoto
1035 3481 1123 3545 enim

97 3579 241 3648 velamine
256 3583 384 3658 litterae,
400 3584 559 3672 perlectus
575 3585 607 3649 in
622 3583 758 3650 lectione
770 3585 838 3672 ejus
851 3585 941 3650 cibus
956 3601 989 3651 et
1003 3586 1122 3653 solidus

91 3691 257 3757 invenitur.
278 3693 367 3772 Quid
382 3705 489 3760 manen
504 3695 650 3782 estquod
664 3706 696 3759 et
712 3694 892 3761 mercedem
908 3696 1123 3761 nutrimento-

89 3821 156 3866 rum
173 3825 191 3866 a
210 3799 277 3866 lilia
293 3801 429 3890 percipit
444 3802 629 3877 Pharaonis,
646 3800 697 3868 illa
714 3803 798 3892 apud
813 3825 909 3890 qaam
924 3803 991 3870 Lex
1004 3814 1036 3868 et
1050 3814 1124 3868 nata

118 3929 204 3978 'Ptol
219 3945 278 3984 xcv,
295 3945 334 3978 ro.

224 4035 271 4077 rx.
972 4025 989 4100 '7
