2776 4616
261 289 327 368 loe
485 297 489 304 '
597 324 600 332 v
711 311 855 358 ostentus

264 449 397 517 queque
414 425 521 517 lingua
534 425 653 516 aliquid
668 429 882 519 proprietatis,
891 429 978 518 quod
992 428 1079 518 epud
1090 426 1165 494 elius
1176 425 1309 516 linguas

264 541 411 606 vitiosum
427 538 582 604 videntur.
601 540 640 606 Et
660 538 714 606 hic
731 563 807 629 ergo
827 557 858 604 et
880 539 1066 627 conjunctio
1086 537 1173 628 qussi
1195 537 1310 602 ebun-

264 652 341 716 dens
357 649 503 714 habende
515 661 577 724 est,
588 660 622 716 et
638 649 807 739 superflue.
823 651 940 716 Caveat
954 671 1031 739 ergo
1040 647 1236 734 Gineus,qui
1258 647 1310 710 in·

264 768 459 848 terpretetur
469 759 647 847 possidens,
660 772 783 833 cureat,
800 761 942 849 inqunrn,
956 757 1079 825 etiamsi
1095 757 1260 846 possident
1275 767 1310 819 et

262 880 481 960 promereatur
507 869 598 934 istem
619 870 765 958 gretiam,
783 871 872 936 utin
892 867 1033 936 Ecclesia
1050 867 1166 933 Christi
1185 865 1242 941 sit,
1265 887 1309 929 ne

264 980 346 1046 sorte
366 979 479 1044 astutia
495 979 579 1044 Beor
593 979 823 1045 circumveniet
845 999 934 1055 enm,
957 989 990 1044 et
1013 975 1150 1044 declinet
1164 977 1206 1041 ed
1221 975 1308 1078 dog:

265 1102 349 1158 mets
370 1109 464 1178 preve
490 1101 523 1154 et
543 1110 704 1177 perversa,
721 1101 754 1154 et
769 1091 811 1156 ob
826 1089 890 1156 hoc
910 1089 1054 1155 trudetur
1067 1086 1214 1176 Assyriis.
1240 1087 1309 1166 Qu¹

265 1199 351 1264 enim
364 1196 585 1286 blasphemant
600 1197 634 1262 iu
649 1196 789 1265 Ecclesia
802 1200 911 1288 positi.
922 1199 1093 1264 traduntur
1106 1197 1250 1273 Sstenae,
1264 1197 1307 1262 si-

265 1303 536 1395 cutPhygelluset
547 1307 774 1394 Hermogenes,
784 1306 825 1372 de
836 1298 1176 1395 quibusPsolusdicit:
1190 1305 1307 1385 «Quos

268 1415 426 1490 »tradidi‚
444 1415 567 1500 iuquit,
587 1413 724 1502 Sstenae,
743 1425 777 1480 ut
792 1415 916 1482 discent
930 1438 993 1481 non
1014 1413 1301 1501 blasphemare¹.s

265 1525 436 1614 Propterea
452 1545 528 1610 ergo
543 1521 677 1610 Assyriis
694 1523 893 1612 traditurqui
911 1523 1114 1590 declinaverit
1131 1523 1163 1588 iu
1181 1523 1305 1597 lraereti

267 1654 339 1704 curn
353 1630 583 1721 blasphemium
598 1655 607 1695 ι
621 1633 694 1718 quio
710 1633 829 1720 Assyrii
850 1633 1101 1721 interpretentur
1114 1632 1302 1720 dirigentes,

263 1755 296 1810 et
309 1745 350 1810 ob
361 1735 425 1808 hcc
440 1740 610 1806 truduntur
627 1741 740 1828 eisqui
759 1741 927 1808 truduntur
943 1763 1008 1808 uon
1026 1755 1061 1807 ut
1079 1755 1223 1830 pereunt,
1244 1763 1305 1804 αα

265 1866 302 1918 nt
325 1852 450 1940 penitus
470 1851 716 1926 intereuntsed
734 1864 769 1918 ut
787 1852 962 1941 dirigentur
984 1865 1016 1917 et
1035 1852 1247 1941 corrigenturt
1267 1866 1303 1915 ct

133 2005 137 2012 -
267 1963 432 2050 sicutipse
448 1959 563 2026 Paulus
578 1961 668 2038 dicit,
679 1989 691 2022 ι
703 1974 738 2028 ut
753 1963 877 2030 discent
891 1987 955 2030 non
971 1963 1202 2052 blasphemare.
1218 1993 1230 2025 s

310 2070 364 2138 lV.
383 2070 457 2136 Post
475 2071 544 2137 haec
563 2095 638 2138 vere
653 2071 782 2139 Buleem
801 2073 976 2162 prophetiae
991 2095 1056 2140 suc
1070 2095 1254 2141 sermonem
1270 2076 1297 2138 in

269 2181 319 2248 liis
336 2180 500 2247 concludit
515 2180 647 2248 dicens:
665 2207 677 2242 ι
692 2182 733 2246 Et
747 2195 908 2270 assumpta
923 2181 1070 2270 parabole
1086 2203 1141 2246 suu
1159 2183 1240 2248 dixit
1252 2179 1298 2246 :0

269 2317 282 2351 s
297 2289 367 2378 quis
381 2289 462 2355 viret
473 2311 548 2354 cum
560 2287 670 2354 lecerit
680 2288 749 2354 haec
765 2289 873 2355 Densi
884 2290 926 2356 Et
940 2290 1072 2354 exibunt
1088 2289 1127 2356 de
1141 2311 1243 2356 menn
1256 2290 1302 2354 Ci-

268 2427 281 2462 ι
297 2401 450 2474 tiliorum,
466 2412 506 2466 et.
519 2399 658 2487 nllligent
675 2399 784 2475 Assur,
802 2412 835 2464 et
852 2401 991 2489 affligent
1011 2401 1173 2474 llebraeos,
1193 2412 1227 2466 et
1248 2401 1302 2488 ipsi
1373 2453 1374 2474 ,

270 2537 284 2572 ι
297 2507 415 2597 puriter
427 2505 608 2595 peribunt².
625 2506 744 2587 »Quod
754 2530 812 2595 per
823 2507 945 2596 singule
957 2531 1014 2597 per
1023 2508 1209 2597 parabolem
1219 2508 1304 2598 loqui

269 2619 384 2686 dicitur
398 2615 541 2692 Balaam,
555 2615 672 2705 legenti
685 2617 799 2683 incutit
810 2618 965 2707 pudorem
980 2641 1020 2683 ue
1030 2618 1112 2705 quiid
1128 2620 1158 2682 in
1179 2619 1217 2683 iis
1236 2643 1305 2708 quse

269 2729 434 2804 dicuntur,
457 2750 521 2793 non
545 2727 633 2814 quusi
654 2727 685 2792 iu
706 2726 867 2814 perubols,
886 2727 942 2793 sed
966 2729 1141 2794 secundnm
1163 2726 1303 2797 littersrn

268 2837 389 2904 dictum
409 2847 510 2926 putet.
536 2836 590 2902 Ait
610 2857 685 2924 ergo
706 2835 786 2902 :‹0
809 2837 879 2924 quis
901 2839 982 2903 vivet
1005 2859 1080 2903 cum
1101 2837 1215 2903 lecerit
1238 2840 1304 2905 haec

249 2975 281 3024 ,s
297 2945 404 3013 Densi
415 2946 496 3012 »flio
508 2947 604 3013 ritum
619 2967 683 3012 non
701 2946 784 3012 hunc
800 2969 1018 3023 communem,
1032 2948 1087 3013 sed
1099 2945 1186 3012 illurn
1198 2951 1302 3014 uomi-

208 3081 212 3090 ’
269 3067 325 3122 nst
339 3077 409 3143 quae
429 3055 605 3121 secundum
621 3055 724 3122 Deum
739 3067 789 3120 est
803 3079 810 3120 :
825 3069 857 3120 et
879 3058 941 3124 hoc
960 3059 1107 3144 estquod
1123 3057 1215 3133 dicit,
1234 3061 1302 3148 quis

1371 2589 1374 2678 l

1367 2959 1373 3112 4

270 3187 345 3232 curn
366 3164 435 3231 haec
458 3161 562 3230 omnis
586 3163 676 3241 lient,
698 3187 773 3229 curn
796 3165 916 3231 orietur
939 3176 1058 3232 nstrum
1085 3165 1257 3244 exlncob,
1273 3181 1302 3232 et
1371 3197 1372 3264 p

268 3275 442 3342 surrexerit
457 3274 553 3340 homo
575 3299 614 3340 ex
632 3273 742 3348 lsrael,
760 3285 793 3339 et
809 3275 959 3342 deleverit
975 3275 1127 3342 Amalech
1144 3289 1178 3341 et
1195 3301 1301 3346 semen

164 3464 171 3476 ⁸
268 3385 338 3472 ejus
349 3381 521 3472 perdiderit
534 3407 543 3456 ;
559 3381 621 3448 hoc
636 3394 697 3458 ost,
712 3405 785 3450 cum
801 3385 964 3451 edocuerit
980 3383 1136 3461 Christus,
1153 3399 1188 3451 et
1202 3387 1303 3454 idolo·

267 3517 342 3559 ruru
355 3491 476 3559 cultum
487 3492 689 3567 destruxerit,
702 3504 798 3580 etque
810 3494 953 3560 omnium
966 3494 1146 3561 demonum
1155 3497 1302 3584 subjece·

269 3605 310 3669 rit
324 3613 525 3691 potestatem,
544 3601 613 3687 quis
629 3603 690 3667 erit
703 3601 757 3670 ille
771 3615 836 3670 tuor
852 3603 986 3679 bertus,
996 3615 1062 3670 tem
1076 3603 1149 3670 felix
1164 3607 1220 3694 qui
1238 3608 1300 3674 hcc

270 3711 397 3778 videet?
411 3711 475 3776 hoc
497 3721 557 3782 est,
576 3710 630 3795 qui
654 3711 782 3786 sentiet,
798 3723 830 3776 et
848 3710 1014 3802 intelliget,
1034 3726 1066 3779 et
1089 3715 1198 3781 credat
1219 3717 1302 3804 quod

270 3827 339 3893 haeo
354 3825 397 3889 itu
414 3821 524 3888 lecerit
540 3821 624 3888 Deus
635 3823 675 3888 t«
693 3825 878 3916 Etexiliunt
890 3828 932 3891 'de
948 3829 1094 3893 menibus
1110 3828 1302 3905 Cithiorunr,

307 3958 315 3990 ¹
331 3973 339 4003 r
355 3955 423 4002 Tim.
436 3972 452 4014 r,
466 3971 542 4002 ro.-
554 3954 565 3987 ²
577 3949 653 4004 Nuus.
669 3971 736 4014 xxxv,
749 3957 787 4014 23,
799 3957 837 4016 sl.

1367 3577 1371 3668 l

1367 3795 1370 3860 l
