2632 4600
358 295 390 340 us
414 293 556 338 rsncuou
578 295 697 339 nxxrru
720 297 795 340 nou.
823 299 844 339 1.
1061 277 1120 340 bor

82 421 159 507 »φή
174 417 381 483 contristatur
395 438 434 480 ex
448 415 520 480 mei
536 416 586 480 lto
597 439 675 504 ergo
694 429 727 480 ot
743 440 800 482 nos
813 419 1018 507 sutisugsmus
1035 431 1073 484 ut
1090 420 1123 484 iu

81 523 342 591 meditationibus
352 523 469 586 nostris
479 521 674 588 occeuclstur
685 521 765 610 iguis
776 571 785 597 ,
798 525 852 610 qui
865 547 923 588 nos
937 525 1039 612 primo
1049 547 1123 590 exo

53 637 58 648 '
83 645 134 699 rot
144 681 152 708 ,
163 644 196 697 et
207 629 428 696 recordatione
438 642 470 693 et
482 629 676 696 couscientia
687 641 913 717 pennatorum,
926 644 1034 720 postea
1047 655 1121 698 vero

86 752 272 829 expurgatos
287 740 353 827 jem
368 737 450 804 vitiis
465 735 622 802 illuminet
633 751 669 801 et
685 735 830 804 illustret.

132 849 214 915 Vlll.
226 877 240 910 s
254 849 395 914 Locutus
410 869 480 912 sum
491 894 500 921 ‚
513 845 628 932 inquit,
642 847 675 912 in
690 845 797 936 lingua
808 869 892 914 meu.
910 850 1021 930 »Quid
1038 849 1124 916 locu·

85 972 137 1024 tus
151 958 190 1022 sit
201 957 235 1021 in
251 955 357 1044 lingua
372 977 427 1020 sue
439 1003 449 1030 ,
463 953 702 1020 consideremus
716 977 725 1019 s
740 956 863 1021 vitietur
877 957 963 1022 euim
979 957 1057 1023 mihi
1068 981 1126 1046 per

85 1069 154 1132 brec
168 1065 341 1152 mysticum
352 1061 471 1150 aliquid
484 1061 634 1128 indicere.
651 1063 704 1129 tis
718 1085 794 1152 ergo
809 1086 817 1128 s
830 1065 973 1132 «Notum
986 1065 1035 1132 lec
1045 1065 1125 1132 mibi

85 1171 243 1236 ‚Domine
258 1168 357 1236 finem
370 1187 501 1243 meum,
516 1179 549 1232 et
563 1187 735 1232 numerum
751 1168 876 1234 dierum
892 1191 1037 1234 meorum
1056 1172 1125 1259 quis

88 1291 173 1355 »ests
187 1291 222 1342 ut
236 1278 335 1344 scium
351 1275 428 1363 quid
442 1275 522 1341 desit
536 1274 625 1340 mibi.
643 1301 658 1336 s
677 1273 730 1352 Sl,
747 1276 868 1365 inquit,
886 1289 996 1346 notum
1012 1277 1126 1344 feceris

90 1387 185 1453 linem
197 1408 304 1453 meum
316 1384 411 1462 mibi,
423 1397 457 1449 et
471 1395 608 1472 quantus
617 1384 662 1448 sit
675 1405 827 1452 uumerus
841 1385 967 1450 dierum
981 1407 1126 1454 meorum

91 1507 202 1560 notum
215 1495 326 1560 leceris
339 1493 435 1568 milri,
450 1504 562 1581 potero
574 1513 631 1580 per
645 1491 715 1558 hee
729 1491 826 1559 etism
840 1491 921 1560 illud
935 1512 1125 1581 agnoscere,

92 1604 168 1691 quid
182 1603 264 1668 ‹losit
275 1602 362 1666 mibi.
373 1601 444 1668 but
455 1600 540 1664 'sorte
551 1618 609 1688 per
622 1601 692 1666 bsec
702 1599 802 1666 etism
813 1599 892 1666 illud
906 1601 1067 1666 videbitur
1080 1603 1128 1668 iu-

92 1712 208 1787 dicari,
225 1711 295 1798 quis
309 1710 392 1775 sicut
404 1710 510 1776 omnis
530 1709 605 1775 antis
619 1720 670 1774 est
684 1707 795 1797 eliquit
809 1709 903 1785 linis,
918 1710 1007 1776 verbi
1026 1711 1125 1799 gratis

87 1820 270 1884 structionis
293 1818 383 1894 linis,
411 1817 543 1882 domum
565 1816 689 1892 fecere,
713 1816 880 1905 uoupsgii,
907 1839 1020 1882 uorem
1047 1841 1126 1882 con-

85 1941 208 1994 struere
228 1948 299 2014 quo
316 1925 414 2015 possit
428 1923 545 2010 lluotus
564 1924 660 1991 maris
682 1947 850 2013 superare,
866 1936 901 1988 et
923 1924 1005 1989 serre
1022 1925 1127 2014 impo-

85 2051 137 2102 tus
152 2048 320 2101 ventorum
331 2083 340 2111 ,
353 2047 385 2098 ot
399 2034 648 2120 uniuscujusque
662 2033 739 2106 ortis
754 2045 802 2098 est
818 2032 929 2120 aliquis
946 2032 1015 2098 tulis
1032 2033 1125 2109 linis,

85 2156 215 2234 proptor
229 2165 326 2232 quem
339 2165 388 2207 ars
404 2142 471 2230 ipss
486 2139 750 2228 rideturreperto
765 2163 774 2205 t
787 2141 830 2205 its
845 2139 984 2206 fortassis
996 2152 1044 2207 est
1055 2145 1125 2207 vitse

85 2261 201 2314 ¹nostrus
215 2247 263 2314 rel
280 2248 376 2313 totius
388 2245 499 2314 muudi
513 2245 585 2310 linis
600 2245 748 2334 quidum,
764 2255 894 2334 propter
908 2247 994 2332 quod
1006 2271 1126 2335 gerun-

91 2370 144 2421 tur
159 2358 263 2423 omnio
281 2377 350 2444 quse
371 2367 526 2445 geruntur
542 2353 575 2419 in
595 2353 657 2419 vitu
674 2364 800 2429 nostru,
816 2351 866 2419 rel
882 2366 1014 2442 propter
1030 2379 1125 2443 quem

85 2466 227 2532 mundus
241 2465 308 2554 ipse
320 2463 368 2530 vel
382 2464 544 2529 institutus
557 2475 605 2527 est
615 2460 664 2527 rel
679 2473 815 2528 constet.
831 2462 932 2549 Cujus
948 2462 1020 2526 linis
1030 2463 1126 2528 etium

86 2573 258 2663 Apostolus
269 2571 549 2640 meminitdioens:
567 2569 875 2635 ‹Deindeliniscum
885 2571 1048 2636 tradiderit
1057 2593 1128 2659 reg-

86 2703 189 2748 »uum
204 2683 272 2747 Deo
286 2692 319 2746 et
333 2680 445 2769 putri¹.
465 2703 478 2740 s
503 2679 554 2745 tu
564 2699 661 2767 quem
677 2665 775 2742 finem
790 2677 898 2764 utique
915 2677 1127 2743 festinandum

84 2803 154 2867 est,
165 2791 248 2855 utsit
257 2789 507 2879 operaepretium
513 2788 575 2853 hoc
589 2786 809 2874 ipsumquods
819 2786 886 2850 Deo
897 2786 995 2850 crecti
1006 2809 1123 2852 sumus.

85 2903 129 2967 Et
147 2921 275 2975 rursus,
295 2899 377 2963 sicut
395 2895 537 2984 corporis
551 2895 650 2960 nostri
663 2913 818 2981 compago
831 2894 1083 2980 parva-quodum
1095 2908 1128 2959 et

84 3009 202 3097 exigua
212 3008 253 3072 ab
265 3006 354 3071 initio
366 3005 556 3078 nativitatis,
571 3001 738 3068 confestim
752 3012 858 3066 tomen
866 3012 974 3089 urget,
990 3003 1129 3068 ettenslit

88 3119 130 3183 ad
142 3116 240 3182 finem
252 3115 423 3202 quemdem
438 3111 635 3201 proceritatis
650 3129 713 3174 suc
726 3109 887 3196 peraetotis
899 3123 1066 3197 mrgmeutu
1076 3159 1085 3186 ,
1097 3123 1130 3175 et

88 3229 227 3300 iterum,
240 3224 437 3290 sicutenims
455 3233 563 3286 nostru
577 3218 828 3283 secuudum-boe
843 3219 929 3305 quod
945 3219 978 3283 in
997 3241 1130 3308 corporo

89 3335 157 3399 boc
171 3334 272 3422 degit,
289 3332 414 3396 festinet
429 3329 533 3417 primo
548 3324 707 3414 loquelam
720 3325 864 3414 recipere
881 3325 1128 3402 balbutientem,

89 3441 234 3507 secundo
254 3441 368 3505 deinde
388 3437 572 3507 clariorem,
592 3447 662 3499 tum
680 3433 810 3499 domum
825 3435 865 3500 od
884 3434 1130 3524 disputationem

88 3546 265 3637 perfectam
281 3557 375 3632 etque
387 3545 545 3631 integrum
558 3539 723 3629 pervenire
737 3539 819 3604 :boc
833 3540 932 3605 modo
948 3541 1044 3604 etiam
1060 3561 1131 3604 om-

88 3657 139 3723 nis
155 3655 217 3720 rito
233 3666 338 3720 nostru
354 3653 510 3720 imbuitur
528 3648 657 3738 quidem
672 3671 737 3714 non
754 3646 1033 3729 velutbulbutieus
1049 3648 1133 3711 iuter

86 3764 241 3832 homines
252 3764 283 3828 in
296 3763 388 3827 terris
405 3783 413 3827 s
430 3771 671 3828 oenummator
685 3781 761 3824 roro
771 3771 823 3832 ..et
838 3757 878 3823 sul
890 3777 1050 3822 summum
1063 3779 1133 3844 per·

127 3913 136 3945 ¹
151 3926 162 3960 t
177 3909 238 3960 Cor.
252 3925 294 3964 xv.
306 3912 350 3968 ²4·
