2660 4610
287 331 319 376 nt
344 330 505 373 canrrcuu
529 331 731 374 cturrcoauu
757 333 816 373 nu.
845 334 880 374 n.
957 305 960 312 '
1032 313 1097 394 daq

53 452 154 516 intrat
178 451 220 516 ad
245 450 414 538 pacificum
441 473 547 538 regem
571 449 758 526 Christum,
782 463 814 516 et
837 452 896 539 ipsi
920 451 1019 540 aperit
1040 473 1099 518 eor

54 583 172 634 auum,
193 559 228 625 iu
241 558 436 624 consessione
457 571 488 622 et
509 559 695 646 paenitentia
714 558 834 626 scilicet
850 560 1097 648 precedentium

58 665 251 732 delictorum
263 713 271 740 ,
283 677 315 730 et
330 665 437 732 locuta
452 678 500 732 est
511 667 540 730 ei
558 666 664 732 omnia
677 690 747 753 quae
758 679 848 732 erant
863 667 896 732 iu
908 667 1098 746 cordesuo,

58 773 289 863 propterquod
304 785 336 838 et
351 773 512 848 Christus,
526 774 580 860 qui
595 786 643 838 est
653 797 715 861 pax
733 787 859 849 nostra,
877 775 1058 860 enunciavit
1070 777 1099 839 ei

60 881 169 946 omnia
189 882 283 946 verba
297 881 385 967 ejus,
407 892 441 944 et
456 903 521 946 uon
538 890 586 944 est
602 883 734 946 verbum
754 881 841 967 qnod
862 881 1004 946 omiserit
1024 905 1097 956 rex,

57 1001 92 1054 et
108 1011 173 1054 non
191 989 407 1054 enunciaverit
421 988 460 1052 ei.
479 989 623 1076 Denique
637 1011 712 1054 cnm
727 989 793 1076 jam
810 1001 934 1078 tempus
949 991 1100 1080 passionis

54 1096 350 1184 appropinquaret,
374 1095 419 1160 sic
436 1093 576 1182 loquitur
595 1096 636 1160 ad
657 1119 751 1171 eam,
775 1096 809 1161 id
832 1107 900 1172 est,
922 1099 962 1162 ad
984 1096 1102 1162 electos

56 1201 232 1290 discipulos
243 1225 339 1268 suos:
361 1201 456 1268 «dam
473 1225 537 1268 nou
554 1204 659 1270 dicam
676 1227 732 1269 vos
751 1227 876 1279 servos,
891 1205 946 1267 sed
962 1205 1100 1275 amicos.

22 1363 24 1372 ,
58 1311 157 1396 »quia
177 1333 287 1376 servus
304 1309 405 1376 nescit
425 1309 501 1396 quid
520 1310 614 1376 faciat
633 1310 780 1374 dominus
803 1312 882 1398 ejus.
906 1301 982 1398 Ego¹
996 1323 1104 1377 autem

63 1430 159 1483 »nota
176 1417 235 1484 leci
254 1419 340 1484 vobis
355 1415 460 1482 omnia
477 1439 685 1504 quaecumque
703 1419 806 1482 audivi
822 1443 839 1484 a
858 1431 947 1508 patre
965 1419 1066 1484 meo¹.
1084 1447 1096 1480 t

65 1527 122 1594 Sic
141 1549 215 1613 ergo
244 1523 394 1612 impletur
416 1525 502 1612 quod
524 1525 626 1602 dixit,
665 1526 737 1612 quia
761 1549 825 1593 nou
851 1526 945 1591 suerit
969 1529 1102 1594 verbum

65 1633 154 1719 quod
168 1655 228 1698 non
240 1633 453 1698 enunciaverit
467 1632 619 1719 pacificus
632 1633 784 1698 Dominus
799 1635 914 1720 reginae
924 1634 1034 1701 Sabaa²
1048 1685 1056 1710 ‚
1071 1635 1103 1702 id

65 1752 140 1818 est,
163 1737 298 1806 ecclesiae
321 1760 360 1804 ex
383 1741 530 1827 gentibus
553 1752 761 1828 congregata.
787 1743 884 1822 Quod
905 1743 930 1807 si
953 1744 1104 1810 intuearis

63 1846 206 1914 ecclesiae
215 1859 331 1914 statum
342 1897 350 1922 ‚
363 1860 395 1911 et
407 1847 653 1936 dispensationes
666 1850 735 1937 ejus
748 1849 1025 1939 ordinationesque
1037 1853 1106 1938 ejus

59 1955 264 2030 consideres,
287 1967 363 2020 tunc
379 1953 521 2020 advertes
537 1955 698 2043 quomodo
721 1959 826 2044 regina
846 1957 958 2022 mirata
974 1959 1014 2022 sit
1035 1981 1105 2022 ona-

61 2085 139 2128 uem
162 2063 362 2150 prudentiam
388 2062 575 2129 Salomonis.
607 2062 707 2129 Simul
731 2076 763 2127 et
785 2065 933 2152 require,
957 2088 1015 2130 cnr
1041 2065 1119 2130 non

24 2192 29 2201 ·
62 2171 179 2236 dixerit
201 2193 330 2236 omnem
348 2172 553 2258 sapientiam,
575 2172 630 2235 scd
646 2195 774 2236 omnem
794 2172 995 2258 prudentiam
1014 2171 1105 2263 Salo-

61 2278 193 2344 monis:
211 2279 361 2364 quoniam
380 2280 508 2366 quidem
526 2280 642 2344 eruditi
654 2279 709 2344 viri
724 2279 925 2366 prudentiam
941 2280 980 2343 de
998 2279 1108 2346 hnma-

64 2387 118 2452 nis
132 2386 284 2473 negotiis,
300 2387 485 2473 sapientiam
505 2386 544 2450 de
561 2387 673 2451 divinis
688 2385 818 2474 intelligi
840 2385 958 2450 volunt.
982 2387 1112 2479 ldcirco¹

60 2493 207 2558 fortassis
219 2505 251 2558 et
263 2493 404 2558 Ecclesia
419 2517 505 2556 nuuc
522 2494 648 2558 iuterim
661 2493 777 2560 Christi
788 2495 990 2582 prudentiam
1007 2494 1105 2558 mira-

58 2613 137 2674 tur,
154 2600 232 2666 dum
247 2591 383 2666 interris
394 2611 461 2674 est,
478 2612 510 2664 et
527 2601 610 2664 inter
629 2601 773 2666 homines
790 2611 1003 2665 conversatur.
1025 2601 1107 2666 Cum

58 2719 174 2776 autem
195 2709 314 2772 venerit
338 2709 424 2794 quod
444 2709 621 2797 perfectum
644 2721 710 2781 est.
733 2721 764 2772 et
787 2709 826 2772 de
847 2709 938 2772 terris
958 2706 1107 2771 translata

57 2815 165 2882 suerit
175 2816 215 2880 ad
226 2814 359 2890 coelum,
373 2827 451 2882 tuuc
463 2816 579 2880 videbit
591 2837 719 2880 omnem
732 2817 917 2903 sapientiam
930 2815 1017 2903 ejus,
1032 2838 1105 2880 curn

57 2926 134 3013 jam
151 2946 215 2988 nou
230 2947 287 3010 per
301 2924 458 3010 speciem,
477 2947 542 2988 non
563 2947 620 3010 per
634 2923 819 3010 aenigmata,
836 2924 891 2988 sed
909 2922 988 2987 facie
1009 2921 1048 2988 ad
1063 2922 1106 2986 l’a-

53 3032 152 3098 ciem
171 3031 211 3095 de
229 3030 358 3118 singulis
374 3031 551 3117 quibusque
575 3029 753 3118 perspiciet.
775 3029 860 3094 Vidit
879 3043 984 3096 autem
1000 3043 1032 3094 et
1047 3030 1106 3094 do-

56 3161 160 3206 mum
178 3161 271 3224 quarn
289 3137 475 3212 aedificavit,
494 3140 561 3203 siue
577 3137 675 3202 dubio
691 3137 915 3202 incarnationis
930 3139 999 3225 ejus
1018 3160 1107 3228 mys-

55 3247 160 3312 teria.
178 3247 248 3333 lpsa
262 3259 310 3310 est
324 3246 410 3310 enim
429 3244 542 3309 domus
561 3268 656 3332 quam
674 3244 842 3310 aedificavit
864 3245 922 3308 sibi
941 3245 1100 3331 sapientia.

60 3353 161 3420 Vidit
180 3365 212 3416 et
233 3355 322 3418 cibos
345 3352 531 3418 Salomonis.
558 3352 631 3418 lllos
654 3366 731 3440 puto
755 3353 926 3439 dequibus
950 3352 1102 3419 dicebat:

11 3445 13 3532 ζ
67 3489 86 3524 α
100 3459 192 3524 Meus
203 3462 293 3526 cibus
304 3473 368 3534 est,
389 3472 422 3524 ut
438 3460 549 3526 faciam
566 3461 760 3526 voluntatem
774 3461 912 3546 ejusqui
930 3458 1014 3524 misit
1032 3482 1103 3534 me,

11 3555 12 3560 ἵ
53 3599 72 3636 ι
83 3581 126 3634 ut
138 3567 304 3657 perficiam
321 3591 400 3656 opus
414 3567 514 3654 ejus².
532 3597 544 3629 t
563 3567 649 3632 Vidit
663 3581 695 3631 et
712 3568 820 3632 sedem
835 3589 1006 3654 puerorum
1022 3567 1101 3652 ejus.

11 3745 13 3752 ,
52 3675 327 3746 Ecclesiasticum
344 3689 421 3763 puto
437 3676 580 3741 ordinem
598 3674 694 3749 dicit,
718 3674 772 3760 qni
795 3675 827 3738 in
843 3675 1042 3761 episcopatus
1057 3670 1105 3735 vel

11 3851 13 3856 ,
52 3783 257 3876 presbyterii
272 3783 399 3850 sedibus
415 3781 667 3878 habetur.„l{idit
681 3793 713 3844 et
727 3782 957 3856 ordinationes,
975 3780 1038 3844 sive
1050 3791 1109 3842 sta-

98 3921 201 3971 ¹Joam
214 3939 257 3980 xv,
280 3931 318 3978 rt,
337 3919 376 3970 15.
395 3916 466 3968 „23
482 3923 578 3986 Rrga.
593 3914 725 3968 -³Joun.
743 3916 835 3977 rv,3t.
