2776 4616
293 291 356 366 458
736 303 875 347 curremus

294 440 326 492 et
339 429 441 494 omnis
454 426 547 492 lsrael
560 428 665 492 venire
681 426 812 514 coeperit
823 425 864 490 ad
875 423 971 490 fidem
984 421 1113 490 Christi,
1126 415 1170 483 illi
1184 419 1307 504 inquam

293 538 346 624 qui
363 559 449 601 nunc
464 534 572 600 oculos
588 536 739 614 habentes
754 557 818 600 non
834 533 953 607 rident,
970 545 1047 596 tuuc
1066 529 1226 594 ridebunt.
1244 524 1307 590 Ele·

293 646 413 710 vabunt
423 645 507 710 euim
522 643 629 710 oculos
641 667 713 708 suos
725 645 764 710 ad
777 643 901 709 altiores
915 638 1133 729 etspirituales
1148 659 1267 710 sensus,
1279 648 1307 700 et

293 753 457 828 videbunt,
472 766 505 818 et
525 753 699 843 intelligent
713 755 786 841 quia
801 757 921 820 bonnm
941 763 990 818 est
1009 751 1042 816 in
1060 758 1231 837 conspectu
1246 745 1308 811 Do-

293 864 371 929 mini
382 863 570 930 beuedicere
581 861 890 952 spiritualemlsraiil.
906 859 1158 928 Videbuntenim
1168 879 1243 922 enm
1254 856 1309 921 dis

294 974 431 1062 positum
445 995 502 1063 per
513 975 626 1049 tribus,
642 987 674 1040 et
688 998 745 1063 per
756 975 879 1047 domos,
892 985 924 1039 et
936 994 991 1060 per
1003 967 1145 1042 familias,
1159 981 1192 1032 ot
1202 987 1311 1030 unam·

294 1105 451 1170 quemque
467 1083 500 1147 in
515 1107 571 1147 suo
587 1083 696 1148 ordine
711 1082 946 1148 resurrectionis
959 1079 1090 1169 gloriam
1105 1076 1309 1164 adepturum

295 1205 328 1258 ct
338 1205 495 1280 assumpta
511 1191 656 1282 parabola
672 1216 727 1257 sua
744 1190 919 1280 intelligent
932 1213 1002 1277 quae
1016 1189 1047 1252 in
1063 1181 1221 1274 parabolis
1237 1184 1310 1249 scri-

295 1313 349 1390 pta
361 1314 446 1376 sunt,
460 1325 528 1388 quae
544 1324 642 1377 nunc,
658 1311 786 1389 propter
800 1298 940 1364 velamen
952 1296 1037 1384 quod
1053 1294 1188 1382 positum
1203 1304 1253 1356 est
1269 1315 1309 1356 su
1372 1379 1373 1392 χ

271 1459 273 1462 -
295 1435 353 1498 per
367 1434 422 1476 cor
441 1433 565 1486 eorum,
582 1435 684 1498 neque
700 1411 806 1476 vident
829 1427 930 1496 neque
952 1403 1138 1493 intelligunt.
1157 1403 1308 1489 Denique,
1372 1411 1373 1454 t

304 1545 391 1587 «non
407 1522 496 1594 abiit,
512 1522 635 1606 inquit,
654 1543 692 1586 ex
708 1543 796 1585 more
811 1521 843 1584 in
859 1539 1027 1584 occursum
1044 1513 1200 1602 auspiciis.
1217 1541 1232 1572 ι
1247 1513 1311 1578 Nou
1371 1455 1373 1562 l

296 1630 382 1696 enim
397 1651 485 1694 more
498 1629 555 1693 sibi
569 1626 673 1700 solito,
689 1626 791 1693 stultis
806 1641 839 1692 et
850 1626 994 1692 inanimis
1010 1623 1151 1689 sensibus
1162 1622 1309 1708 rapietur,

296 1738 483 1804 animalibus
495 1740 590 1803 mutis
601 1751 633 1804 et
644 1739 817 1826 pecudibus
827 1739 884 1802 Dei
898 1735 1099 1802 considerans
1108 1730 1314 1804 voluntatem,

296 1851 378 1914 sicut
392 1849 412 1911 ii
428 1849 481 1934 qui
496 1846 613 1914 existis
629 1848 742 1914 talibus
757 1847 893 1936 auspicia
907 1844 1078 1933 colligunt:
1098 1842 1151 1908 sed
1164 1851 1316 1928 agnoscet

296 1958 391 2020 etiam
406 1957 485 2044 ipsc,
497 1957 568 2044 quia
585 1979 687 2045 neque
702 1958 742 2022 dc
758 1958 859 2022 bobus
875 1970 948 2022 cura
961 1966 1007 2019 est
1019 1953 1099 2026 Deo,
1111 1948 1318 2016 similiter-nu

296 2065 411 2152 quode
423 2067 546 2140 ovibus,
559 2090 660 2154 neque
673 2066 712 2132 dc
727 2066 849 2140 aribus,
863 2063 990 2151 aliisque
1002 2061 1211 2131 animalibus;
1226 2060 1313 2124 sedsi

298 2197 358 2261 qua
370 2175 411 2240 dc
424 2175 472 2241 his
488 2176 603 2264 scripta
618 2187 702 2250 sunt,
719 2187 848 2263 propter
862 2173 1006 2239 homines
1020 2168 1172 2259 intelliget
1185 2169 1306 2256 scripta.

341 2285 399 2350 lll.
418 2283 482 2352 Sed
495 2285 655 2350 rideamus
672 2284 736 2371 jam
752 2305 822 2370 quar
835 2283 897 2347 sint
911 2305 982 2372 qua
997 2282 1028 2345 in
1043 2281 1134 2344 tertia
1150 2278 1314 2366 prophetia

297 2392 502 2482 proloquatur
519 2393 656 2460 Balaam.
682 2394 804 2467 «Dixit,
826 2393 949 2477 inquit,
971 2389 1097 2456 balaam
1118 2387 1206 2452 iilius
1226 2389 1318 2458 Beor,

297 2531 310 2564 s
326 2503 421 2568 homo
436 2525 510 2567 vere
526 2502 645 2576 ridens,
662 2502 752 2575 dixit,
765 2501 893 2566 audiens
909 2501 1002 2564 verba
1017 2498 1132 2571 Fortis,
1146 2498 1203 2586 qui
1221 2500 1320 2562 visun

296 2641 311 2672 s
327 2611 384 2676 Dei
393 2610 469 2676 ridit
480 2612 512 2676 iu
524 2610 654 2683 somnis,
667 2601 794 2676 revelati
805 2609 889 2675 oculi
900 2610 970 2696 ejus
979 2609 1026 2671 ¹.»
1046 2608 1160 2672 Mirum
1175 2609 1323 2696 proiecto

296 2730 345 2784 est
366 2717 527 2806 quomodo
548 2729 641 2783 tautae
665 2715 765 2782 laudis
790 2717 901 2805 dignus
924 2716 1078 2781 habeatur
1099 2713 1250 2790 Balaam,
1274 2714 1323 2802 qui

298 2839 429 2915 accepta
447 2825 595 2915 parabola
616 2851 670 2892 suu
690 2827 757 2892 brec
779 2827 819 2890 de
833 2827 1001 2914 semetipso
1014 2825 1210 2914 pronuntiat.
1234 2826 1324 2906 Quo-

299 2937 395 3001 modo
415 2936 501 3001 enim
519 2936 615 3002 homo
630 2960 701 3002 rere
718 2936 825 3002 videns
838 2935 965 3002 bobum
980 2935 1031 3010 sit,
1048 2935 1101 3022 qui
1120 2933 1323 3006 divinationi,

300 3045 437 3131 auguriis
452 3067 580 3133 operam
592 3046 726 3120 dederit,
739 3047 792 3132 qui
807 3046 900 3112 ctiam
917 3045 1045 3134 magicus
1056 3043 1231 3118 studuerit,
1246 3047 1327 3108 sicut

299 3176 392 3240 supra
409 3154 616 3230 ostendimus,
629 3151 718 3220 valde
734 3155 849 3220 mirum
865 3167 929 3226 est:
943 3154 1001 3218 uisi
1018 3154 1097 3219 sorte
1111 3177 1171 3241 pro
1182 3177 1225 3218 eo
1237 3153 1330 3240 quod

299 3283 393 3348 supra
410 3260 529 3328 dictum
545 3273 605 3337 ast,
618 3263 690 3348 quia
702 3262 835 3350 Spiritus
851 3262 908 3326 Dei
924 3261 1024 3328 factus
1040 3261 1178 3326 fueritin
1195 3261 1285 3349 ipso.
1298 3273 1328 3324 et

301 3372 373 3458 quia
386 3373 517 3438 verbum
532 3373 589 3438 Dei
605 3373 740 3460 positum
755 3375 794 3440 sit
806 3373 837 3436 in
851 3395 905 3438 ore
920 3373 1001 3459 ejus,
1016 3371 1085 3436 brec
1100 3369 1139 3435 de
1153 3393 1195 3434 eo
1212 3385 1331 3458 poten

300 3493 353 3544 tur
364 3493 427 3544 tam
441 3503 551 3569 magna
563 3482 741 3568 conscripta
750 3503 817 3546 csse
828 3481 993 3568 praeconia.
1009 3481 1074 3548 Nec
1086 3479 1213 3566 Moyses
1226 3483 1326 3547 enin.

301 3615 362 3658 nec
373 3589 451 3656 alius
463 3592 531 3677 quis
542 3589 769 3678 Prophetarum
780 3589 869 3658 facile
882 3592 1056 3659 invenietur
1067 3590 1164 3656 tantis
1172 3587 1326 3656 laudibus

301 3700 449 3766 elevatus.
467 3698 555 3764 Unde
563 3701 659 3788 magis
671 3699 747 3764 mibi
757 3699 878 3766 videtur
889 3700 957 3766 bruc
968 3696 1011 3763 illi
1023 3696 1139 3786 populo
1151 3701 1332 3766 conuenire

302 3836 340 3877 co
354 3825 494 3896 tempore
509 3832 584 3895 quo,
598 3811 661 3897 jam
677 3832 844 3876 conversus
860 3810 899 3876 ad
916 3794 1098 3884 Dominum,
1113 3808 1270 3900 deposuit
1283 3809 1337 3872 'rc

338 3943 346 3976 ¹
359 3941 434 3990 Num·
448 3955 513 3996 xxiv,
527 3939 551 3996 5,
562 3939 584 3994 l.
