2748 4596
351 262 382 302 tlt
408 259 523 302 etenum
544 259 613 302 JssflU
639 259 721 306 ΜΠ
747 263 819 306 [dodi.
847 265 922 305 xvii.
1118 267 1153 326 71

121 385 323 454 umbravere
338 397 370 450 et
384 383 696 475 exemplar·veritatis
707 388 739 452 in
756 389 858 452 terris.
873 389 913 454 Et
924 390 1027 456 donec
1044 393 1157 458 umbra

122 499 190 563 baec
204 495 372 562 constabat
380 494 413 559 in
426 495 517 559 terris
528 545 537 571 ,
549 507 617 561 erut
625 493 801 562 Jerusalem
813 498 969 563 terrestris
980 549 989 574 ,
1003 507 1071 564 erat
1082 511 1161 564 tem-

123 605 232 694 plum,
249 615 318 668 erat
334 601 431 668 altare
442 652 451 678 ,
464 615 533 668 erat
548 615 580 668 et
596 602 725 669 visibilis
740 602 860 680 cultus,
880 619 970 671 erant
992 607 1160 695 pontifices

125 725 157 777 ot
170 709 365 782 sacerdotem
384 711 574 775 constabant
587 711 683 777 etiam
695 711 836 777 civitates
852 723 884 777 et
901 713 959 777 vici
975 713 995 778 J
999 714 1110 788 udaeae,
1129 726 1161 777 et

128 814 308 882 omuiabaee
319 837 391 901 quae
404 836 488 878 nunc
500 813 533 879 in
544 813 607 878 boc
619 814 701 880 libro
713 813 870 903 descripta
882 816 1064 882 recitantur.
1079 815 1161 881 Cum

127 947 202 988 vero
224 923 257 987 in
274 922 412 986 adventu
431 919 601 986 Salvatoris
621 922 722 986 nostri
742 919 800 986 Dei
820 945 837 986 e
858 921 945 988 coelis
968 922 1162 988 descendens

136 1030 272 1096 «veritas
287 1028 327 1093 de
342 1039 587 1103 terremtatem,
604 1040 636 1093 et
651 1028 771 1116 justitia
786 1029 826 1093 de
840 1027 922 1094 coelo
937 1030 1155 1120 prospexit¹‚»

128 1140 250 1204 umbrae
262 1149 295 1202 et
309 1133 500 1224 exemplaria
514 1135 709 1202 ceciderunt.
726 1137 850 1203 Cecidit
868 1138 953 1203 enim
969 1136 1162 1215 Jerusalem,

126 1246 245 1312 cecidit
264 1241 440 1331 templum,
466 1241 564 1308 altare
582 1241 742 1309 sublatum
765 1254 833 1320 est,
857 1245 901 1308 uti
924 1245 989 1332 jam
1010 1266 1113 1332 neque
1131 1246 1163 1310 in

130 1357 241 1418 merite
255 1351 411 1427 Gerizim,
428 1371 533 1437 neque
546 1350 579 1415 in
595 1349 802 1438 ierosolymis
818 1351 857 1416 sit
874 1350 963 1417 locus
974 1353 1028 1418 ubi
1041 1365 1168 1441 oportet

131 1461 281 1534 adorare,
297 1459 353 1525 sed
368 1458 433 1524 veri
448 1457 630 1523 adoratores
645 1459 698 1546 qui
714 1457 846 1524 adorant
861 1459 987 1524 Patrem
1003 1459 1035 1524 in
1051 1461 1163 1548 spiritu

131 1579 166 1634 et
177 1568 308 1634 veritate
319 1566 458 1632 adorent.
470 1565 524 1631 Sic
535 1587 610 1653 ergo
622 1576 776 1654 praesente
787 1565 917 1631 veritate
928 1616 936 1642 ,
949 1579 1043 1655 typus
1055 1581 1087 1633 et
1100 1591 1167 1632 um-

133 1677 192 1741 bra
207 1674 359 1740 cessavit:
376 1685 408 1740 et
423 1695 499 1738 cum
514 1672 636 1760 adesset
651 1672 825 1761 tempium,
841 1674 928 1760 quod
942 1697 998 1762 per
1013 1675 1165 1763 Spiritum

132 1783 209 1858 Dei,
225 1793 259 1847 et
269 1782 417 1847 virtutem
433 1779 583 1846 ditissimi
599 1781 630 1845 in
646 1791 738 1846 utero
753 1780 880 1868 virginis
895 1780 1083 1847 fabricatum
1099 1795 1175 1857 est..

131 1891 274 1958 dirutum
285 1901 334 1954 est
349 1887 505 1977 templum
519 1911 558 1952 ex
574 1886 729 1974 lapidibus
742 1887 949 1956 fabricatum..
958 1887 1076 1954 Aderat
1086 1912 1167 1978 pon--

128 2000 206 2064 tifex
221 1999 400 2062 futurorum
417 1999 587 2062 bonorum.
606 1995 814 2062 Cessaserunt
826 1997 990 2082 pontifices
1003 2009 1176 2062 taurorum·

128 2119 164 2173 et
178 2107 353 2171 hircorum.
371 2103 466 2170 Venit
481 2103 588 2191 dgnus
602 2104 660 2170 Dei
670 2152 682 2177 ‚
694 2104 747 2191 qui
759 2101 840 2167 tollit
854 2117 1021 2191 peccatum
1037 2105 1169 2180 mundi,

132 2214 253 2278 destitit
274 2234 372 2300 ugnus
391 2234 430 2275 ex
449 2210 624 2299 pecudibus
642 2221 818 2298 assumptus
836 2221 871 2274 et
894 2211 1106 2298 nequidquam
1122 2223 1169 2277 tot

136 2321 256 2388 saeculis
271 2319 445 2410 jugulatusa
458 2320 559 2408 igitur
573 2320 598 2383 si
614 2319 682 2386 haec
698 2319 804 2384 omnia
819 2341 889 2406 quas
904 2319 941 2384 in
952 2321 1065 2385 umbra
1082 2321 1178 2407 prio·-

132 2430 302 2496 ribusdata
313 2429 454 2503 fuerant,
470 2439 624 2516 praesente
633 2438 664 2491 et
673 2427 834 2492 assistente
846 2427 975 2493 veritate
988 2440 1150 2492 cessarunt
1159 2477 1177 2504 ,.

129 2559 332 2626 consequeus
348 2537 414 2601 sine
430 2536 527 2600 dubio
542 2547 633 2610 erat,
651 2547 686 2598 ut
703 2534 886 2599 haereditate
905 2535 995 2623 regni
1015 2533 1169 2601 coelorum

131 2647 290 2737 patefacta
302 2645 487 2720 ‚baererbtas
503 2655 627 2708 terrena
637 2653 786 2710 cessaret.
803 2643 895 2709 Ratio
909 2655 1014 2709 autem
1027 2667 1091 2730 qua
1101 2642 1171 2708 haee

130 2765 251 2822 cuncta
263 2753 462 2828 desinerent,
478 2750 531 2818 iiia
546 2763 610 2826 est,
628 2763 663 2815 ut
674 2772 769 2815 omne
784 2773 819 2816 os
836 2751 1030 2826 obstruetur,
1047 2763 1079 2816 et
1095 2751 1172 2816 sub—

133 2863 220 2927 ditus
233 2859 398 2926 iintomnis
413 2859 551 2928 mundus
566 2859 654 2934 Deo,
671 2881 711 2923 ne
726 2858 780 2944 qui
792 2857 873 2922 sorte
886 2881 925 2922 ex
939 2857 1102 2924 incredulo
1117 2883 1172 2949 po

135 2971 231 3060 puio,
256 2971 436 3036 occasiones
456 2991 521 3034 sure
539 2967 731 3034 infidelitatis
754 2967 952 3054 acciperent,
970 2980 1002 3032 et
1018 2967 1172 3034 habentes

133 3077 267 3141 umbras
283 3072 528 3162 antiquitussibi
547 3071 694 3147 traditas,
711 3069 759 3135 vel
778 3068 903 3158 templi,
920 3069 968 3136 vel
985 3069 1106 3148 altaris,
1123 3071 1181 3138 vel·

132 3182 324 3274 pontificum
337 3232 350 3257 ,1
369 3179 416 3246 vel
434 3177 634 3246 sacerdotum
645 3229 663 3254 ,,
678 3177 861 3243 viderentur
882 3178 940 3243 sibi
966 3192 1172 3266 permanente

93 3325 98 3338 ,
135 3288 374 3378 antiquicultus
392 3299 475 3356 statu
486 3286 684 3375 praevaricari
696 3283 853 3372 religionis
866 3285 1009 3351 ordinem
1022 3289 1047 3351 si
1064 3288 1173 3353 transi-

138 3408 213 3463 rent
225 3397 263 3462 ad
276 3396 388 3461 fidems
401 3395 571 3482 Propterea
581 3415 658 3481 ergo
670 3392 784 3460 auferri
798 3391 867 3457 baec
877 3394 1064 3482 omnia-qum
1073 3396 1104 3460 in
1113 3406 1174 3460 ter-

134 3507 182 3572 ris
197 3503 316 3568 dudum
332 3503 457 3568 fuerant
472 3502 657 3566 adumbrata
667 3549 675 3574 ,
687 3498 792 3564 divina
803 3500 998 3587 providentia
1013 3501 1174 3590 dispeusa-

137 3614 202 3686 sit,
221 3623 255 3675 ut
276 3612 358 3675 riam
381 3609 617 3698 quodammodo
640 3608 796 3695 accipiant
818 3608 1013 3694 requirendae
1036 3611 1175 3675 veritatis

134 3718 334 3789 cessantibus
353 3717 446 3806 typis.
467 3717 499 3782 Si
520 3739 595 3804 ergo
618 3715 745 3780 veniens
764 3714 804 3780 ad
822 3714 998 3781 Jerusalem
1017 3716 1183 3782 civitatem.

178 3861 397 3923 *Psaimanxxxffi
412 3855 599 3910 11.-—²Juau.
619 3876 651 3907 ιν.
