2706 4624
379 305 410 350 IN
436 309 574 352 NUMEROS
598 311 725 353 uotum
751 311 791 352 Ν.
1038 315 1107 380 299

75 425 103 492 in
116 426 300 514 hujusmodi
317 429 605 493 constructionibus
620 429 790 516 exemplari
807 442 840 493 et
856 433 976 495 uurbrae
991 432 1099 496 eoeies·

74 539 148 602 tium
163 536 379 602 deservierit¹.
400 539 440 601 Et
456 537 530 602 ‘haee
550 538 691 613 audiens,
709 540 928 604 considerare
946 540 1026 606 sorte
1048 542 1098 606 isti

70 661 204 732 quatuor
214 647 342 712 ordines
350 659 526 712 castrorum
539 648 717 735 exemplum
729 649 790 713 sint
801 663 834 712 et
847 648 959 713 umbre
971 647 1097 714 iiieruur

71 770 203 842 quattuor
224 753 372 822 ordinuni
393 779 471 843 quos
492 757 532 820 ad
553 755 701 821 fletraess
723 759 863 823 scribens
879 757 993 822 Paulus
1015 776 1095 822 enu-

72 867 198 930 merarit
212 867 245 930 in
261 865 358 930 eoetis.
386 866 426 931 Et
447 889 564 930 rursus
579 864 759 932 israeliticis
781 879 917 954 quatuor
932 867 1098 935 ordinibus

70 990 255 1050 astrorum,
272 988 441 1062 quaternos
455 976 560 1061 udjiee
574 971 774 1049 levitarum
792 1000 861 1064 quae
877 999 933 1042 nos
949 999 1013 1040 nun
1032 989 1095 1041 tum
1188 1033 1190 1038 .
1250 977 1256 986 '

72 1083 234 1170 explanare
248 1096 282 1147 et
296 1083 432 1169 aperire,
448 1105 544 1170 quum
554 1084 727 1170 enutigisse
742 1079 976 1158 tantummodo,
990 1095 1097 1171 et'pu-

72 1193 200 1256 rioribus
212 1192 356 1256 sensibus
373 1191 418 1274 (si
433 1193 488 1276 qui
502 1205 610 1255 temen
630 1206 703 1255 sunt
715 1193 768 1279 qui
780 1215 875 1280 puros
891 1193 955 1256 hue
969 1203 1000 1256 et
1017 1192 1096 1257 libe*
1200 1201 1202 1207 ’

72 1299 355 1366 rmusaeeuluribus
365 1299 608 1388 cogitationibus
617 1323 726 1366 sensus
734 1301 918 1388 detulerint)
929 1301 1096 1374 indicasse,

71 1421 100 1470 et
109 1407 217 1474 ieviter
226 1411 446 1498 perstrinxisse
457 1409 611 1474 suffieiutr
626 1412 779 1499 «Accipe,
794 1412 915 1494 inquit,
927 1430 1097 1474 numerum

72 1545 85 1576 s
100 1517 231 1582 fiius-um
245 1519 346 1582 Cnath
356 1518 378 1581 ².
393 1520 499 1583 sEcce
512 1521 626 1583 iterum
640 1519 718 1583 alius
730 1519 943 1584 introducitur
953 1518 1032 1582 erdo
1042 1541 1099 1580 nu·

72 1649 236 1692 merorum.
255 1627 418 1692 Numerati
432 1637 507 1692 suut
519 1627 582 1713 jum
595 1627 651 1693 filii
665 1629 738 1694 Levi
755 1632 793 1693 ub
807 1651 871 1692 une
886 1648 993 1692 mense
1003 1640 1035 1691 et
1046 1649 1098 1691 su-

71 1759 131 1824 prn
147 1761 233 1802 nune
245 1750 455 1802 numeruntur
465 1737 521 1817 lilii
532 1739 606 1804 Levi
620 1763 635 1802 a
650 1739 798 1804 vicesimo
809 1739 919 1825 quinto
931 1761 1027 1814 annu,
1041 1739 1097 1802 sed

71 1869 132 1911 uon
144 1861 181 1911 ut
195 1850 227 1913 in
243 1848 365 1912 ceteris
379 1870 486 1936 supra,
500 1850 556 1914 sed
571 1871 670 1935 usque
683 1850 721 1914 ud
736 1849 1030 1936 quinquagesimum
1043 1870 1096 1911 un-

70 1979 152 2032 nun,
162 1970 194 2020 et
206 1957 242 2020 fir
253 1956 501 2044 istepraeeipuus
512 1945 706 2021 numerus'et
718 1954 848 2022 electus.
863 1955 999 2021 Additur
1010 1957 1095 2020 enim

68 2065 123 2131 iis:
135 2067 279 2140 ‹Omnis,
293 2068 414 2152 inquit,
427 2069 479 2154 qui
493 2069 636 2154 precedit
645 2067 683 2131 ud
693 2065 935 2131 ministrandum
947 2065 988 2129 ud
999 2087 1093 2152 opere
1166 2152 1171 2160 ι

67 2175 286 2240 »tabernaculi
298 2177 467 2240 testimonii
477 2175 499 2240 ⁸.
512 2177 589 2241 »isti
601 2188 673 2240 sunt
685 2177 737 2262 qui
751 2173 1096 2239 numerunturmeliore

64 2281 211 2366 quodum
227 2296 259 2346 et
272 2285 427 2372 proeeipuo
443 2307 588 2349 numero.
604 2283 693 2349 Sicut
708 2283 840 2347 enimin
856 2280 927 2345 {iliis
940 2279 1035 2346 lsrue‘l
1051 2281 1095 2344 di-

66 2388 222 2452 cebatur:
236 2389 361 2455 «Omnis
377 2394 430 2478 qui
447 2391 590 2479 procedit
603 2391 642 2453 ad
661 2389 804 2476 praeiiuur
815 2391 847 2453 in
864 2387 936 2451 filiis
950 2385 1044 2452 lsrael
1057 2408 1089 2450 rs

69 2495 106 2559 ‘te
123 2511 158 2561 et
174 2499 228 2562 hie
243 2499 376 2564 dieitur:
390 2500 530 2566 «Omnis
544 2493 597 2587 qui
612 2499 756 2587 procedit
771 2499 811 2562 ud
826 2495 1049 2569 ministerium,
1064 2507 1098 2558 ut

72 2605 190 2670 »iaciat
205 2629 299 2692 opera
316 2608 348 2671 in
366 2599 570 2672 tabernaculo
588 2607 769 2671 testimonii.
786 2605 882 2670 »Post
898 2605 966 2670 haee
981 2603 1097 2667 dieitur
1164 2637 1165 2642 κ

74 2737 134 2798 que
155 2716 219 2779 sint
235 2737 329 2803 opera
346 2715 484 2780 tiliorum
502 2715 602 2780 Ceath
619 2717 649 2779 in
666 2713 770 2779 medie
790 2712 929 2778 filiorum
951 2711 1026 2774 Levi
1048 2733 1098 2774 se-

75 2827 208 2890 emtum
223 2825 333 2913 plebes
348 2849 419 2890 suus
442 2827 474 2890 in
495 2823 701 2889 tabernaculo
718 2823 898 2888 testimonii.
914 2821 1097 2894 «introibit,

71 2931 217 3019 »iuquit
234 2935 341 2999 Aaron
356 2947 388 2998 et
404 2933 458 2998 iiiii
475 2936 556 3021 ejus,
574 2955 647 2997 cum
663 2931 782 2996 elevata
802 2931 918 2995 tirerint
935 2941 1049 3003 eastre,
1067 2940 1099 2991 et

70 3041 253 3129 sdeponent
268 3043 373 3108 velum
391 3068 454 3131 quo
472 3055 622 3131 teguntur
640 3055 760 3115 saneta,
774 3050 806 3105 et
818 3039 961 3126 operient
976 3061 1015 3101 ex
1032 3039 1098 3124 ipso

69 3149 162 3216 ‚reb
187 3173 293 3216 urcem
316 3154 495 3217 testamenti
506 3152 528 3216 ⁴.
548 3153 615 3216 »Et
637 3163 708 3238 post
730 3150 798 3214 haee
816 3161 936 3235 septem
953 3148 1097 3234 quaedum

66 3259 185 3346 specirs
202 3274 441 3337 enumerantur,
459 3285 529 3348 quae
544 3261 773 3350 praeeipiuntur
792 3258 917 3344 operiri.
942 3256 1047 3320 Primo
1066 3255 1100 3318 in

66 3365 153 3441 ioco,
170 3381 199 3431 rt
214 3370 357 3433 omnium
374 3371 553 3457 pretiosior,
574 3369 637 3454 ipsu
656 3389 727 3430 areu
745 3365 923 3429 testamenti
939 3365 1100 3450 operietur

65 3476 137 3542 velo
155 3497 217 3562 qro
236 3480 322 3565 prius
337 3477 513 3552 relabetur,
530 3478 584 3542 sed
600 3489 632 3540 et
648 3475 729 3564 pelie
745 3475 879 3561 desuper
893 3473 1099 3560 hyacinthina

66 3595 197 3670 tegetur
228 3585 364 3650 Additur
389 3587 485 3650 etiam
507 3583 592 3649 aliud
609 3582 751 3647 velamen
767 3583 904 3670 desuper
917 3580 1101 3672 hyacinthi7

65 3711 156 3756 num.
171 3690 318 3760 Secunde
331 3695 363 3759 in
375 3693 445 3760 loco
458 3715 566 3760 mensu
580 3691 849 3780 operitur,terti0‚
859 3688 1101 3758 candelabrum.

66 3816 194 3886 quarto,
206 3800 305 3866 altere
319 3823 465 3874 aureum,
480 3802 604 3889 quinto,
619 3820 688 3864 vesu
703 3799 877 3897 ministerii.
891 3798 986 3863 Sexto
999 3797 1100 3883 operi·

103 3929 112 3960 ³
135 3927 696 3990 thb.1xctx.-2Num.1r,2.-21bid,
716 3929 800 3978 5.-ι
812 3929 880 3978 ibid.
893 3931 916 3975 5.
