2660 4610
291 333 323 375 nt
348 331 512 374 caurrcuu
536 326 737 375 caurrconuu
762 333 822 376 saa.
851 335 886 375 n.
1036 315 1101 397 4¹7

70 470 192 518 uxoram
215 449 361 526 fuscam,
384 450 432 516 rel
457 452 600 539 nigram,
632 465 692 540 pro
718 476 780 540 qua
806 451 903 520 Maria
933 463 965 519 et
995 453 1103 522 Aaron

68 563 213 649 derogant
227 561 275 634 ei,
297 568 328 623 et
344 559 542 648 indignantes
563 561 701 625 dicunt:
728 559 900 649 «Nunquid
924 561 1023 650 Moysi
1044 561 1103 629 soli

70 669 236 734 ‚Dominus
261 666 390 733 locutus
407 667 483 732 esti
513 668 625 733 Nonne
646 679 678 732 et
696 668 788 733 nobis
807 667 932 735 locutas
961 682 1009 736 est
1024 670 1034 704 ¹
1051 671 1093 736 la

69 778 105 842 ln
127 799 186 865 quo
202 778 226 842 si
241 775 406 866 diligenter
420 775 699 852 consideres,·nec
719 779 976 865 consequentiam
997 803 1101 847 sermo

68 885 218 950 iuvenitur
247 885 365 950 hahere
402 882 580 949 historicus.
621 881 707 964 Quid
737 886 822 950 enim
857 887 1025 952 convenire
1061 887 1102 954 ad

65 1012 130 1058 rem
158 993 336 1068 ridebitur,
367 1004 403 1056 at
434 993 630 1080 indignantes
659 1012 717 1080 pro
748 992 937 1084 AEthiopissa
968 995 1099 1062 dicant:

70 1101 241 1188 ‹Nunquid
272 1099 328 1165 soli
359 1101 458 1189 Moysi
488 1099 612 1171 loeutus
641 1113 689 1165 est
719 1097 897 1167 Dominus?
932 1124 1038 1169 nonne
1068 1113 1104 1171 et

61 1209 169 1276 »nobis
197 1209 323 1274 locutus
345 1217 393 1273 est
413 1208 453 1272 t»
491 1207 668 1296 Oportebat
697 1209 810 1284 enim,
840 1209 864 1274 si
886 1207 948 1275 hoc
977 1221 1045 1276 erat
1067 1213 1100 1277 in

59 1335 169 1392 eausa,
186 1317 250 1382 diei
266 1314 306 1381 ab
321 1316 383 1392 eis,
403 1337 467 1381 non
483 1315 623 1404 oportuit
637 1327 688 1391 te,
707 1315 881 1403 &Moysesl
898 1339 1029 1384 uxorem
1045 1341 1100 1386 ao-

64 1425 163 1513 oipere
184 1423 430 1512 AEthiopissam,
454 1436 486 1489 et
509 1423 689 1488 desemine
710 1417 829 1499 (iham,
853 1423 909 1489 sed
928 1424 968 1490 de
986 1447 1101 1514 genere
1164 1431 1168 1434 ’

65 1543 141 1607 tuo,
164 1533 255 1598 etde
279 1532 375 1597 domo
398 1531 483 1597 Levi.
510 1533 633 1596 Horum
656 1528 734 1597 nihil
759 1531 890 1608 dicunt,
915 1533 970 1598 sed
990 1535 1100 1600 aiunt:

74 1636 242 1729 «Nnnqnid
264 1635 365 1728 Moysi
390 1639 447 1704 soli
469 1639 595 1704 locutus
619 1651 667 1703 est
688 1639 803 1704 Deus?
825 1639 937 1707 Nonne
956 1654 988 1705 et
1010 1642 1103 1708 nobis

67 1746 211 1814 »locutus
229 1747 326 1812 esti»
345 1747 381 1812 ln
405 1768 469 1834 quo
491 1759 523 1810 et
545 1747 623 1811 mihi
646 1747 771 1811 videtur
787 1749 964 1814 secundum
981 1759 1103 1838 myste-

60 1855 143 1919 rium
160 1855 256 1943 magis
280 1852 470 1919 intellexisse
486 1854 572 1942 quod
593 1866 717 1942 gestum
736 1865 803 1929 est,
827 1867 859 1920 et
878 1856 991 1920 vidisse
1014 1855 1102 1945 qnod

55 1965 124 2051 jam
139 1962 284 2049 Moyses,
301 1963 335 2026 id
349 1973 397 2027 est
413 1959 558 2050 spiritalis
574 1963 658 2037 Lex,
676 1961 708 2026 in
726 1961 851 2051 nuptias
868 1973 900 2027 et
914 1965 1101 2053 conjugium

55 2081 255 2158 congregatae
269 2089 309 2134 ex
325 2069 471 2158 gentibus
486 2069 638 2156 migraret
653 2066 794 2134 ecclesiae
810 2093 818 2133 a
835 2082 868 2133 et
884 2069 1014 2136 Mariam
1030 2093 1101 2160 quae

55 2199 223 2266 synagogae
240 2176 400 2244 derelictae
416 2176 570 2251 sormam,
594 2187 626 2240 et
642 2173 748 2240 Aaron
764 2177 817 2262 qui
839 2180 1005 2245 sacerdotii
1027 2200 1100 2247 car-

56 2286 139 2353 nalis
153 2288 282 2352 tenebat
297 2283 485 2374 imaginem,
499 2283 641 2351 videntes
658 2281 798 2348 ablatum
810 2306 907 2351 essea
923 2290 1098 2376 semetipsis

54 2412 210 2483 regnum,
229 2406 262 2458 et
278 2394 387 2458 datum
406 2416 474 2458 esse
492 2391 577 2480 genti
594 2391 720 2457 facienti
735 2392 857 2458 fructus
873 2393 944 2482 ejus
967 2395 1096 2461 dicere:

62 2502 244 2590 «Nunquid
256 2499 356 2585 Moysi
371 2499 428 2564 soli
446 2498 571 2566 loeutus
586 2507 634 2562 est
649 2498 757 2562 Deus?
773 2497 885 2564 Nonne
901 2511 933 2566 et
948 2503 1039 2594 nobis
1054 2502 1099 2568 lo-

47 2621 171 2676 scutus
195 2609 268 2674 esti
286 2627 307 2670 ι·
325 2608 468 2696 Denique
489 2617 521 2671 et
541 2606 664 2694 Moyses
688 2607 754 2694 ipse
776 2629 850 2674 cum
871 2618 958 2675 tanta
980 2623 1012 2675 et
1033 2623 1098 2678 tam

48 2717 225 2807 magnifica
238 2719 308 2805 ejus
321 2739 417 2805 opera
427 2715 501 2779 srdei
514 2737 551 2780 ac
560 2714 719 2804 patientiae
731 2714 919 2794 referantur,
934 2740 1097 2810 nunquam

45 2829 152 2893 tantis
169 2827 266 2891 auso
281 2824 382 2890 elatus
396 2836 444 2888 est
457 2822 622 2898 laudibus,
640 2833 674 2886 ut
688 2844 860 2890 annocum
872 2824 1096 2915 AEthiopissam

45 2935 146 3002 duxit
169 2954 312 3000 uxorem.
337 2933 430 2999 Nunc
451 2931 491 2997 de
512 2953 551 2995 eo
573 2931 704 3004 dicitur,
729 2932 801 3018 quia
829 2932 980 3021 «Moyses
999 2935 1096 3004 homo

43 3073 59 3105 s
69 3054 263 3110 mansuetus
281 3039 368 3108 valde
380 3060 476 3127 super
490 3059 600 3103 omnes
612 3038 757 3104 homines
768 3039 821 3127 qui
842 3049 916 3106 sunt
931 3064 1025 3132 super
1036 3058 1097 3111 ter-

40 3173 148 3217 ·ram
159 3150 181 3214 ².
199 3175 211 3210 s
229 3149 322 3215 Nunc
333 3157 366 3212 et
378 3146 456 3212 illud
468 3146 507 3210 de
519 3167 557 3210 eo
574 3145 651 3210 dicit
662 3145 815 3212 Dominus
827 3198 836 3224 ,
850 3149 923 3234 quia
942 3151 1099 3220 «siluerit

40 3288 57 3322 s
68 3261 110 3324 in
125 3256 216 3324 vobis
228 3258 400 3346 propheta,
418 3255 450 3318 iu
467 3247 637 3318 visionibus
649 3252 760 3341 loquar
770 3253 818 3329 ei,
837 3265 890 3320 aut
904 3257 1094 3338 insomniis,

41 3397 59 3432 s
70 3389 146 3432 non
166 3367 207 3431 ita
222 3378 257 3431 ut
273 3361 392 3430 famulo
407 3385 480 3428 meo
495 3362 615 3450 Moysi,
632 3361 686 3450 qui
703 3363 834 3428 inomni
854 3363 951 3432 domo
969 3391 1039 3434 mea
1055 3369 1096 3434 fi-

35 3508 54 3542 »
66 3473 160 3543 delis
178 3487 235 3540 est.
255 3475 299 3540 Os
319 3473 358 3537 ad
375 3497 409 3538 os
425 3472 537 3560 loquar
556 3471 596 3536 ad
614 3493 707 3545 eum,
726 3469 758 3535 in
784 3471 907 3561 specie,
926 3489 959 3540 et
980 3480 1095 3544 nonin

28 3584 262 3672 saenigmam,
275 3579 408 3671 gloriam
424 3579 543 3645 domini
561 3577 645 3644 vidit.
665 3577 705 3644 Et
721 3599 779 3644 cur
792 3601 857 3646 noa
874 3575 1020 3649 timuistis
1037 3585 1094 3651 de-

21 3729 44 3762 ι
56 3695 206 3763 trahere
228 3692 347 3759 famulo
367 3713 438 3756 meo
457 3689 575 3778 Moysi⁸
587 3687 629 3754 Ρ»
654 3691 729 3756 Haeo
748 3693 852 3759 omnia
868 3715 926 3782 pro
944 3696 1093 3784 conjugio

21 3801 257 3891 AEthiopissae
278 3797 402 3888 Moyses
425 3797 533 3864 audire
559 3799 676 3864 meruit
700 3821 716 3864 a
736 3799 882 3866 Domino.
912 3799 1031 3870 Verum
1058 3805 1098 3872 de

73 3961 86 3994 ¹
105 3955 193 4003 Num.
207 3969 263 4007 ιιι,
278 3967 303 3999 a.
317 3979 350 3987 —
363 3909 449 3998 tlbid.
460 3946 485 3998 3.
495 3951 547 3985 ..t
559 3943 625 3997 lbid.
638 3949 665 4010 6,
678 3965 705 4017 7,
718 3951 743 3996 8.
988 4015 993 4024 1

152 4061 187 4101 Χ·
933 4057 971 4118 27
