2644 4612
290 279 322 322 nr
349 277 510 321 canrrcuu
534 280 736 326 crurrconnu
759 285 818 326 arn.
847 259 893 326 rir.
1049 265 1112 340 481

79 421 209 486 campus
227 395 289 461 dici
307 406 426 483 potest,
444 395 556 460 dorem
574 396 642 461 lieri
659 401 791 464 verbum
807 399 884 475 Dei,
901 411 932 464 et
950 399 1039 466 initia
1057 402 1116 466 bo-

81 530 195 571 norum
211 527 342 592 operum
358 505 483 570 dooere.
501 504 557 570 llis
573 527 646 570 vero
661 505 715 592 qui
730 507 934 594 profundiora
949 508 1015 596 jam
1033 533 1114 596 qum-

82 625 155 678 rnnt
166 663 174 689 ,
187 624 219 677 et
231 612 421 677 demersiora
437 623 629 688 scrutantur,
645 614 733 700 quasi
747 613 778 678 in
791 613 983 680 convallibus
998 613 1045 680 vel
1056 641 1115 706 pro
1200 641 1204 649 ·

84 720 223 786 claritate
244 719 421 806 pudicitiae,
442 717 490 784 vel
513 743 569 807 pro
591 719 714 808 fulgore
735 721 894 809 sapientire
917 721 1053 788 efficitur
1075 721 1115 788 li·

85 826 175 901 lium,
194 839 227 890 ut
241 840 273 890 et
289 825 346 914 ipsi
362 825 440 892 fiant
459 825 522 892 lilia
537 828 734 915 erumpentia
752 828 790 892 de
805 827 911 892 medio
930 829 1113 915 spinarum,

85 936 114 1000 id
128 947 174 999 est
188 934 342 1023 fugientes
357 933 563 1023 cogitationes
579 946 611 998 et
625 933 850 1000 sollicitudines
864 933 1028 1002 saeeulares
1044 962 1114 1025 quae

81 1044 174 1130 spinis
191 1044 224 1108 in
237 1040 408 1130 Evangelio
422 1053 614 1130 comparate
630 1055 713 1108 sunt.

132 1181 142 1210 a
159 1152 250 1216 Sicut
270 1151 364 1216 arbor
382 1149 457 1216 mali
472 1151 556 1216 inter
570 1149 655 1239 ligna
670 1150 772 1228 silvae,
793 1152 835 1218 ita
853 1151 1009 1218 fraternus
1025 1177 1119 1234 meus

81 1261 182 1324 »inter
199 1259 340 1324 medium
354 1257 503 1324 filiorum.
524 1260 561 1324 ln
576 1260 688 1324 umbra
707 1261 776 1347 ejus
792 1262 960 1350 concupivi
979 1273 1011 1327 et
1028 1263 1115 1340 sedi,

81 1380 134 1432 »et
149 1368 271 1434 fructus
287 1368 356 1456 ejus
373 1367 472 1432 duleis
488 1367 521 1432 in
536 1367 679 1433 saucibus
695 1367 803 1436 meis¹.
826 1370 968 1436 »Decuit
987 1371 1115 1458 quidem

79 1499 230 1565 sponsum
248 1486 289 1558 vet
311 1476 350 1540 de
375 1476 544 1564 semetipso
571 1476 692 1552 dicere,
719 1476 796 1564 quid
822 1489 903 1544 esset
925 1479 958 1542 in
981 1501 1114 1566 campo,
1177 1495 1186 1507 ‘

18 1589 22 1596 '
81 1583 158 1668 quid
175 1582 271 1648 etiam
292 1581 325 1646 in
351 1579 574 1646 convallibus:
596 1593 628 1645 et
650 1582 822 1670 desponsa
844 1607 914 1670 quse
936 1595 1036 1658 esset,
1068 1582 1116 1648 vel

83 1688 181 1776 qualis
206 1689 288 1754 inter
305 1687 442 1754 'caeteras
474 1687 553 1756 filins
578 1687 758 1755 haberetur.
792 1690 947 1777 Sponsam
976 1713 1048 1754 vero
1073 1690 1114 1756 nd

7 1867 8 1884 p
84 1797 151 1862 haec
176 1796 417 1884 respondentem
438 1820 501 1862 non
523 1797 732 1863 conveniebat
750 1798 789 1862 de
811 1799 978 1886 semetipsa
996 1797 1114 1886 aliquid

7 1895 8 1984 J
79 1905 204 1979 dicere,
220 1905 277 1970 sed
293 1903 375 1970 allici
391 1915 489 1968 totam
505 1927 579 1993 erga
593 1903 835 1970 admirationem
851 1905 957 1992 sponsi
972 1916 1004 1969 et
1019 1905 1116 1992 ipsius

7 1995 8 2014 l
76 2009 225 2077 laudibus
248 2002 411 2078 inhaerere.
430 2011 602 2099 Comparat
621 2034 696 2098 ergo
719 2035 793 2076 enm
816 2011 920 2076 arbori
935 2009 1020 2076 mali.
1051 2011 1116 2076 Sed

75 2143 118 2184 ne
146 2142 185 2184 ex
206 2118 411 2184 similitudine
433 2118 587 2182 sermonis
613 2117 817 2204 simpliciores
844 2117 939 2205 aliqui
968 2120 1115 2184 arborem

7 2305 8 2318 χ
72 2226 154 2294 mali
169 2226 284 2293 malam
300 2229 446 2292 arborem
461 2236 591 2314 putent,
608 2236 640 2288 et
657 2223 805 2290 amelitia
820 2225 955 2300 dictam,
974 2226 1116 2292 dicamus

7 2325 8 2330 ἵ
70 2361 136 2402 nos
160 2337 306 2401 arborem
328 2333 423 2411 meli,
451 2356 554 2421 graeco
576 2331 706 2419 quidem
732 2332 860 2396 nomine
886 2343 1033 2407 utentes,
1060 2333 1116 2397 sed

68 2441 321 2531 simplicioribus
352 2441 530 2528 quibusque
558 2436 728 2502 latinorum
755 2438 879 2504 notiore
905 2461 1001 2524 quam
1027 2435 1112 2502 mali.

67 2549 189 2617 Melius
204 2560 251 2614 est
266 2548 350 2614 enim
370 2560 405 2612 ut
421 2546 644 2635 grammaticos
659 2545 877 2620 offendamus,
894 2569 988 2632 quam
1005 2543 1115 2632 legen-

67 2661 164 2726 tibus
175 2656 359 2746 serupulum
371 2655 508 2744 aliquem
520 2656 553 2719 in
565 2653 701 2718 veritatis
712 2652 932 2741 explanatione
943 2675 1110 2740 ponamus.

66 2769 249 2854 Comparat
264 2765 360 2853 igitur
378 2787 452 2829 eum
474 2762 578 2828 arbori
594 2759 687 2836 meli,
708 2759 829 2838 sodales
858 2783 926 2826 tero
946 2761 1015 2846 ejus
1039 2759 1114 2825 reli-

8 2875 9 2882 '
64 2875 147 2964 quis
170 2872 335 2939 arboribus
360 2869 464 2959 sylvas.
492 2870 555 2936 Sed
577 2892 728 2957 sponsum
749 2869 791 2932 ita
813 2869 917 2932 arbori
941 2867 1014 2932 huic
1039 2867 1113 2934 meli

63 2980 212 3050 similem
228 2981 322 3056 dicit,
339 2991 374 3043 ut
389 2979 484 3043 etiam
500 2977 685 3066 concupisse
698 2999 731 3040 se
748 2976 832 3039 dicat
844 2976 903 3039 sub
920 2977 1033 3042 umbra
1045 2978 1114 3064 ejus

9 3069 12 3108 l
62 3091 206 3164 sedere,
225 3089 428 3175 fructumque
443 3087 512 3172 ejus
530 3083 656 3150 dulcem
671 3084 732 3147 sibi
751 3083 901 3146 ellectum
922 3083 954 3150 in
971 3083 1114 3150 saucibus

9 3179 10 3194 l
62 3209 241 3268 asseveret.
262 3198 303 3262 Et
322 3195 391 3260 haee
409 3194 448 3259 ad
464 3189 711 3258 adolescentulas
728 3187 814 3276 loqui
833 3189 969 3266 videtur,
986 3191 1067 3256 sicut
1082 3205 1116 3257 et

9 3286 14 3326 Ι
64 3329 208 3396 sponsus
224 3303 348 3368 locutus
363 3314 410 3366 est
424 3301 510 3390 prins
527 3300 567 3365 a'd
583 3297 704 3364 sodales
720 3320 803 3362 snos.
825 3296 888 3362 Sed
907 3322 993 3364 nune
1006 3300 1114 3364 videa—

9 3396 12 3434 ἱ
63 3439 146 3484 mus
168 3413 342 3479 secundum
361 3409 566 3497 mysterium,
587 3430 666 3494 quos
690 3405 773 3470 dicat
793 3429 906 3493 sponsa
926 3405 1006 3472 tilios
1031 3408 1113 3470 inter

10 3517 13 3540 ¹
58 3548 154 3614 quos
166 3534 316 3608 tanquam
333 3520 479 3584 arborem
497 3513 571 3582 meli
586 3512 767 3603 praecellere
782 3512 903 3601 reliqua
920 3513 1014 3601 sylvae
1030 3511 1113 3602 ligna

56 3642 192 3702 asserat
206 3651 378 3719 sponsum,
392 3639 424 3690 et
435 3625 505 3706 vide
523 3623 547 3690 si
564 3646 731 3712 possumus
748 3623 926 3688 secundum
942 3644 979 3686 ea
995 3643 1064 3706 quae
1081 3623 1112 3688 in

10 3725 14 3758 ι
53 3739 290 3828 superioribus
307 3737 346 3800 de
363 3734 485 3800 liliabns
498 3745 530 3796 et
541 3732 637 3820 spinis
653 3728 821 3819 dupliciter
836 3729 1056 3816 exposuimus,
1070 3731 1112 3796 itu

10 3832 17 3872 l
110 3889 205 3933 ¹Cant.
220 3901 256 3942 rr,
272 3881 295 3932 3.

191 3997 217 4036 χ,
921 3961 955 4022 51
1067 4009 1072 4014 .
