2776 4616
378 312 409 355 ιιι
433 312 571 356 auuaaos
594 313 722 356 saurais
745 314 831 356 xrrn.
1047 292 1110 374 457

88 429 270 503 ostendent,
281 438 314 493 et
329 439 407 494 tuno
418 428 656 505 beatificabunt,
668 454 764 519 quem
774 430 869 497 modo
881 429 1109 519 blasphemant.

89 543 154 610 Sed
162 542 226 611 hoa
236 552 362 625 tempus
372 537 405 602 in
416 560 480 626 quo
489 537 559 604 haec
569 539 674 604 sutura
685 555 771 616 sunt,
784 562 847 606 non
858 541 1088 628 appropinquat
1101 561 1111 610 t

90 653 185 741 longe
199 649 284 716 enim
299 659 360 723 est,
376 660 410 712 et
430 648 462 713 in
478 649 546 738 ipso
562 647 668 715 saecuii
686 649 750 715 fine
768 651 969 738 sperandum.
988 651 1028 714 Et
1042 647 1114 713 ideo

92 762 139 826 ait
159 783 168 826 s
190 755 384 824 «Ostendam
400 754 456 832 itti,
475 769 507 822 et
527 779 591 824 non
607 757 703 823 moda
718 781 726 823 :
740 787 753 820 ι
769 757 826 834 itti,
842 759 904 824 hoc
918 769 978 834 est,
996 755 1114 846 populo

94 870 151 958 qui
165 881 241 935 tuuc
255 866 434 934 salvabitur.
449 866 627 957 Posthac:
651 868 816 944 «Orietur,
834 870 955 955 inquit,
973 867 1061 934 steila
1077 891 1116 932 cx

95 980 236 1054 »taaata
251 991 283 1043 et
304 989 433 1066 exurget
456 977 553 1044 homo
570 1002 609 1044 ex
628 979 763 1046 Israel.»
788 981 834 1045 De
853 980 901 1046 his
918 991 951 1045 et
969 980 1001 1045 in
1021 1002 1115 1068 supe-

93 1091 228 1155 rioribus
251 1088 398 1164 diximus,
418 1089 493 1174 quia'
517 1089 679 1154 evidenter
702 1090 741 1154 de
764 1088 852 1155 stella
874 1111 943 1179 quac
964 1088 1060 1178 Magis
1082 1088 1115 1153 in

91 1202 213 1266 oriente
228 1198 386 1288 apparuit,
402 1197 628 1287 prophetetur3
647 1221 707 1284 que
731 1199 811 1264 duce
834 1210 987 1264 venerunt
1006 1198 1046 1262 ad
1061 1196 1117 1262 Ju-

91 1313 206 1385 daeam,
223 1308 417 1397 aequitantes
432 1330 505 1373 eum
523 1308 577 1396 qui
597 1320 688 1374 natus
703 1321 750 1374 cst
765 1331 820 1373 rex
834 1308 943 1383 lsrael,
958 1319 991 1372 et
1007 1329 1117 1393 reper-

12 1427 15 1436 '
94 1433 165 1486 tuna
180 1418 291 1484 oblatis
305 1419 489 1484 muneribus
503 1418 723 1485 adoraverunt.
744 1419 806 1485 Sed
823 1432 928 1485 movet
950 1441 1014 1491 me,
1031 1417 1117 1505 quod

28 1509 32 1518 λ
100 1530 140 1595 de
162 1530 227 1618 ipsa
248 1527 344 1603 stella,
366 1539 570 1616 posteaquam
590 1528 712 1595 dictum
735 1541 782 1594 est
804 1530 837 1594 in
855 1526 1024 1618 Evangelio
1044 1527 1116 1614 quia

100 1637 290 1730 praecesserit
305 1637 407 1726 Magos
423 1660 521 1725 usque
536 1638 568 1702 in
583 1637 759 1714 Bethleem,
772 1649 804 1704 et
820 1639 947 1704 veniens
963 1638 1049 1703 stetit
1063 1661 1117 1703 su·

99 1772 153 1838 pra
167 1749 218 1814 ubi
229 1747 311 1812 Puer
324 1747 424 1823 erat¹,
439 1745 518 1812 ultra
532 1769 594 1814 non
612 1749 650 1813 sit
662 1749 783 1815 dictum
796 1750 867 1836 quia
880 1747 928 1815 vei
942 1747 1117 1813 discesserit

11 1897 12 1930 ι
97 1859 181 1933 inde,
201 1856 250 1924 vei
271 1857 444 1932 evanuerit,
461 1853 508 1921 vel
527 1871 685 1946 assumpta
703 1859 759 1933 sit,
780 1869 834 1923 aut
853 1855 970 1945 aliquid
988 1857 1118 1922 omnino

96 1968 135 2034 de
162 1968 223 2032 hoc
252 1966 389 2032 narratio
412 1964 599 2054 Evangelica
625 1967 847 2056 designaverit3
877 1967 932 2032 sed
959 1965 1021 2033 hoc
1051 1977 1119 2030 tnn-

11 2119 12 2158 ι
94 2091 164 2144 tum
178 2077 302 2150 dixerit,
316 2077 388 2164 quia
407 2077 491 2142 venit
509 2089 541 2141 et
556 2104 568 2137 ι
581 2079 666 2142 stetit
677 2101 769 2166 supra
786 2079 840 2144 ubi
855 2090 922 2143 erat
934 2101 1023 2166 puer.
1038 2107 1051 2139 a
1072 2077 1118 2145 Ne

11 2211 13 2238 1
98 2188 181 2252 sorte
199 2209 272 2274 ergo
287 2188 368 2253 sicut
387 2200 530 2275 tempore
552 2188 712 2275 baptismi,
737 2211 810 2254 cum
833 2190 1006 2277 baptizatus
1028 2188 1118 2252 iesus

104 2293 244 2359 aseendit
254 2293 293 2358 de
308 2294 456 2370 Jordaue,
471 2296 570 2383 aperti
589 2306 661 2360 sunt
681 2296 709 2361 ei
729 2295 816 2371 cati,
836 2307 868 2362 et
889 2297 964 2362 vidit
983 2277 1119 2362 ioannes

10 2447 12 2472 ι
103 2403 254 2492 Spiritum
266 2404 321 2468 Dei
335 2403 580 2470 descendentem
593 2407 679 2493 quasi
692 2404 887 2481 columbum,
898 2419 930 2471 et
943 2417 1120 2482 manentem

10 2563 11 2588 ι
99 2537 197 2602 super
210 2537 296 2590 eum,
308 2525 339 2579 et
351 2514 469 2580 audivit
487 2537 598 2580 vocem
614 2515 771 2580 dicentem
792 2517 831 2582 de
851 2515 954 2581 coeio:
976 2517 1058 2581 «Hic
1073 2527 1120 2580 est

10 2691 11 2698 ,
96 2623 226 2691 »Filius
241 2648 329 2692 rneus
348 2624 495 2700 dilectus,
518 2625 550 2689 in
573 2648 635 2712 quo
656 2627 737 2690 bene
759 2624 953 2714 complacui²
969 2649 1005 2690 :a
1026 2627 1067 2690 ita
1088 2638 1119 2690 et

96 2735 188 2804 steila
197 2735 263 2802 heo
274 2759 344 2822 quae
359 2736 443 2800 venit
454 2754 546 2823 supra
557 2737 611 2801 ubi
623 2749 691 2800 erat
701 2761 792 2824 puer,
802 2749 833 2802 et
843 2737 939 2809 stetit,
951 2737 983 2802 in
994 2729 1119 2800 Christo

94 2845 243 2914 similiter
256 2845 437 2933 pemransit,
455 2845 537 2912 sicut
550 2859 583 2911 et
605 2845 738 2934 Spiritus
754 2860 880 2913 sanetus
895 2849 927 2914 in
949 2847 1053 2936 specie
1069 2869 1120 2912 co-

96 2958 216 3025 tumba
231 2956 349 3022 senisse
363 2956 490 3031 dicitur,
506 2967 537 3020 et
553 2958 702 3022 mansisse
722 2957 753 3022 in
768 2981 817 3021 eo.
837 2957 877 3022 Et
897 2958 977 3022 sicut
998 2956 1118 3021 venisse

96 3066 323 3158 Spiritum·Dei
346 3088 440 3154 super
460 3089 547 3142 eum,
564 3079 595 3130 et
610 3067 760 3132 mansisse
776 3068 808 3131 in
823 3091 874 3142 co,
890 3067 932 3131 ita
949 3067 1119 3155 accipimus

10 3245 16 3258 ,
97 3178 186 3267 quod
197 3198 356 3263 nunquam
365 3178 406 3242 ab
418 3199 457 3241 eo
468 3177 630 3242 recesserit
644 3177 777 3264 Spiritus
788 3176 844 3241 Dei
861 3201 868 3242 :
881 3177 967 3242 etita
980 3177 1019 3241 de
1031 3173 1119 3241 stella

100 3311 172 3378 quse
186 3288 283 3362 venit,
298 3299 329 3352 et
345 3287 430 3352 stetit
444 3309 538 3375 super
552 3309 638 3361 eum,
652 3285 870 3374 accipiendum
886 3298 961 3373 puto
976 3285 1061 3373 quod
1076 3286 1121 3351 sic

103 3397 224 3462 steterit
237 3419 329 3485 saper
342 3419 417 3461 eum
429 3406 463 3460 ut
478 3419 639 3484 nunquam
655 3396 728 3461 inde
748 3409 833 3462 mota
850 3396 899 3462 sit.
919 3397 959 3460 Et
973 3395 1045 3461 ideo
1056 3395 1119 3460 dei·
1180 3459 1184 3466 ,

101 3615 274 3706 prophetias
288 3616 356 3682 haec
370 3616 481 3682 eadem
497 3627 726 3704 consequenter
742 3617 889 3692 ostendit,
905 3639 980 3683 curn
995 3618 1034 3682 de
1051 3616 1116 3681 dei-

99 3739 166 3796 tate
181 3726 309 3814 quidem
324 3727 391 3814 ejus
407 3726 505 3792 dicit:
523 3725 675 3793 «Orietur
689 3725 776 3792 stelin
793 3750 831 3792 ex
846 3728 964 3801 Jacoh;
980 3756 993 3788 ι
1009 3728 1049 3791 de
1063 3725 1119 3790 ha-

101 3858 197 3906 mana
212 3857 288 3901 vero
304 3847 415 3902 natura
434 3858 443 3900 ι
463 3837 530 3902 «Et
551 3849 679 3926 exurget
699 3837 795 3904 homo
811 3861 849 3904 ex
865 3836 958 3904 israel
979 3861 986 3901 :
1005 3865 1018 3900 ι
1041 3847 1075 3900 ut
1087 3833 1118 3898 in

136 3965 251 4013 ¹ttaut1.
262 3983 290 4014 ιι.
305 3993 333 4002 -
344 3965 356 4000 ²
367 3965 406 4014 ld.
420 3985 458 4026 ιιι,
472 3983 507 4032 ¹7·
