2692 4610
379 335 411 376 ιιι
435 325 608 380 sauricen
630 337 759 382 uourura
785 339 814 381 v.
1059 340 1118 404 ¹99

1 443 2 450 '
76 449 241 539 «Spiritus
258 449 349 515 anim
367 450 650 542 Domini‘replevit
666 456 777 520 orbem
796 447 955 534 terrarum
961 452 984 517 ¹.
999 481 1016 515 ι
1033 453 1117 519 Audi

71 573 102 624 et
119 561 177 625 tibi
200 560 280 648 quid
297 560 378 626 dicit
395 559 561 627 Christus:
585 565 693 630 «Eece
710 586 770 652 ogo
783 562 945 654 vobiscum
958 584 1028 625 sum
1046 585 1117 626 orn-

74 701 85 730 ι
99 673 198 736 nibus
215 671 332 736 diebus
347 695 447 759 usque
463 673 503 737 ad
518 675 824 739 consummationem
841 669 978 738 saeculi'.
994 699 1006 758 ι
1022 673 1063 736 Et
1079 673 1118 737 de

74 780 197 867 Spiritu
221 791 335 845 sancto
358 780 500 845 dicitur:
524 781 717 847 aEliundam
739 783 779 846 de
801 781 912 869 spiritu
932 801 1002 846 meo
1022 803 1118 866 super

75 911 231 954 »omnem
259 911 405 962 carnem,
430 899 462 953 at
487 889 756 978 prophetabunt⁸.
775 919 787 950 ι
806 889 888 954 Cum
913 911 988 978 ergo
1012 887 1117 953 videas

77 997 199 1060 habere
214 1009 247 1060 te
268 997 376 1060 omnia
393 1019 463 1082 quaa
479 998 617 1062 mundus
638 998 747 1073 habet,
766 998 912 1062 dubitare
934 1020 996 1062 non
1021 997 1123 1062 debes.

81 1104 167 1192 quod
187 1105 281 1168 etiam
302 1103 449 1170 animalia
467 1129 537 1191 quae
552 1106 731 1172 offeruntur
746 1107 777 1171 in
793 1104 901 1171 hostiis
922 1105 1019 1172 habes
1036 1107 1116 1171 intra

79 1223 122 1287 ta,
138 1223 171 1277 et
183 1233 223 1277 ex
234 1213 309 1299 ipsis
322 1209 500 1300 spirituales
511 1213 626 1280 offerre
639 1195 754 1280 debeas
770 1214 897 1279 hostias.
914 1215 976 1280 Sed
989 1216 1028 1280 de
1043 1213 1120 1289 11115,Ι

76 1335 174 1409 prout
189 1323 368 1409 potuimus,
385 1323 418 1386 in
434 1323 648 1410 superioribus
665 1322 909 1411 explanavimus.
946 1311 949 1320 ¹

122 1428 222 1496 Nune
237 1451 311 1493 varo
325 1428 402 1494 illud
420 1430 564 1495 addimus
580 1432 666 1517 quod
679 1410 767 1506 dicit,
785 1433 858 1518 quia
874 1431 906 1496 in
921 1429 992 1496 loeo
1009 1429 1117 1517 inquo

81 1534 273 1623 jugulantur
287 1535 481 1613 holocausta,
501 1538 543 1602 ibi
560 1540 656 1603 etiam
671 1539 781 1603 hostiae
802 1562 861 1630 pro
881 1537 1119 1630 peccato.‘Vide

80 1665 179 1730 quam
196 1642 294 1709 multa
311 1645 526 1710 misericordia
542 1659 573 1710 et
585 1647 763 1734 benignitas
773 1647 832 1712 Dei
852 1659 912 1722 est,
933 1660 968 1711 ut
981 1637 1039 1711 'ubi
1057 1647 1117 1712 ho-

78 1751 263 1818 incaustum
278 1752 442 1841 jugulatur
456 1752 535 1819 illud
547 1756 633 1842 quod
645 1754 702 1820 soli
718 1755 786 1820 Deo
803 1755 949 1848 offertur,
962 1757 1005 1821 ibi
1022 1757 1118 1820 etiam

72 1863 178 1928 hostia
195 1885 267 1950 quae
286 1885 347 1951 pro
363 1875 494 1951 peccato
505 1877 566 1940 est,
579 1864 735 1930 immolari
754 1865 928 1951 jubeatur:
951 1887 1013 1952 quo
1032 1863 1118 1932 scilia

72 1985 124 2038 eet
139 1970 298 2060 intelligat
320 1995 353 2036 se
375 1973 427 2058 qui
449 1974 604 2061 peccavit,
622 1985 655 2038 et
674 1973 819 2062 poenitet,
835 1985 867 2037 et
889 1959 1059 2063 conversus
1075 1974 1117 2039 ad

74 2083 253 2148 Dominum
266 2081 471 2146 contribulati
488 2084 616 2172 spiritus
628 2083 762 2148 hostiam
775 2083 909 2172 jugulat,
926 2085 958 2149 in
971 2083 1041 2150 loco
1053 2087 1118 2172 jam

78 2203 192 2256 saneto
217 2202 311 2264 stare,
335 2201 367 2254 et
388 2191 499 2254 sociari
522 2190 570 2255 his
592 2213 662 2276 quae
683 2191 843 2281 pertinent
866 2192 906 2255 ad
922 2177 1041 2257 Deum.
1069 2193 1117 2257 lbi

80 2318 162 2383 ergo
176 2295 356 2362 immolatur
378 2298 480 2362 hostia
502 2321 560 2386 pro
581 2311 729 2386 peccato,
753 2299 807 2365 ubi
829 2313 861 2364 et
882 2299 1118 2377 holocaustum,

80 2405 115 2470 in
133 2415 320 2492 conspectu,
335 2408 449 2495 inquit,
465 2407 591 2472 Domini
596 2456 764 2474 ............
780 2409 870 2474 liano
891 2396 966 2498 orgo
981 2409 1119 2475 hostiam

75 2537 150 2602 quae
165 2513 302 2579 offertur
316 2538 373 2602 pro
391 2515 541 2603 peccatis,
553 2515 631 2582 dicit
646 2539 713 2581 esse
725 2529 833 2582 sanata
845 2530 1039 2583 sanatorum.
1054 2515 1119 2580 Ma-

76 2629 128 2713 jus
144 2625 267 2712 aliquid
282 2625 400 2691 audere
415 2624 482 2690 vult
497 2649 616 2700 sermo,
631 2627 656 2691 si
674 2638 778 2692 tam'en
794 2637 826 2692 et
845 2640 949 2692 voster
968 2639 1119 2714 sequatur

73 2733 219 2800 auditus.
240 2732 322 2811 Quae
337 2744 385 2798 est
408 2733 510 2798 hostia
526 2757 597 2821 quae
619 2756 677 2822 pro
699 2735 839 2822 peccatis
860 2735 1005 2809 offertur,
1020 2745 1052 2797 et
1072 2747 1120 2799 est

72 2854 187 2908 sancta
198 2855 398 2917 sanatorum,
413 2843 470 2907 nisi
485 2843 663 2931 unigenitus
674 2829 1016 2943 FiliusDeiAEominus
1029 2865 1118 2908 meus

74 2953 174 3019 Jesns
191 2952 365 3018 Christus?
380 2953 450 3040 lpse
472 2951 557 3018 aolus
577 2965 626 3019 est
648 2952 749 3018 hostia
765 2976 823 3044 pro
837 2954 989 3042 peccatis,
1005 2964 1036 3016 et
1051 2953 1120 3042 ipse

72 3075 122 3128 est
137 3062 246 3128 hostia
262 3072 372 3126 sancta
395 3075 587 3128 sanctorum.
610 3062 674 3128 Sed
689 3063 775 3151 quod
790 3063 900 3127 addit:
923 3061 1114 3136 «Sacerdos,

75 3199 89 3232 ι
104 3171 235 3256 inquit,
251 3169 307 3256 qui
322 3169 415 3234 offert
432 3169 523 3247 illud,
536 3172 609 3236 edet
628 3169 718 3246 illud,
732 3155 889 3236 evidetur
905 3170 1032 3237 difficile
1051 3195 1120 3237 esse

76 3280 117 3344 ad
131 3277 348 3345 intellectum.
367 3275 449 3344 Illud
463 3279 548 3346 enim
565 3279 651 3371 quod
665 3279 827 3344 edendum
843 3279 932 3355 dicit,
949 3280 990 3343 ad
1008 3301 1119 3367 pecca·

79 3399 151 3451 tum
173 3385 284 3453 referri
310 3387 436 3452 videtur
454 3411 462 3452 ε
482 3389 562 3454 siout
582 3399 614 3452 et
637 3385 712 3453 alibi
737 3388 812 3453 dicit
839 3389 880 3453 de
904 3387 1122 3454 sacerdotibus

82 3493 246 3582 Propheta.
263 3497 338 3585 quia
358 3509 511 3583 ‹peacau
523 3494 632 3584 populi
644 3498 706 3562 mei
718 3495 992 3562 manducabunt‘.
1005 3525 1018 3558 ι
1029 3497 1119 3564 Unda

81 3615 117 3668 et
130 3602 184 3669 laic
198 3605 351 3680 ostendit,
372 3605 571 3671 sacerdotem
584 3591 753 3694 peecatum
768 3605 929 3672 offerentis
951 3606 1122 3671 comedero

76 3714 206 3782 debere.
225 3715 320 3804 Saepe
336 3715 533 3780 ostendimus
548 3739 587 3780 ex
609 3715 722 3782 divinis
744 3715 930 3804 seripturis,
958 3715 1126 3782 Christum

79 3847 149 3890 esse
165 3837 198 3890 et
211 3823 355 3890 hostiam
370 3847 440 3911 quae
456 3845 513 3913 pro
528 3838 660 3912 peccato
674 3825 786 3891 mundi
802 3824 946 3902 offertur,
966 3835 1000 3892 et
1014 3847 1123 3894 sacer·

114 3953 192 4021 '⁸³1²-
207 3973 227 4015 ι,
238 3971 264 4020 7.
274 3981 306 3992 -
320 3951 437 4003 ²ttanh.
450 3971 538 4014 ιινιιι,
551 3971 587 4004 ιο.
601 3984 630 3992 -
643 3954 653 3989 ⁸
664 3955 733 4015 soal,
747 3973 774 4016 ιι,
787 3955 824 4005 28.
838 3981 869 3993 -
880 3954 888 3989 ¹
901 3955 960 4006 an-
974 3971 1009 4016 rr,
1020 3953 1046 4008 8.
