2776 4616
236 244 301 319 40ss
682 269 826 312 entusms
920 241 922 246 ¹

236 385 295 452 iste
315 387 471 454 formetur
491 412 544 456 vos
563 389 778 464 contumeliae,
795 413 859 454 non
881 413 900 454 u
917 389 1103 462 Conditus,
1119 385 1175 452 sed
1190 408 1206 450 u
1219 405 1261 450 te·

238 499 373 586 metipso
397 500 499 565 causis
522 498 724 572 contumeliae
745 522 808 565 suae
835 499 926 565 datis.
945 499 1015 567 Non
1031 520 1108 587 ergo
1122 519 1177 565 eos
1195 490 1261 560 teies

236 629 305 672 esse
321 608 469 674 conditor
482 608 571 683 iecit,
588 609 644 674 sed
660 609 844 697 hujusmodi
861 621 984 674 mentes
1003 606 1179 674 secundum
1197 625 1264 692 pm·

235 716 375 804 positum
390 741 516 794 eorum,
532 717 739 806 providentioe
750 742 814 784 sun
828 720 912 808 justu
924 729 957 785 et
972 715 1122 784 ineffabili
1137 713 1264 803 quadan

235 827 358 892 ratione
373 826 543 916 dispensat.
564 827 667 904 Sicut,
680 829 769 895 verbi
785 829 898 918 gratis,
911 829 945 894 in
957 829 1090 894 urbibus
1101 823 1232 913 maguis,
1242 823 1264 888 si
1360 823 1365 830 “

235 937 289 1024 qui
305 938 496 1028 indigniores
517 950 591 1004 sunt
611 917 644 1005 it
658 942 811 1006 abstruse
827 940 899 1006 vitae
913 963 951 1007 uc
975 938 1153 1014 deterrimae
1168 933 1264 1002 homi·

234 1069 304 1122 nes,
322 1045 432 1113 ultime
447 1071 581 1137 quaeque
597 1071 692 1136 opem
709 1061 742 1115 et
757 1048 913 1115 laboriosa
929 1047 1185 1114 condemnantur
1198 1067 1265 1132 ope·

234 1156 310 1230 sam.
326 1169 359 1222 et
382 1167 489 1222 tumen
511 1158 685 1224 necessaria
703 1159 783 1224 'sunt
806 1158 925 1225 civitati
947 1154 1132 1244 hujusmodi
1155 1175 1261 1241 operat

235 1265 324 1330 verbi
339 1289 446 1342 ceusu,
465 1278 520 1332 eut
536 1265 719 1333 iomucilms
734 1266 849 1334 lavacri
870 1267 911 1332 ad
927 1263 1167 1332 succendendos
1185 1263 1267 1350 ignes

236 1375 429 1453 deserviunt,
448 1388 482 1440 ut
501 1387 537 1441 tu
560 1375 609 1442 vei
632 1377 860 1450 comoditate
876 1372 925 1442 vel
943 1372 1063 1442 deliciis
1078 1370 1264 1460 perfecerim

236 1497 292 1551 sut
306 1484 471 1552 cuniculos
486 1499 637 1575 purgant,
654 1500 710 1552 uut
725 1487 783 1552 aliu
807 1484 990 1575 hujusmodi
1013 1494 1139 1572 gerunt,
1156 1492 1190 1548 ui
1213 1479 1267 1546 tihi

230 1595 267 1660 in
292 1597 371 1662 urbe
394 1595 451 1661 iiut
470 1607 504 1661 et
523 1594 720 1662 delectabilis
741 1596 895 1662 habitatio
911 1618 920 1659 z
938 1606 972 1659 et
990 1591 1033 1658 iiii
1057 1592 1199 1679 quidem,
1222 1586 1267 1658 vei

235 1715 334 1794 egunt
356 1727 395 1770 ex
410 1705 586 1793 proposito,
604 1703 653 1770 vei
675 1729 715 1771 cx
733 1705 847 1771 merito
869 1704 1045 1793 patiuntur,
1062 1725 1142 1790 opus
1164 1711 1269 1768 tumen

234 1815 376 1902 ipsorum
392 1813 519 1903 proficit
533 1813 574 1878 od
595 1813 763 1880 utilitatem
785 1836 898 1879 coium
914 1813 1030 1900 quihus
1052 1833 1121 1898 quae
1140 1810 1221 1874 isone
1234 1819 1269 1872 et

235 1921 324 1989 utilia
340 1935 414 1990 sunt
429 1937 591 2012 petuntur.
611 1925 707 1990 itaet
728 1924 797 1990 haec
819 1923 859 1989 do
882 1923 998 2010 quibus
1020 1917 1266 2009 proposuimus:

234 2031 321 2101 Deus
336 2033 465 2121 quidem
479 2033 631 2100 maiitiam
651 2056 716 2098 non
732 2032 819 2108 fecit,
836 2031 1001 2104 inventum
1012 2041 1119 2094 tumen
1133 2049 1172 2092 cx
1196 2048 1270 2113 pro-

235 2140 328 2230 positi
344 2141 520 2208 intcntione
534 2165 647 2208 eorum
659 2142 713 2231 qui
729 2139 929 2207 declinarunt
945 2140 1022 2206 ntis
1036 2150 1135 2214 necte,
1148 2135 1273 2202 auferre

236 2251 362 2339 ponitus
384 2251 503 2326 noluit;
518 2239 691 2342 'providens
709 2252 785 2328 ltoc,
802 2253 888 2340 quod
911 2249 1037 2318 etiamsi
1057 2247 1101 2316 illi
1116 2261 1199 2314 essct
1222 2247 1274 2312 in-

239 2357 324 2428 utiiis
339 2360 393 2449 qui
409 2384 446 2427 eu
465 2362 625 2438 utebatur,
642 2362 760 2428 faceret
774 2385 844 2428 enm
859 2374 966 2427 tumen
982 2359 1092 2426 utilem
1107 2359 1144 2431 iis
1159 2357 1275 2424 adver·

238 2490 309 2538 sum
325 2490 405 2556 quos
419 2471 638 2538 exercebatur.
661 2473 702 2537 Et
721 2471 792 2538 ideo
808 2471 952 2560 seiugem
971 2469 1101 2558 quidem
1124 2466 1278 2534 omnibus

241 2577 345 2644 modis
365 2579 536 2656 debemus,
550 2603 590 2646 ne
609 2601 749 2668 unquam
764 2577 883 2649 melitio
902 2579 1081 2646 inveniatur
1099 2577 1132 2642 in
1150 2576 1243 2644 nobis
1264 2597 1282 2658 ε,Ι

237 2685 271 2756 in
292 2684 359 2752 eliis
376 2709 450 2753 vero
469 2688 594 2754 vincens
611 2711 696 2763 eum,
713 2711 778 2753 non
801 2689 957 2778 perimere
978 2687 1172 2758 studendum
1191 2697 1242 2750 est
1267 2708 1277 2750 s

238 2796 312 2884 quin
328 2809 361 2862 ct
380 2795 424 2866 illi
446 2798 612 2886 inquibus
631 2809 679 2864 est
701 2796 832 2874 malitia,
848 2797 968 2886 uliquid
982 2796 1150 2864 necessarii
1169 2793 1287 2884 operis

240 2906 409 2972 conferunt
425 2908 630 2975 universitati.
654 2906 739 2975 Nihil
754 2905 840 2974 enim
856 2911 1007 2984 otiosum,
1023 2907 1102 2974 nihil
1117 2909 1212 2974 inune
1227 2918 1286 2972 est

238 3014 325 3102 opud
347 3016 465 3092 Deum,
482 3017 554 3103 quis
570 3016 635 3082 sive
657 3018 743 3083 bono
764 3018 928 3106 proposito
950 3016 1088 3084 hominis
1110 3016 1213 3084 utitur
1236 3015 1283 3082 ud

239 3125 337 3200 bonu,
354 3124 418 3190 sive
435 3123 519 3191 maio
536 3126 636 3191 utitur
655 3127 697 3192 ud
717 3129 904 3196 necessaris.
924 3125 996 3194 sod.
1010 3127 1134 3193 beatior
1151 3126 1231 3204 eris,
1253 3127 1285 3192 si

239 3235 340 3324 magis
354 3259 394 3300 cx
409 3237 578 3303 virtutibus
594 3260 665 3325 quae
687 3238 718 3303 in
733 3249 766 3303 te
780 3251 854 3304 sunt
869 3237 1046 3304 inveniatur
1062 3237 1139 3302 boni
1154 3234 1286 3325 aliquid

240 3373 280 3413 ex
293 3359 324 3413 te
342 3349 411 3414 vitae
425 3349 522 3438 hujus
543 3351 727 3417 universitas
742 3352 893 3439 consequi
912 3374 926 3421 :¹
945 3351 1026 3418 sicut
1042 3348 1087 3418 ilii
1103 3349 1142 3416 do
1158 3350 1289 3438 quibus

241 3457 319 3538 dicit
342 3457 502 3547 spostolus
521 3459 633 3525 Petrus
654 3483 662 3524 ε
690 3459 756 3525 «Ut
776 3460 843 3526 sitis
866 3459 949 3526 sicut
968 3443 1134 3524 inminutis
1155 3457 1190 3525 in
1216 3457 1291 3530 hoc

198 3609 204 3622 ·
241 3568 403 3644 emendo,
420 3571 552 3635 verbum
568 3571 638 3636 vitoe
654 3570 932 3642 continentem.
939 3615 1047 3636 ........
1052 3566 1171 3636 Verum
1187 3592 1292 3638 nunc

241 3688 312 3766 post
326 3699 490 3744 excessum
506 3678 680 3767 plurimum
697 3680 842 3768 quidem,
857 3681 911 3748 sed
927 3703 1030 3750 causa
1045 3681 1300 3758 necessarium„

241 3785 408 3859 sedeamus
422 3784 462 3850 ad
478 3788 691 3876 propositum..

274 3915 388 3981 ¹·Pitilip.
404 3936 430 3976 n,
445 3919 482 3968 15.
