2692 4610
376 301 408 344 nr
431 301 601 346 savrrrcuu
625 303 754 346 neurus
779 305 821 345 xr.
1051 283 1111 369 257

73 428 274 516 praeceptum
289 435 351 497 est,
368 423 432 489 sive
448 423 633 490 mandatum
648 415 840 512 illud'quod‚
859 423 944 489 verbi
956 425 1069 512 gratia.
1081 427 1112 490 in

72 533 233 622 Decslogo
250 531 367 598 dicitur
388 555 421 595 :r
436 532 508 598 Nou
529 531 667 608 occides,
693 555 756 597 non
777 529 988 598 adulterabis¹
1003 554 1010 596 ε
1027 532 1112 598 abac

73 645 161 710 enim
175 641 279 708 solum
301 641 498 729 precipitur,
515 654 547 706 et
566 664 629 707 non
645 642 815 708 ascribitur
828 662 921 730 poena
938 642 1108 708 commissi.

77 751 175 818 Nunc
193 762 297 816 autem
317 750 474 814 iterantur
493 749 621 835 quidem
641 749 767 826 eadem,
785 749 899 816 additis
915 750 962 816 his
978 771 1109 838 poenas:

79 859 294 926 diciturenim
309 881 318 922 ε
331 857 459 922 «Homo
475 857 572 923 homo
587 859 780 946 quicumque
792 857 1013 925 adulteraverit
1033 883 1112 924 uxo-

80 990 180 1032 srem
201 967 270 1042 viri,
291 978 326 1030 et
348 989 478 1032 sanorem
493 967 628 1054 proximi
651 967 712 1042 sui,
727 979 830 1032 morte
845 969 999 1033 moriatur
1013 969 1039 1034 is
1057 967 1111 1056 qui

79 1075 263 1144 »adulterat
278 1087 312 1140 et
324 1097 395 1163 que
412 1073 626 1140 adulteratur²
629 1123 708 1141 ......
725 1077 820 1155 »Quo
832 1077 864 1141 in
879 1076 951 1142 loco
962 1077 1112 1143 recordor

74 1187 228 1254 sermonis
245 1184 330 1250 illius
345 1208 441 1273 quem
456 1186 567 1251 beatus
583 1185 752 1274 Apostolus
770 1185 884 1250 Paulus
903 1186 944 1250 ad
963 1187 1112 1252 Hebraeos

73 1297 217 1362 scribens
232 1295 278 1359 ait
300 1317 309 1357 ε
326 1320 339 1352 r
356 1294 481 1360 lrritam
494 1296 567 1382 quis
586 1294 703 1360 faciens
720 1293 819 1382 legem
834 1293 948 1380 Moysi,
964 1296 1030 1360 sine
1050 1295 1112 1360 ulla

76 1403 309 1468 »miseratione
325 1402 451 1467 duobus
466 1414 521 1466 aut
540 1404 642 1468 tribus
663 1403 795 1467 testibus
814 1403 949 1466 moritur
968 1427 976 1465 ι
994 1415 1112 1489 quanto

82 1509 284 1595 ‚majoribus
294 1507 454 1597 suppliciis
468 1509 581 1596 diguus
594 1511 758 1597 putabitur
771 1509 825 1598 qui
841 1509 957 1574 Filium
970 1510 1027 1574 Dei
1040 1533 1113 1576 con·
1211 1543 1213 1548 ·

84 1617 294 1692 »calcaverit
309 1630 341 1682 et
356 1619 542 1707 sanguinem
557 1620 736 1686 testamenti
760 1618 917 1709 pollutum
934 1621 1060 1685 duxerit
1079 1619 1111 1684 iu

82 1756 95 1786 ι
109 1751 173 1814 quo
186 1725 400 1791 sanctificatus
414 1737 475 1800 cst,
487 1738 520 1790 et
532 1727 654 1815 spiritui
665 1727 772 1814 gratias
787 1726 1013 1792 contumeliam
1028 1727 1113 1792 sece-

75 1866 90 1896 »
105 1833 285 1900 rit⁸isSed
295 1856 392 1920 quam
404 1835 445 1899 ob
454 1857 581 1900 causam
593 1819 788 1900 mentionem
798 1835 929 1900 fecerim
942 1835 1113 1924 Scripturas

74 1941 348 2031 bnjus,auscultn.
361 1941 546 2008 Secundum
557 1942 674 2031 Legem
683 1941 806 2008 adulter
817 1955 849 2008 et
860 1943 1112 2010 adulteramorte

75 2054 309 2126 moriebantur,
322 2073 384 2116 nec
394 2061 541 2140 poterant
554 2052 672 2127 dicere,
682 2052 906 2117 Paenitentiam
917 2055 1066 2142 petimus,
1080 2067 1112 2120 et

76 2163 205 2228 reniam
220 2161 438 2248 deprecamur.
453 2160 523 2227 Non
534 2172 602 2225 erat
619 2159 766 2247 lacrymis
778 2160 880 2234 locus,
892 2185 951 2228 nec
963 2163 1111 2230 emenda-

81 2269 163 2333 tioni
179 2266 242 2332 ulls
255 2268 492 2334 concedebatur
505 2266 649 2343 incultas,
662 2270 719 2334 sed
730 2270 911 2335 omnimode
926 2272 1040 2358 punire
1054 2295 1113 2336 ne-

82 2399 174 2444 cesse
189 2386 257 2442 erat
267 2377 316 2464 qni
331 2378 516 2443 incurrisset
530 2378 563 2442 in
579 2376 705 2467 Legem.
723 2378 791 2443 Hoc
806 2394 913 2442 autem
931 2382 1115 2445 servabatur

75 2501 110 2554 et
126 2489 160 2553 iu
175 2485 305 2576 singulis
320 2489 501 2575 quibusque
517 2487 702 2554 criminibus
718 2489 833 2575 quibus
849 2499 916 2552 erat
927 2509 1020 2574 poena
1032 2510 1114 2554 mor-

71 2599 112 2662 tis
141 2597 292 2684 ascripta.
323 2597 416 2685 Apud
439 2596 633 2662 Christianos
654 2621 732 2661 vero
758 2597 783 2662 si
806 2596 999 2661 adulterium
1021 2597 1115 2662 luerit

68 2707 266 2784 admissum,
279 2729 343 2770 non
357 2719 405 2772 est
419 2719 613 2794 praeceptum
631 2718 664 2770 ut
679 2705 805 2771 adulter
819 2705 868 2770 vel
883 2704 1025 2771 adultera
1042 2728 1112 2773 cor·

66 2814 175 2904 porali
196 2813 329 2878 interitu
349 2814 546 2902 puniuntur:
569 2835 628 2879 neo
647 2825 785 2901 potestas
802 2814 873 2878 data
896 2825 944 2878 cst
964 2815 1113 2904 episcopo

67 2923 228 2992 Ecclesiae
250 2922 431 2988 adulterum
454 2923 601 3012 praesenti
623 2935 726 2988 morte
746 2923 911 3001 damnare,
933 2925 1116 2992 siouttnnc

64 3033 257 3102 secundum
269 3031 386 3120 Legem
402 3031 499 3096 fiebat
514 3054 531 3094 a
547 3031 740 3118 presbyteris
756 3030 876 3120 populi.
896 3031 982 3110 Quid
998 3033 1119 3121 igiturir

67 3145 222 3212 dicemus
237 3141 327 3229 quod
343 3139 390 3206 lex
402 3140 503 3226 lloysi
514 3138 651 3205 crudelis
662 3139 716 3213 sit,
728 3163 798 3226 quae
812 3139 1015 3228 jubet-puniri
1028 3139 1116 3206 adul-

65 3265 193 3326 terum,
213 3249 264 3315 vel
281 3247 473 3322 adulteram
491 3259 524 3312 et
539 3247 743 3337 Evangelium
758 3246 873 3313 Christi
885 3263 941 3336 per
952 3248 1118 3337 indulgen-

68 3363 152 3426 tiam
166 3357 300 3426 resolvit
316 3358 476 3422 auditores
495 3358 528 3422 in
547 3355 707 3421 deterius?
726 3355 850 3421 Nonitn
867 3367 924 3420 est.
943 3356 1115 3444 Propterea

72 3469 165 3533 enim
175 3489 357 3533 sermonem
369 3464 458 3530 Pauli
473 3463 662 3552 protulimus
678 3464 711 3528 in
726 3463 940 3549 superioribus
956 3463 1089 3530 dicentis
1104 3487 1115 3529 s

82 3605 99 3638 ι
109 3578 237 3659 Quanto
248 3575 350 3666 magis
359 3575 568 3640 deterioribus
580 3572 741 3662 suppliciis
751 3571 863 3659 dignus
875 3583 922 3636 est
933 3573 986 3660 qui
999 3571 1118 3638 Filium
1149 3581 1153 3592 ’

67 3719 83 3750 s
102 3687 164 3754 Dei
183 3682 439 3758 conculcaverit,
457 3695 518 3749 etc.
534 3683 638 3753 studi
654 3705 729 3770 ergo
744 3682 905 3768 quomodo
920 3703 1023 3768 neque
1037 3694 1120 3748 tunc

64 3792 212 3862 crudelis
228 3793 329 3859 luerit
343 3791 422 3867 Lex,
439 3814 541 3880 neque
555 3813 642 3856 nunc
654 3788 840 3854 dissolutum
854 3789 995 3855 videatur
1011 3790 1117 3856 Evan-

99 3927 110 3960 Ι
125 3926 204 3974 Dent.
219 3941 247 3986 r,
264 3921 303 3971 all.
314 3947 345 3958 -
358 3919 370 3954 ²
382 3921 461 3970 berit.
473 3936 516 3978 xx,
530 3935 565 3968 ro.
578 3919 626 3956 —2
639 3919 707 3968 lleb.
721 3935 746 3977 x,
759 3918 797 3978 28,
811 3931 848 3978 29.
