<?xml version="1.0" encoding="UTF-8"?>
<!DOCTYPE html PUBLIC "-//W3C//DTD XHTML 1.0 Transitional//EN"
    "http://www.w3.org/TR/xhtml1/DTD/xhtml1-transitional.dtd">
<html xmlns="http://www.w3.org/1999/xhtml" xml:lang="en" lang="en">
 <head>
  <title>
</title>
<meta http-equiv="Content-Type" content="text/html;charset=utf-8" />
  <meta name='ocr-system' content='tesseract 3.04.00' />
  <meta name='ocr-capabilities' content='ocr_page ocr_carea ocr_par ocr_line ocrx_word'/>
</head>
<body>
  <div class='ocr_page' id='page_1' title='image "./collectioselect01guilgoog_1090.png"; bbox 0 0 2644 4612; ppageno 0'>
   <div class='ocr_carea' id='block_1_1' title="bbox 241 222 831 292">
    <p class='ocr_par' dir='ltr' id='par_1_1' title="bbox 241 222 831 292">
     <span class='ocr_line' id='line_1_1' title="bbox 241 222 831 292; baseline 0.003 -4"><span class='ocrx_word' id='word_1_1' title='bbox 241 222 304 290; x_wconf 72' lang='lat'><strong>522</strong></span> <span class='ocrx_word' id='word_1_2' title='bbox 689 249 831 292; x_wconf 82' lang='lat' dir='ltr'><strong>emensus</strong></span> 
     </span>
    </p>
   </div>
   <div class='ocr_carea' id='block_1_2' title="bbox 228 371 1269 2414">
    <p class='ocr_par' dir='ltr' id='par_1_2' title="bbox 239 371 1221 576">
     <span class='ocr_line' id='line_1_2' title="bbox 239 371 1218 467; baseline 0.005 -21"><span class='ocrx_word' id='word_1_3' title='bbox 239 392 317 446; x_wconf 85' lang='lat' dir='ltr'><strong>turae</strong></span> <span class='ocrx_word' id='word_1_4' title='bbox 337 401 345 443; x_wconf 92' lang='lat'>:</span> <span class='ocrx_word' id='word_1_5' title='bbox 363 378 419 444; x_wconf 84' lang='lat' dir='ltr'><strong>sed</strong></span> <span class='ocrx_word' id='word_1_6' title='bbox 429 371 592 445; x_wconf 84' lang='lat' dir='ltr'><strong>interdum</strong></span> <span class='ocrx_word' id='word_1_7' title='bbox 607 379 735 467; x_wconf 88' lang='lat' dir='ltr'><strong>quidem</strong></span> <span class='ocrx_word' id='word_1_8' title='bbox 752 380 893 445; x_wconf 82' lang='lat' dir='ltr'><strong>visitetur</strong></span> <span class='ocrx_word' id='word_1_9' title='bbox 908 380 1218 455; x_wconf 58' lang='lat' dir='ltr'><strong>abominaremur</strong></span> 
     </span>
     <span class='ocr_line' id='line_1_3' title="bbox 240 486 1221 576; baseline 0.004 -22"><span class='ocrx_word' id='word_1_10' title='bbox 240 486 448 576; x_wconf 66' lang='lat' dir='ltr'><strong>relinquatur,</strong></span> <span class='ocrx_word' id='word_1_11' title='bbox 467 501 501 552; x_wconf 87' lang='lat' dir='ltr'><strong>ut</strong></span> <span class='ocrx_word' id='word_1_12' title='bbox 516 486 650 576; x_wconf 88' lang='lat' dir='ltr'><strong>amplius</strong></span> <span class='ocrx_word' id='word_1_13' title='bbox 667 488 824 554; x_wconf 86' lang='lat' dir='ltr'><strong>desideret</strong></span> <span class='ocrx_word' id='word_1_14' title='bbox 832 509 923 554; x_wconf 79' lang='lat' dir='ltr'><strong>eum.</strong></span> <span class='ocrx_word' id='word_1_15' title='bbox 940 486 1017 556; x_wconf 78' lang='lat' dir='ltr'><strong>(lum</strong></span> <span class='ocrx_word' id='word_1_16' title='bbox 1035 513 1101 556; x_wconf 83' lang='lat' dir='ltr'><strong>rere</strong></span> <span class='ocrx_word' id='word_1_17' title='bbox 1113 491 1221 562; x_wconf 71' lang='lat' dir='ltr'><strong>usitatur</strong></span> 
     </span>
    </p>

    <p class='ocr_par' dir='ltr' id='par_1_3' title="bbox 228 591 1269 2414">
     <span class='ocr_line' id='line_1_4' title="bbox 242 591 1221 688; baseline 0.003 -25"><span class='ocrx_word' id='word_1_18' title='bbox 242 621 260 663; x_wconf 87' lang='lat' dir='ltr'><strong>a</strong></span> <span class='ocrx_word' id='word_1_19' title='bbox 274 596 372 668; x_wconf 79' lang='lat' dir='ltr'><strong>verbo</strong></span> <span class='ocrx_word' id='word_1_20' title='bbox 384 596 442 662; x_wconf 89' lang='lat' dir='ltr'><strong>Dei</strong></span> <span class='ocrx_word' id='word_1_21' title='bbox 454 596 630 662; x_wconf 88' lang='lat' dir='ltr'><strong>secundum</strong></span> <span class='ocrx_word' id='word_1_22' title='bbox 644 597 798 686; x_wconf 75' lang='lat' dir='ltr'><strong>propositi</strong></span> <span class='ocrx_word' id='word_1_23' title='bbox 810 591 954 662; x_wconf 85' lang='lat' dir='ltr'><strong>versiculi</strong></span> <span class='ocrx_word' id='word_1_24' title='bbox 966 619 1097 673; x_wconf 87' lang='lat' dir='ltr'><strong>sensum,</strong></span> <span class='ocrx_word' id='word_1_25' title='bbox 1106 619 1221 688; x_wconf 83' lang='lat' dir='ltr'><strong>pernor-</strong></span> 
     </span>
     <span class='ocr_line' id='line_1_5' title="bbox 239 702 1269 796; baseline 0.004 -26"><span class='ocrx_word' id='word_1_26' title='bbox 239 717 287 770; x_wconf 86' lang='lat' dir='ltr'><strong>tes</strong></span> <span class='ocrx_word' id='word_1_27' title='bbox 302 702 415 770; x_wconf 87' lang='lat' dir='ltr'><strong>saliens</strong></span> <span class='ocrx_word' id='word_1_28' title='bbox 425 704 532 770; x_wconf 81' lang='lat' dir='ltr'><strong>venire</strong></span> <span class='ocrx_word' id='word_1_29' title='bbox 547 704 664 770; x_wconf 83' lang='lat' dir='ltr'><strong>dicitur</strong></span> <span class='ocrx_word' id='word_1_30' title='bbox 676 704 717 771; x_wconf 87' lang='lat' dir='ltr'><strong>ad</strong></span> <span class='ocrx_word' id='word_1_31' title='bbox 732 727 825 770; x_wconf 89' lang='lat' dir='ltr'><strong>eam:</strong></span> <span class='ocrx_word' id='word_1_32' title='bbox 843 702 985 771; x_wconf 78' lang='lat' dir='ltr'><strong>excelsos</strong></span> <span class='ocrx_word' id='word_1_33' title='bbox 999 703 1107 771; x_wconf 86' lang='lat' dir='ltr'><strong>scilieet</strong></span> <span class='ocrx_word' id='word_1_34' title='bbox 1118 707 1220 774; x_wconf 76' lang='lat' dir='ltr'><strong>etelera</strong></span> <span class='ocrx_word' id='word_1_35' title='bbox 1268 791 1269 796; x_wconf 5' lang='grc' dir='ltr'>ἵ</span> 
     </span>
     <span class='ocr_line' id='line_1_6' title="bbox 228 797 1269 903; baseline 0.003 -25"><span class='ocrx_word' id='word_1_36' title='bbox 228 811 289 878; x_wconf 82' lang='lat' dir='ltr'><strong>&#39;tos</strong></span> <span class='ocrx_word' id='word_1_37' title='bbox 307 811 448 900; x_wconf 82' lang='lat' dir='ltr'><strong>revelans</strong></span> <span class='ocrx_word' id='word_1_38' title='bbox 469 813 499 878; x_wconf 90' lang='lat' dir='ltr'><strong>ei</strong></span> <span class='ocrx_word' id='word_1_39' title='bbox 519 810 657 879; x_wconf 72' lang='lat' dir='ltr'><strong>coelestis</strong></span> <span class='ocrx_word' id='word_1_40' title='bbox 677 813 816 880; x_wconf 72' lang='lat' dir='ltr'><strong>scientiae</strong></span> <span class='ocrx_word' id='word_1_41' title='bbox 837 835 966 890; x_wconf 82' lang='lat' dir='ltr'><strong>sensus,</strong></span> <span class='ocrx_word' id='word_1_42' title='bbox 988 812 1030 878; x_wconf 86' lang='lat' dir='ltr'><strong>ita</strong></span> <span class='ocrx_word' id='word_1_43' title='bbox 1053 825 1084 878; x_wconf 88' lang='lat' dir='ltr'><strong>ut</strong></span> <span class='ocrx_word' id='word_1_44' title='bbox 1102 817 1220 903; x_wconf 72' lang='lat' dir='ltr'><strong>perveniat</strong></span> <span class='ocrx_word' id='word_1_45' title='bbox 1267 797 1269 858; x_wconf 79' lang='lat' dir='ltr'><strong>l</strong></span> 
     </span>
     <span class='ocr_line' id='line_1_7' title="bbox 241 920 1219 1011; baseline 0 -23"><span class='ocrx_word' id='word_1_46' title='bbox 241 944 340 1010; x_wconf 87' lang='lat' dir='ltr'><strong>usque</strong></span> <span class='ocrx_word' id='word_1_47' title='bbox 355 922 395 987; x_wconf 86' lang='lat' dir='ltr'><strong>ad</strong></span> <span class='ocrx_word' id='word_1_48' title='bbox 407 920 650 990; x_wconf 74' lang='lat' dir='ltr'><strong>edificationem</strong></span> <span class='ocrx_word' id='word_1_49' title='bbox 665 921 835 998; x_wconf 70' lang='lat' dir='ltr'><strong>Ecclesiae,</strong></span> <span class='ocrx_word' id='word_1_50' title='bbox 849 946 921 1011; x_wconf 84' lang='lat' dir='ltr'><strong>quae</strong></span> <span class='ocrx_word' id='word_1_51' title='bbox 930 933 978 988; x_wconf 89' lang='lat' dir='ltr'><strong>est</strong></span> <span class='ocrx_word' id='word_1_52' title='bbox 989 922 1091 988; x_wconf 85' lang='lat' dir='ltr'><strong>domus</strong></span> <span class='ocrx_word' id='word_1_53' title='bbox 1107 923 1154 990; x_wconf 80' lang='lat' dir='ltr'><strong>liei</strong></span> <span class='ocrx_word' id='word_1_54' title='bbox 1165 926 1219 1000; x_wconf 73' lang='lat' dir='ltr'><strong>visi,</strong></span> 
     </span>
     <span class='ocr_line' id='line_1_8' title="bbox 241 1029 1218 1119; baseline 0 -22"><span class='ocrx_word' id='word_1_55' title='bbox 241 1029 388 1097; x_wconf 87' lang='lat' dir='ltr'><strong>columna</strong></span> <span class='ocrx_word' id='word_1_56' title='bbox 402 1041 434 1094; x_wconf 89' lang='lat' dir='ltr'><strong>et</strong></span> <span class='ocrx_word' id='word_1_57' title='bbox 449 1029 687 1096; x_wconf 87' lang='lat' dir='ltr'><strong>firmamentum</strong></span> <span class='ocrx_word' id='word_1_58' title='bbox 704 1030 861 1108; x_wconf 73' lang='lat' dir='ltr'><strong>veritatis,</strong></span> <span class='ocrx_word' id='word_1_59' title='bbox 879 1043 913 1096; x_wconf 88' lang='lat' dir='ltr'><strong>et</strong></span> <span class='ocrx_word' id='word_1_60' title='bbox 927 1041 989 1095; x_wconf 84' lang='lat' dir='ltr'><strong>stet</strong></span> <span class='ocrx_word' id='word_1_61' title='bbox 1002 1031 1082 1118; x_wconf 83' lang='lat' dir='ltr'><strong>juxta</strong></span> <span class='ocrx_word' id='word_1_62' title='bbox 1094 1033 1218 1119; x_wconf 83' lang='lat' dir='ltr'><strong>parietem,</strong></span> 
     </span>
     <span class='ocr_line' id='line_1_9' title="bbox 241 1137 1217 1228; baseline -0.001 -23"><span class='ocrx_word' id='word_1_63' title='bbox 241 1137 289 1205; x_wconf 85' lang='lat' dir='ltr'><strong>vel</strong></span> <span class='ocrx_word' id='word_1_64' title='bbox 311 1150 384 1227; x_wconf 90' lang='lat' dir='ltr'><strong>post</strong></span> <span class='ocrx_word' id='word_1_65' title='bbox 402 1139 575 1227; x_wconf 85' lang='lat' dir='ltr'><strong>parietem,</strong></span> <span class='ocrx_word' id='word_1_66' title='bbox 597 1151 632 1204; x_wconf 92' lang='lat' dir='ltr'><strong>ut</strong></span> <span class='ocrx_word' id='word_1_67' title='bbox 655 1161 760 1228; x_wconf 90' lang='lat' dir='ltr'><strong>neque</strong></span> <span class='ocrx_word' id='word_1_68' title='bbox 783 1139 910 1228; x_wconf 88' lang='lat' dir='ltr'><strong>penitus</strong></span> <span class='ocrx_word' id='word_1_69' title='bbox 932 1139 1136 1214; x_wconf 82' lang='lat' dir='ltr'><strong>abscondatur,</strong></span> <span class='ocrx_word' id='word_1_70' title='bbox 1151 1161 1217 1227; x_wconf 82' lang='lat' dir='ltr'><strong>nequ</strong></span> 
     </span>
     <span class='ocr_line' id='line_1_10' title="bbox 238 1246 1216 1336; baseline 0.002 -25"><span class='ocrx_word' id='word_1_71' title='bbox 238 1247 371 1312; x_wconf 90' lang='lat' dir='ltr'><strong>omnino</strong></span> <span class='ocrx_word' id='word_1_72' title='bbox 383 1247 416 1310; x_wconf 93' lang='lat' dir='ltr'><strong>in</strong></span> <span class='ocrx_word' id='word_1_73' title='bbox 433 1259 583 1336; x_wconf 92' lang='lat' dir='ltr'><strong>promptu</strong></span> <span class='ocrx_word' id='word_1_74' title='bbox 597 1249 648 1314; x_wconf 86' lang='lat' dir='ltr'><strong>sit.</strong></span> <span class='ocrx_word' id='word_1_75' title='bbox 661 1246 805 1315; x_wconf 84' lang='lat' dir='ltr'><strong>Verbum</strong></span> <span class='ocrx_word' id='word_1_76' title='bbox 821 1248 908 1313; x_wconf 90' lang='lat' dir='ltr'><strong>enim</strong></span> <span class='ocrx_word' id='word_1_77' title='bbox 920 1247 999 1323; x_wconf 88' lang='lat' dir='ltr'><strong>Dei,</strong></span> <span class='ocrx_word' id='word_1_78' title='bbox 1012 1258 1043 1312; x_wconf 90' lang='lat' dir='ltr'><strong>et</strong></span> <span class='ocrx_word' id='word_1_79' title='bbox 1054 1269 1139 1312; x_wconf 88' lang='lat' dir='ltr'><strong>sermo</strong></span> <span class='ocrx_word' id='word_1_80' title='bbox 1149 1249 1216 1313; x_wconf 79' lang='lat' dir='ltr'><strong>scier</strong></span> 
     </span>
     <span class='ocr_line' id='line_1_11' title="bbox 240 1353 1213 1446; baseline 0.003 -29"><span class='ocrx_word' id='word_1_81' title='bbox 240 1355 292 1419; x_wconf 71' lang='lat' dir='ltr'><strong>tire</strong></span> <span class='ocrx_word' id='word_1_82' title='bbox 306 1377 371 1419; x_wconf 91' lang='lat' dir='ltr'><strong>non</strong></span> <span class='ocrx_word' id='word_1_83' title='bbox 391 1355 425 1421; x_wconf 92' lang='lat' dir='ltr'><strong>in</strong></span> <span class='ocrx_word' id='word_1_84' title='bbox 444 1353 575 1444; x_wconf 90' lang='lat' dir='ltr'><strong>publico</strong></span> <span class='ocrx_word' id='word_1_85' title='bbox 589 1368 622 1420; x_wconf 86' lang='lat' dir='ltr'><strong>et</strong></span> <span class='ocrx_word' id='word_1_86' title='bbox 636 1354 741 1446; x_wconf 87' lang='lat' dir='ltr'><strong>palam</strong></span> <span class='ocrx_word' id='word_1_87' title='bbox 761 1357 901 1445; x_wconf 84' lang='lat' dir='ltr'><strong>positus,</strong></span> <span class='ocrx_word' id='word_1_88' title='bbox 919 1378 1023 1443; x_wconf 90' lang='lat' dir='ltr'><strong>neque</strong></span> <span class='ocrx_word' id='word_1_89' title='bbox 1040 1353 1213 1421; x_wconf 83' lang='lat' dir='ltr'><strong>conculcandus</strong></span> 
     </span>
     <span class='ocr_line' id='line_1_12' title="bbox 242 1463 1211 1552; baseline -0.002 -24"><span class='ocrx_word' id='word_1_90' title='bbox 242 1463 378 1550; x_wconf 88' lang='lat' dir='ltr'><strong>pedihus</strong></span> <span class='ocrx_word' id='word_1_91' title='bbox 395 1476 524 1551; x_wconf 88' lang='lat' dir='ltr'><strong>apparet</strong></span> <span class='ocrx_word' id='word_1_92' title='bbox 543 1487 551 1530; x_wconf 92' lang='lat'><strong>:</strong></span> <span class='ocrx_word' id='word_1_93' title='bbox 569 1464 625 1529; x_wconf 86' lang='lat' dir='ltr'><strong>sed</strong></span> <span class='ocrx_word' id='word_1_94' title='bbox 640 1487 716 1530; x_wconf 91' lang='lat' dir='ltr'><strong>oum</strong></span> <span class='ocrx_word' id='word_1_95' title='bbox 731 1465 880 1552; x_wconf 84' lang='lat' dir='ltr'><strong>quaesitus</strong></span> <span class='ocrx_word' id='word_1_96' title='bbox 894 1463 991 1529; x_wconf 86' lang='lat' dir='ltr'><strong>fuerit</strong></span> <span class='ocrx_word' id='word_1_97' title='bbox 1005 1463 1211 1539; x_wconf 61' lang='lat' dir='ltr'><strong>interituque</strong></span> 
     </span>
     <span class='ocr_line' id='line_1_13' title="bbox 243 1570 1207 1661; baseline -0.002 -24"><span class='ocrx_word' id='word_1_98' title='bbox 243 1571 468 1647; x_wconf 72' lang='lat' dir='ltr'><strong>veniturum,</strong></span> <span class='ocrx_word' id='word_1_99' title='bbox 486 1583 522 1636; x_wconf 93' lang='lat' dir='ltr'><strong>ut</strong></span> <span class='ocrx_word' id='word_1_100' title='bbox 537 1572 691 1647; x_wconf 81' lang='lat' dir='ltr'><strong>diximus,</strong></span> <span class='ocrx_word' id='word_1_101' title='bbox 708 1573 741 1638; x_wconf 91' lang='lat' dir='ltr'><strong>in</strong></span> <span class='ocrx_word' id='word_1_102' title='bbox 757 1570 928 1661; x_wconf 83' lang='lat' dir='ltr'><strong>propatulo</strong></span> <span class='ocrx_word' id='word_1_103' title='bbox 944 1571 1078 1660; x_wconf 84' lang='lat' dir='ltr'><strong>positus,</strong></span> <span class='ocrx_word' id='word_1_104' title='bbox 1091 1571 1132 1636; x_wconf 85' lang='lat' dir='ltr'><strong>sed</strong></span> <span class='ocrx_word' id='word_1_105' title='bbox 1142 1570 1207 1635; x_wconf 67' lang='lat' dir='ltr'><strong>ue</strong></span> 
     </span>
     <span class='ocr_line' id='line_1_14' title="bbox 243 1679 1205 1770; baseline -0.003 -25"><span class='ocrx_word' id='word_1_106' title='bbox 243 1693 313 1755; x_wconf 83' lang='lat' dir='ltr'><strong>tus,</strong></span> <span class='ocrx_word' id='word_1_107' title='bbox 330 1693 363 1746; x_wconf 86' lang='lat' dir='ltr'><strong>et</strong></span> <span class='ocrx_word' id='word_1_108' title='bbox 377 1681 465 1767; x_wconf 83' lang='lat' dir='ltr'><strong>quasi</strong></span> <span class='ocrx_word' id='word_1_109' title='bbox 479 1693 550 1769; x_wconf 89' lang='lat' dir='ltr'><strong>post</strong></span> <span class='ocrx_word' id='word_1_110' title='bbox 561 1681 715 1770; x_wconf 89' lang='lat' dir='ltr'><strong>parietem</strong></span> <span class='ocrx_word' id='word_1_111' title='bbox 728 1679 838 1746; x_wconf 85' lang='lat' dir='ltr'><strong>latens.</strong></span> <span class='ocrx_word' id='word_1_112' title='bbox 849 1680 970 1748; x_wconf 83' lang='lat' dir='ltr'><strong>Anima</strong></span> <span class='ocrx_word' id='word_1_113' title='bbox 985 1693 1084 1746; x_wconf 84' lang='lat' dir='ltr'><strong>autem</strong></span> <span class='ocrx_word' id='word_1_114' title='bbox 1094 1679 1205 1766; x_wconf 78' lang='lat' dir='ltr'><strong>quairle·</strong></span> 
     </span>
     <span class='ocr_line' id='line_1_15' title="bbox 243 1784 1200 1880; baseline -0.006 -26"><span class='ocrx_word' id='word_1_115' title='bbox 243 1786 343 1854; x_wconf 72' lang='lat' dir='ltr'><strong>clesia&#39;</strong></span> <span class='ocrx_word' id='word_1_116' title='bbox 359 1811 428 1880; x_wconf 79' lang='lat' dir='ltr'><strong>esse</strong></span> <span class='ocrx_word' id='word_1_117' title='bbox 449 1789 578 1864; x_wconf 87' lang='lat' dir='ltr'><strong>dicitur,</strong></span> <span class='ocrx_word' id='word_1_118' title='bbox 606 1813 671 1855; x_wconf 92' lang='lat' dir='ltr'><strong>non</strong></span> <span class='ocrx_word' id='word_1_119' title='bbox 694 1790 775 1858; x_wconf 88' lang='lat' dir='ltr'><strong>intra</strong></span> <span class='ocrx_word' id='word_1_120' title='bbox 798 1789 934 1856; x_wconf 75' lang='lat' dir='ltr'><strong>aedificia</strong></span> <span class='ocrx_word' id='word_1_121' title='bbox 954 1789 1100 1879; x_wconf 73' lang='lat' dir='ltr'><strong>parietum</strong></span> <span class='ocrx_word' id='word_1_122' title='bbox 1112 1784 1200 1852; x_wconf 70' lang='lat' dir='ltr'><strong>calesti</strong></span> 
     </span>
     <span class='ocr_line' id='line_1_16' title="bbox 243 1891 1192 1985; baseline -0.003 -24"><span class='ocrx_word' id='word_1_123' title='bbox 243 1895 439 1985; x_wconf 80' lang='lat' dir='ltr'><strong>intelligitur,</strong></span> <span class='ocrx_word' id='word_1_124' title='bbox 453 1897 508 1962; x_wconf 87' lang='lat' dir='ltr'><strong>sed</strong></span> <span class='ocrx_word' id='word_1_125' title='bbox 523 1897 604 1962; x_wconf 90' lang='lat' dir='ltr'><strong>intra</strong></span> <span class='ocrx_word' id='word_1_126' title='bbox 620 1897 818 1963; x_wconf 86' lang='lat' dir='ltr'><strong>munimenta</strong></span> <span class='ocrx_word' id='word_1_127' title='bbox 835 1897 913 1964; x_wconf 83' lang='lat' dir='ltr'><strong>fidei</strong></span> <span class='ocrx_word' id='word_1_128' title='bbox 929 1909 963 1964; x_wconf 90' lang='lat' dir='ltr'><strong>et</strong></span> <span class='ocrx_word' id='word_1_129' title='bbox 978 1891 1192 1980; x_wconf 74' lang='lat' dir='ltr'><strong>aedific&#39;aepius&#39;a</strong></span> 
     </span>
     <span class='ocr_line' id='line_1_17' title="bbox 243 1999 1198 2094; baseline 0.001 -25"><span class='ocrx_word' id='word_1_130' title='bbox 243 2005 367 2093; x_wconf 88' lang='lat' dir='ltr'><strong>posita,</strong></span> <span class='ocrx_word' id='word_1_131' title='bbox 392 2003 543 2092; x_wconf 82' lang='lat' dir='ltr'><strong>celsisque</strong></span> <span class='ocrx_word' id='word_1_132' title='bbox 566 2006 694 2094; x_wconf 85' lang='lat' dir='ltr'><strong>fastigiis</strong></span> <span class='ocrx_word' id='word_1_133' title='bbox 715 2006 878 2072; x_wconf 85' lang='lat' dir='ltr'><strong>charitatis</strong></span> <span class='ocrx_word' id='word_1_134' title='bbox 910 2005 1049 2072; x_wconf 86' lang='lat' dir='ltr'><strong>obtecta.</strong></span> <span class='ocrx_word' id='word_1_135' title='bbox 1081 1999 1198 2089; x_wconf 71' lang='lat' dir='ltr'><strong>Propositum</strong></span> 
     </span>
     <span class='ocr_line' id='line_1_18' title="bbox 242 2104 1206 2203; baseline -0.002 -25"><span class='ocrx_word' id='word_1_136' title='bbox 242 2135 319 2202; x_wconf 79' lang='lat' dir='ltr'><strong>ergo</strong></span> <span class='ocrx_word' id='word_1_137' title='bbox 334 2113 474 2187; x_wconf 89' lang='lat' dir='ltr'><strong>bonum,</strong></span> <span class='ocrx_word' id='word_1_138' title='bbox 490 2125 522 2178; x_wconf 93' lang='lat' dir='ltr'><strong>et</strong></span> <span class='ocrx_word' id='word_1_139' title='bbox 536 2113 615 2179; x_wconf 86' lang='lat' dir='ltr'><strong>fides</strong></span> <span class='ocrx_word' id='word_1_140' title='bbox 627 2107 789 2179; x_wconf 86' lang='lat' dir='ltr'><strong>rectorum</strong></span> <span class='ocrx_word' id='word_1_141' title='bbox 806 2114 998 2203; x_wconf 81' lang='lat' dir='ltr'><strong>dogmatum</strong></span> <span class='ocrx_word' id='word_1_142' title='bbox 1014 2113 1128 2178; x_wconf 90' lang='lat' dir='ltr'><strong>animan</strong></span> <span class='ocrx_word' id='word_1_143' title='bbox 1137 2104 1206 2170; x_wconf 74' lang='lat' dir='ltr'><strong>seir</strong></span> 
     </span>
     <span class='ocr_line' id='line_1_19' title="bbox 242 2219 1208 2310; baseline -0.001 -24"><span class='ocrx_word' id='word_1_144' title='bbox 242 2221 339 2287; x_wconf 88' lang='lat' dir='ltr'><strong>domo</strong></span> <span class='ocrx_word' id='word_1_145' title='bbox 355 2219 504 2286; x_wconf 84' lang='lat' dir='ltr'><strong>Ecclesiae</strong></span> <span class='ocrx_word' id='word_1_146' title='bbox 518 2220 593 2286; x_wconf 85' lang='lat' dir='ltr'><strong>facit</strong></span> <span class='ocrx_word' id='word_1_147' title='bbox 608 2245 616 2286; x_wconf 74' lang='grc' dir='ltr'><strong><em>ε</em></strong></span> <span class='ocrx_word' id='word_1_148' title='bbox 630 2223 723 2310; x_wconf 86' lang='lat' dir='ltr'><strong>cujus</strong></span> <span class='ocrx_word' id='word_1_149' title='bbox 738 2223 851 2287; x_wconf 87' lang='lat' dir='ltr'><strong>domus</strong></span> <span class='ocrx_word' id='word_1_150' title='bbox 866 2222 1015 2288; x_wconf 88' lang='lat' dir='ltr'><strong>membra</strong></span> <span class='ocrx_word' id='word_1_151' title='bbox 1032 2219 1208 2308; x_wconf 75' lang='lat' dir='ltr'><strong>quedansnt.</strong></span> 
     </span>
     <span class='ocr_line' id='line_1_20' title="bbox 242 2323 1213 2414; baseline -0.003 -23"><span class='ocrx_word' id='word_1_152' title='bbox 242 2324 292 2391; x_wconf 86' lang='lat' dir='ltr'><strong>vel</strong></span> <span class='ocrx_word' id='word_1_153' title='bbox 305 2324 490 2392; x_wconf 83' lang='lat' dir='ltr'><strong>cubiculum</strong></span> <span class='ocrx_word' id='word_1_154' title='bbox 503 2376 511 2401; x_wconf 93' lang='lat'><em>‚</em></span> <span class='ocrx_word' id='word_1_155' title='bbox 525 2325 574 2392; x_wconf 85' lang='lat' dir='ltr'><strong>vel</strong></span> <span class='ocrx_word' id='word_1_156' title='bbox 590 2327 702 2392; x_wconf 88' lang='lat' dir='ltr'><strong>domus</strong></span> <span class='ocrx_word' id='word_1_157' title='bbox 716 2327 800 2401; x_wconf 81' lang='lat' dir='ltr'><strong>vini,</strong></span> <span class='ocrx_word' id='word_1_158' title='bbox 814 2325 861 2393; x_wconf 85' lang='lat' dir='ltr'><strong>vel</strong></span> <span class='ocrx_word' id='word_1_159' title='bbox 876 2325 939 2392; x_wconf 86' lang='lat' dir='ltr'><strong>alie</strong></span> <span class='ocrx_word' id='word_1_160' title='bbox 955 2323 1120 2414; x_wconf 86' lang='lat' dir='ltr'><strong>hujusmodi</strong></span> <span class='ocrx_word' id='word_1_161' title='bbox 1131 2337 1213 2408; x_wconf 60' lang='lat' dir='ltr'><strong>progr*</strong></span> 
     </span>
    </p>
   </div>
   <div class='ocr_carea' id='block_1_3' title="bbox 243 2425 1226 3936">
    <p class='ocr_par' dir='ltr' id='par_1_4' title="bbox 243 2425 1226 3936">
     <span class='ocr_line' id='line_1_21' title="bbox 248 2425 1215 2525; baseline -0.007 -26"><span class='ocrx_word' id='word_1_162' title='bbox 248 2437 363 2502; x_wconf 86' lang='lat' dir='ltr'><strong>tiarum</strong></span> <span class='ocrx_word' id='word_1_163' title='bbox 379 2434 500 2512; x_wconf 83' lang='lat' dir='ltr'><strong>seilicet</strong></span> <span class='ocrx_word' id='word_1_164' title='bbox 515 2435 681 2524; x_wconf 84' lang='lat' dir='ltr'><strong>gradibus,</strong></span> <span class='ocrx_word' id='word_1_165' title='bbox 694 2447 726 2500; x_wconf 88' lang='lat' dir='ltr'><strong>et</strong></span> <span class='ocrx_word' id='word_1_166' title='bbox 741 2435 901 2501; x_wconf 89' lang='lat' dir='ltr'><strong>donorum</strong></span> <span class='ocrx_word' id='word_1_167' title='bbox 915 2432 1094 2525; x_wconf 89' lang='lat' dir='ltr'><strong>spiritalium</strong></span> <span class='ocrx_word' id='word_1_168' title='bbox 1107 2425 1215 2494; x_wconf 70' lang='lat' dir='ltr'><strong>uvese-</strong></span> 
     </span>
     <span class='ocr_line' id='line_1_22' title="bbox 244 2531 1218 2632; baseline -0.004 -24"><span class='ocrx_word' id='word_1_169' title='bbox 244 2545 328 2611; x_wconf 85' lang='lat' dir='ltr'><strong>tihus</strong></span> <span class='ocrx_word' id='word_1_170' title='bbox 344 2541 551 2632; x_wconf 86' lang='lat' dir='ltr'><strong>appellantur.</strong></span> <span class='ocrx_word' id='word_1_171' title='bbox 578 2543 631 2609; x_wconf 88' lang='lat' dir='ltr'><strong>Sic</strong></span> <span class='ocrx_word' id='word_1_172' title='bbox 649 2566 729 2632; x_wconf 78' lang='lat' dir='ltr'><strong>ergo</strong></span> <span class='ocrx_word' id='word_1_173' title='bbox 755 2553 787 2609; x_wconf 87' lang='lat' dir='ltr'><strong>et</strong></span> <span class='ocrx_word' id='word_1_174' title='bbox 807 2543 911 2630; x_wconf 86' lang='lat' dir='ltr'><strong>paries</strong></span> <span class='ocrx_word' id='word_1_175' title='bbox 936 2565 1024 2608; x_wconf 89' lang='lat' dir='ltr'><strong>nunc</strong></span> <span class='ocrx_word' id='word_1_176' title='bbox 1042 2563 1104 2630; x_wconf 85' lang='lat' dir='ltr'><strong>pars</strong></span> <span class='ocrx_word' id='word_1_177' title='bbox 1120 2531 1218 2624; x_wconf 68' lang='lat' dir='ltr'><strong>maun</strong></span> 
     </span>
     <span class='ocr_line' id='line_1_23' title="bbox 243 2640 1220 2741; baseline -0.013 -25"><span class='ocrx_word' id='word_1_178' title='bbox 243 2653 357 2717; x_wconf 83' lang='lat' dir='ltr'><strong>domus</strong></span> <span class='ocrx_word' id='word_1_179' title='bbox 371 2652 468 2741; x_wconf 89' lang='lat' dir='ltr'><strong>hujus</strong></span> <span class='ocrx_word' id='word_1_180' title='bbox 483 2663 550 2728; x_wconf 86' lang='lat' dir='ltr'><strong>est,</strong></span> <span class='ocrx_word' id='word_1_181' title='bbox 567 2673 637 2740; x_wconf 73' lang='lat' dir='ltr'><strong>quae</strong></span> <span class='ocrx_word' id='word_1_182' title='bbox 656 2662 760 2740; x_wconf 89' lang='lat' dir='ltr'><strong>potest</strong></span> <span class='ocrx_word' id='word_1_183' title='bbox 781 2651 924 2718; x_wconf 88' lang='lat' dir='ltr'><strong>indicare</strong></span> <span class='ocrx_word' id='word_1_184' title='bbox 949 2651 1115 2740; x_wconf 82' lang='lat' dir='ltr'><strong>dogmatum</strong></span> <span class='ocrx_word' id='word_1_185' title='bbox 1126 2640 1220 2707; x_wconf 73' lang='lat' dir='ltr'><strong>uuu-</strong></span> 
     </span>
     <span class='ocr_line' id='line_1_24' title="bbox 243 2753 1220 2849; baseline -0.014 -25"><span class='ocrx_word' id='word_1_186' title='bbox 243 2773 308 2826; x_wconf 84' lang='lat' dir='ltr'><strong>tem</strong></span> <span class='ocrx_word' id='word_1_187' title='bbox 330 2762 413 2826; x_wconf 90' lang='lat' dir='ltr'><strong>:suh</strong></span> <span class='ocrx_word' id='word_1_188' title='bbox 441 2771 606 2849; x_wconf 76' lang='lat' dir='ltr'><strong>questore</strong></span> <span class='ocrx_word' id='word_1_189' title='bbox 633 2759 750 2826; x_wconf 87' lang='lat' dir='ltr'><strong>dicitur</strong></span> <span class='ocrx_word' id='word_1_190' title='bbox 772 2782 936 2847; x_wconf 88' lang='lat' dir='ltr'><strong>sponsus,</strong></span> <span class='ocrx_word' id='word_1_191' title='bbox 963 2771 997 2824; x_wconf 91' lang='lat' dir='ltr'><strong>et</strong></span> <span class='ocrx_word' id='word_1_192' title='bbox 1018 2753 1159 2844; x_wconf 84' lang='lat' dir='ltr'><strong>inquibus</strong></span> <span class='ocrx_word' id='word_1_193' title='bbox 1179 2758 1220 2811; x_wconf 80' lang='lat' dir='ltr'><strong>tan</strong></span> 
     </span>
     <span class='ocr_line' id='line_1_25' title="bbox 245 2861 1223 2960; baseline -0.013 -24"><span class='ocrx_word' id='word_1_194' title='bbox 245 2893 380 2958; x_wconf 84' lang='lat' dir='ltr'><strong>magnus</strong></span> <span class='ocrx_word' id='word_1_195' title='bbox 402 2881 435 2934; x_wconf 91' lang='lat' dir='ltr'><strong>et</strong></span> <span class='ocrx_word' id='word_1_196' title='bbox 455 2867 595 2938; x_wconf 84' lang='lat' dir='ltr'><strong>excelsus</strong></span> <span class='ocrx_word' id='word_1_197' title='bbox 618 2879 685 2944; x_wconf 87' lang='lat' dir='ltr'><strong>est,</strong></span> <span class='ocrx_word' id='word_1_198' title='bbox 704 2879 737 2932; x_wconf 88' lang='lat' dir='ltr'><strong>ut</strong></span> <span class='ocrx_word' id='word_1_199' title='bbox 759 2868 897 2960; x_wconf 82' lang='lat' dir='ltr'><strong>emineat</strong></span> <span class='ocrx_word' id='word_1_200' title='bbox 918 2891 1015 2933; x_wconf 87' lang='lat' dir='ltr'><strong>omne</strong></span> <span class='ocrx_word' id='word_1_201' title='bbox 1036 2861 1184 2930; x_wconf 73' lang='lat' dir='ltr'><strong>edificium,</strong></span> <span class='ocrx_word' id='word_1_202' title='bbox 1201 2863 1223 2915; x_wconf 72' lang='lat' dir='ltr'><strong>tl</strong></span> 
     </span>
     <span class='ocr_line' id='line_1_26' title="bbox 244 2961 1223 3067; baseline -0.01 -25"><span class='ocrx_word' id='word_1_203' title='bbox 244 2978 416 3067; x_wconf 87' lang='lat' dir='ltr'><strong>prospiciat</strong></span> <span class='ocrx_word' id='word_1_204' title='bbox 438 2999 605 3066; x_wconf 85' lang='lat' dir='ltr'><strong>sponsam,</strong></span> <span class='ocrx_word' id='word_1_205' title='bbox 625 2977 658 3042; x_wconf 89' lang='lat' dir='ltr'><strong>id</strong></span> <span class='ocrx_word' id='word_1_206' title='bbox 673 2988 738 3064; x_wconf 73' lang='lat' dir='ltr'><strong>est,</strong></span> <span class='ocrx_word' id='word_1_207' title='bbox 764 2975 901 3041; x_wconf 86' lang='lat' dir='ltr'><strong>animam</strong></span> <span class='ocrx_word' id='word_1_208' title='bbox 923 2999 931 3040; x_wconf 90' lang='lat'>:</span> <span class='ocrx_word' id='word_1_209' title='bbox 948 2987 982 3042; x_wconf 87' lang='lat' dir='ltr'><strong>et</strong></span> <span class='ocrx_word' id='word_1_210' title='bbox 993 2968 1123 3039; x_wconf 89' lang='lat' dir='ltr'><strong>nondum</strong></span> <span class='ocrx_word' id='word_1_211' title='bbox 1135 2961 1223 3054; x_wconf 81' lang='lat' dir='ltr'><strong>quiden</strong></span> 
     </span>
     <span class='ocr_line' id='line_1_27' title="bbox 243 3066 1226 3176; baseline -0.011 -23"><span class='ocrx_word' id='word_1_212' title='bbox 243 3099 389 3176; x_wconf 87' lang='lat' dir='ltr'><strong>apertum</strong></span> <span class='ocrx_word' id='word_1_213' title='bbox 408 3108 440 3150; x_wconf 90' lang='lat' dir='ltr'><strong>se</strong></span> <span class='ocrx_word' id='word_1_214' title='bbox 462 3086 508 3160; x_wconf 91' lang='lat' dir='ltr'><strong>ei,</strong></span> <span class='ocrx_word' id='word_1_215' title='bbox 529 3096 696 3173; x_wconf 83' lang='lat' dir='ltr'><strong>totumque</strong></span> <span class='ocrx_word' id='word_1_216' title='bbox 710 3084 910 3160; x_wconf 82' lang='lat' dir='ltr'><strong>manifestet,</strong></span> <span class='ocrx_word' id='word_1_217' title='bbox 930 3084 988 3149; x_wconf 87' lang='lat' dir='ltr'><strong>sed</strong></span> <span class='ocrx_word' id='word_1_218' title='bbox 1009 3080 1089 3169; x_wconf 85' lang='lat' dir='ltr'><strong>quasi</strong></span> <span class='ocrx_word' id='word_1_219' title='bbox 1108 3097 1153 3165; x_wconf 84' lang='lat' dir='ltr'><strong>per</strong></span> <span class='ocrx_word' id='word_1_220' title='bbox 1171 3066 1226 3133; x_wconf 63' lang='lat'><strong>¹05³</strong></span> 
     </span>
     <span class='ocr_line' id='line_1_28' title="bbox 243 3178 1226 3285; baseline -0.022 -26"><span class='ocrx_word' id='word_1_221' title='bbox 243 3194 436 3285; x_wconf 85' lang='lat' dir='ltr'><strong>prospiciens</strong></span> <span class='ocrx_word' id='word_1_222' title='bbox 451 3194 598 3259; x_wconf 85' lang='lat' dir='ltr'><strong>hortetur</strong></span> <span class='ocrx_word' id='word_1_223' title='bbox 612 3217 703 3270; x_wconf 88' lang='lat' dir='ltr'><strong>eem,</strong></span> <span class='ocrx_word' id='word_1_224' title='bbox 719 3205 752 3258; x_wconf 90' lang='lat' dir='ltr'><strong>et</strong></span> <span class='ocrx_word' id='word_1_225' title='bbox 764 3204 917 3280; x_wconf 87' lang='lat' dir='ltr'><strong>provocet</strong></span> <span class='ocrx_word' id='word_1_226' title='bbox 932 3214 995 3258; x_wconf 91' lang='lat' dir='ltr'><strong>non</strong></span> <span class='ocrx_word' id='word_1_227' title='bbox 1009 3190 1108 3255; x_wconf 83' lang='lat' dir='ltr'><strong>sedere</strong></span> <span class='ocrx_word' id='word_1_228' title='bbox 1122 3178 1226 3247; x_wconf 84' lang='lat' dir='ltr'><strong>intrinse</strong></span> 
     </span>
     <span class='ocr_line' id='line_1_29' title="bbox 244 3291 1226 3391; baseline -0.014 -22"><span class='ocrx_word' id='word_1_229' title='bbox 244 3326 299 3369; x_wconf 88' lang='lat' dir='ltr'><strong>eus</strong></span> <span class='ocrx_word' id='word_1_230' title='bbox 311 3325 439 3391; x_wconf 86' lang='lat' dir='ltr'><strong>segnem</strong></span> <span class='ocrx_word' id='word_1_231' title='bbox 450 3353 459 3379; x_wconf 88' lang='lat'><strong>,</strong></span> <span class='ocrx_word' id='word_1_232' title='bbox 472 3303 529 3368; x_wconf 86' lang='lat' dir='ltr'><strong>sed</strong></span> <span class='ocrx_word' id='word_1_233' title='bbox 539 3302 624 3368; x_wconf 82' lang='lat' dir='ltr'><strong>exire</strong></span> <span class='ocrx_word' id='word_1_234' title='bbox 633 3302 673 3368; x_wconf 86' lang='lat' dir='ltr'><strong>ad</strong></span> <span class='ocrx_word' id='word_1_235' title='bbox 686 3325 719 3367; x_wconf 89' lang='lat' dir='ltr'><strong>se</strong></span> <span class='ocrx_word' id='word_1_236' title='bbox 734 3301 817 3367; x_wconf 87' lang='lat' dir='ltr'><strong>foras</strong></span> <span class='ocrx_word' id='word_1_237' title='bbox 832 3325 840 3366; x_wconf 90' lang='lat'><strong>:</strong></span> <span class='ocrx_word' id='word_1_238' title='bbox 853 3313 886 3365; x_wconf 87' lang='lat' dir='ltr'><strong>et</strong></span> <span class='ocrx_word' id='word_1_239' title='bbox 897 3301 1005 3367; x_wconf 87' lang='lat' dir='ltr'><strong>conari</strong></span> <span class='ocrx_word' id='word_1_240' title='bbox 1016 3310 1117 3363; x_wconf 85' lang='lat' dir='ltr'><strong>utnon</strong></span> <span class='ocrx_word' id='word_1_241' title='bbox 1128 3291 1179 3378; x_wconf 85' lang='lat' dir='ltr'><strong>jan</strong></span> <span class='ocrx_word' id='word_1_242' title='bbox 1188 3303 1226 3371; x_wconf 83' lang='lat' dir='ltr'><strong>pe</strong></span> 
     </span>
     <span class='ocr_line' id='line_1_30' title="bbox 243 3387 1226 3500; baseline -0.011 -24"><span class='ocrx_word' id='word_1_243' title='bbox 243 3409 394 3477; x_wconf 81' lang='lat' dir='ltr'><strong>fenestras</strong></span> <span class='ocrx_word' id='word_1_244' title='bbox 411 3424 444 3476; x_wconf 88' lang='lat' dir='ltr'><strong>et</strong></span> <span class='ocrx_word' id='word_1_245' title='bbox 464 3413 563 3488; x_wconf 87' lang='lat' dir='ltr'><strong>retia,</strong></span> <span class='ocrx_word' id='word_1_246' title='bbox 586 3435 689 3500; x_wconf 88' lang='lat' dir='ltr'><strong>neque</strong></span> <span class='ocrx_word' id='word_1_247' title='bbox 707 3434 763 3500; x_wconf 90' lang='lat' dir='ltr'><strong>per</strong></span> <span class='ocrx_word' id='word_1_248' title='bbox 787 3409 953 3499; x_wconf 86' lang='lat' dir='ltr'><strong>speculum</strong></span> <span class='ocrx_word' id='word_1_249' title='bbox 974 3408 1007 3474; x_wconf 88' lang='lat' dir='ltr'><strong>in</strong></span> <span class='ocrx_word' id='word_1_250' title='bbox 1020 3406 1175 3492; x_wconf 75' lang='lat' dir='ltr'><strong>enigmate,</strong></span> <span class='ocrx_word' id='word_1_251' title='bbox 1190 3387 1226 3456; x_wconf 52' lang='grc' dir='ltr'><strong><em>Μ</em></strong></span> 
     </span>
     <span class='ocr_line' id='line_1_31' title="bbox 243 3499 1224 3609; baseline -0.009 -22"><span class='ocrx_word' id='word_1_252' title='bbox 243 3521 421 3609; x_wconf 85' lang='lat' dir='ltr'><strong>procedens</strong></span> <span class='ocrx_word' id='word_1_253' title='bbox 446 3519 535 3588; x_wconf 84' lang='lat' dir='ltr'><strong>foras‘</strong></span> <span class='ocrx_word' id='word_1_254' title='bbox 550 3520 630 3586; x_wconf 88' lang='lat' dir='ltr'><strong>facie</strong></span> <span class='ocrx_word' id='word_1_255' title='bbox 654 3519 825 3586; x_wconf 86' lang='lat' dir='ltr'><strong>adfaciem</strong></span> <span class='ocrx_word' id='word_1_256' title='bbox 847 3519 953 3585; x_wconf 81' lang='lat' dir='ltr'><strong>videat</strong></span> <span class='ocrx_word' id='word_1_257' title='bbox 970 3539 1051 3582; x_wconf 89' lang='lat' dir='ltr'><strong>eum.</strong></span> <span class='ocrx_word' id='word_1_258' title='bbox 1073 3499 1224 3579; x_wconf 72' lang='lat' dir='ltr'><strong>Numerio</strong></span> 
     </span>
     <span class='ocr_line' id='line_1_32' title="bbox 248 3619 1223 3719; baseline -0.012 -25"><span class='ocrx_word' id='word_1_259' title='bbox 248 3629 318 3717; x_wconf 72' lang='lat' dir='ltr'><strong>quia</strong></span> <span class='ocrx_word' id='word_1_260' title='bbox 336 3631 479 3696; x_wconf 90' lang='lat' dir='ltr'><strong>nondum</strong></span> <span class='ocrx_word' id='word_1_261' title='bbox 494 3640 600 3719; x_wconf 88' lang='lat' dir='ltr'><strong>potest</strong></span> <span class='ocrx_word' id='word_1_262' title='bbox 612 3629 659 3696; x_wconf 83' lang='lat' dir='ltr'><strong>&#39;ita</strong></span> <span class='ocrx_word' id='word_1_263' title='bbox 674 3651 747 3694; x_wconf 88' lang='lat' dir='ltr'><strong>enm</strong></span> <span class='ocrx_word' id='word_1_264' title='bbox 762 3628 896 3705; x_wconf 85' lang='lat' dir='ltr'><strong>intueri,</strong></span> <span class='ocrx_word' id='word_1_265' title='bbox 912 3635 1073 3716; x_wconf 81' lang='lat' dir='ltr'><strong>propterea</strong></span> <span class='ocrx_word' id='word_1_266' title='bbox 1092 3639 1146 3684; x_wconf 90' lang='lat' dir='ltr'><strong>oon</strong></span> <span class='ocrx_word' id='word_1_267' title='bbox 1160 3619 1223 3676; x_wconf 67' lang='lat' dir='ltr'><strong>enit·</strong></span> 
     </span>
     <span class='ocr_line' id='line_1_33' title="bbox 264 3714 1223 3827; baseline -0.01 -24"><span class='ocrx_word' id='word_1_268' title='bbox 264 3739 301 3803; x_wconf 90' lang='lat' dir='ltr'><strong>ed</strong></span> <span class='ocrx_word' id='word_1_269' title='bbox 317 3751 402 3804; x_wconf 88' lang='lat' dir='ltr'><strong>retro</strong></span> <span class='ocrx_word' id='word_1_270' title='bbox 418 3739 446 3803; x_wconf 90' lang='lat' dir='ltr'><strong>ei</strong></span> <span class='ocrx_word' id='word_1_271' title='bbox 461 3751 494 3803; x_wconf 87' lang='lat' dir='ltr'><strong>et</strong></span> <span class='ocrx_word' id='word_1_272' title='bbox 512 3749 583 3827; x_wconf 87' lang='lat' dir='ltr'><strong>post</strong></span> <span class='ocrx_word' id='word_1_273' title='bbox 601 3738 754 3827; x_wconf 87' lang='lat' dir='ltr'><strong>parietem</strong></span> <span class='ocrx_word' id='word_1_274' title='bbox 769 3749 841 3803; x_wconf 88' lang='lat' dir='ltr'><strong>stet.</strong></span> <span class='ocrx_word' id='word_1_275' title='bbox 860 3735 1019 3802; x_wconf 81' lang='lat' dir='ltr'><strong>Incumbit</strong></span> <span class='ocrx_word' id='word_1_276' title='bbox 1032 3741 1125 3798; x_wconf 86' lang='lat' dir='ltr'><strong>autem</strong></span> <span class='ocrx_word' id='word_1_277' title='bbox 1136 3714 1223 3812; x_wconf 75' lang='lat' dir='ltr'><strong>perio</strong></span> 
     </span>
     <span class='ocr_line' id='line_1_34' title="bbox 260 3828 1221 3936; baseline -0.012 -25"><span class='ocrx_word' id='word_1_278' title='bbox 260 3859 385 3923; x_wconf 73' lang='lat' dir='ltr'><strong>restrae,</strong></span> <span class='ocrx_word' id='word_1_279' title='bbox 403 3870 471 3936; x_wconf 82' lang='lat' dir='ltr'><strong>qoae</strong></span> <span class='ocrx_word' id='word_1_280' title='bbox 492 3847 559 3914; x_wconf 89' lang='lat' dir='ltr'><strong>sine</strong></span> <span class='ocrx_word' id='word_1_281' title='bbox 574 3846 672 3912; x_wconf 86' lang='lat' dir='ltr'><strong>dubio</strong></span> <span class='ocrx_word' id='word_1_282' title='bbox 693 3847 844 3934; x_wconf 87' lang='lat' dir='ltr'><strong>patebant</strong></span> <span class='ocrx_word' id='word_1_283' title='bbox 864 3846 903 3912; x_wconf 87' lang='lat' dir='ltr'><strong>ad</strong></span> <span class='ocrx_word' id='word_1_284' title='bbox 926 3837 1126 3932; x_wconf 85' lang='lat' dir='ltr'><strong>recipiendum</strong></span> <span class='ocrx_word' id='word_1_285' title='bbox 1145 3828 1221 3894; x_wconf 73' lang='lat' dir='ltr'><strong>luiten</strong></span> 
     </span>
    </p>
   </div>
   <div class='ocr_carea' id='block_1_4' title="bbox 0 0 1330 4612">
    <p class='ocr_par' dir='ltr' id='par_1_5' title="bbox 0 0 1330 4612">
     <span class='ocr_line' id='line_1_35' title="bbox 0 0 1330 4612; baseline 0 0"><span class='ocrx_word' id='word_1_286' title='bbox 0 0 1330 4612; x_wconf 95' lang='lat' dir='ltr'><strong> </strong></span> 
     </span>
    </p>
   </div>
  </div>
 </body>
</html>
