2762 4610
217 271 254 348 td
658 285 800 332 ontearus

211 432 223 465 ι
240 401 458 476 maledictum,
473 413 509 466 ut
524 423 580 468 nos
597 400 637 465 de
648 400 817 485 maledicto
830 398 920 489 Legis
933 399 1142 475 redimerct¹3
1157 431 1170 464 r
1187 403 1246 468 ite·

90 522 94 530 “
132 531 138 542 “
211 533 283 576 rum
298 533 372 578 cnm
393 510 493 578 dicit:
522 508 658 576 «Venite
681 512 722 576 ad
745 535 810 586 me,
834 512 1019 598 omnesqui
1041 510 1191 578 laboratis
1213 525 1248 578 et

211 649 224 684 s
241 621 362 688 onerati
378 620 464 698 estis,
482 632 515 686 ct
529 644 587 710 ego
603 620 745 688 reficiam
763 643 828 696 vos,
848 634 881 685 et
896 621 1084 686 invenientis
1099 623 1246 708 requiem

179 755 184 766 ·
210 732 404 811 »animabus
426 730 561 796 vestris²
582 753 622 794 :s
646 731 784 796 invenies
808 731 895 796 hune
927 754 994 796 esse
1018 732 1071 818 qui
1097 755 1168 797 vere
1192 755 1247 796 re-

210 839 317 927 quiem
333 838 421 905 dedit
443 838 638 914 homiuibus,
654 851 687 904 et
707 837 850 906 liberavit
871 851 988 904 terram
1007 838 1048 906 de
1074 838 1245 906 maledicto

210 972 275 1037 quo
291 947 453 1015 maledixit
469 949 497 1012 ci
515 949 669 1014 Dominus
691 949 788 1016 Deus.
807 950 890 1016 Huic
905 973 980 1038 ergo
998 949 1152 1037 spirituali
1176 952 1245 1018 Noe

210 1057 264 1146 qui
279 1058 422 1145 requiem
434 1055 520 1121 dedit
532 1055 727 1134 hominibus,
741 1070 773 1122 et
790 1057 863 1124 tulit
878 1070 1047 1146 peccatum
1064 1061 1187 1135 mundi,
1199 1061 1244 1126 di-

211 1166 312 1234 eitur:
331 1165 466 1231 «Facies
482 1165 539 1232 tibi
555 1188 662 1230 arcam
676 1187 716 1232 ex
727 1164 818 1255 lignis
833 1166 1023 1253 quadratis⁸.
1040 1195 1053 1227 »

252 1272 423 1340 Videamus
435 1264 510 1362 crgo
522 1296 593 1360 quae
609 1274 672 1338 sint
684 1274 838 1361 quadrata
853 1271 949 1362 ligna.
966 1274 1167 1353 Quadratum
1182 1291 1243 1352 est,
1268 1277 1273 1285 ’

210 1381 395 1470 quodnulla
414 1381 537 1450 vacillat
551 1407 588 1448 ex
605 1398 707 1472 parte,
721 1387 787 1460 sed,
802 1407 1004 1474 quocumque
1016 1387 1159 1463 verteris,
1176 1387 1240 1454 lida

209 1506 242 1558 et
253 1492 351 1558 solida
364 1492 532 1559 stabilitate
549 1494 703 1559 consistit.
717 1494 779 1560 lsta
792 1506 864 1563 sunt
880 1493 1045 1584 lignaque
1057 1519 1152 1574 omne
1163 1521 1241 1586 pon—

210 1601 270 1666 dus
285 1600 334 1668 vel
349 1599 533 1667 animalium
546 1601 748 1678 intrinsecus,
765 1601 811 1668 vel
823 1601 981 1669 [luctuum
993 1606 1187 1674 extrinsecus
1198 1608 1242 1672 se-

210 1724 295 1778 runt.
316 1712 404 1792 Quos
424 1734 482 1800 ego
498 1712 635 1778 arbitror
652 1714 799 1780 doctores
814 1736 881 1780 esse
902 1715 935 1780 in
951 1714 1104 1790 Ecclesia,
1125 1729 1156 1780 et
1175 1739 1239 1782 ma·

208 1823 321 1911 gistrcs
338 1833 432 1908 atque
447 1820 647 1894 aemulatores
662 1821 750 1897 fidei,
766 1823 820 1910 qui
842 1835 874 1887 et
895 1822 1030 1913 populos
1053 1825 1240 1892 intrinsecus

208 1932 326 2020 positos
344 1932 439 1996 verbo
456 1932 713 1998 commonitionis
729 1943 761 1998 et
776 1933 930 2000 doctrinae
951 1936 1052 2023 gratia
1075 1934 1242 2016 consolan-

210 2054 273 2117 tur,
286 2053 318 2107 ct
333 2037 592 2130 impugnantibus
608 2043 817 2120 extrinsecus,
830 2041 879 2108 vel
894 2043 1065 2132 gentilibus
1082 2045 1132 2112 vel
1146 2046 1243 2112 haere·

209 2152 291 2226 ticis,
302 2163 334 2215 et
349 2151 560 2240 quaestionum
575 2150 695 2218 llnctus
709 2176 748 2219 ae
762 2139 916 2241 procellas
933 2134 1144 2220 certaminum
1156 2179 1243 2222 com·

209 2261 423 2336 moventibus,
437 2261 554 2327 virtute
571 2263 657 2327 verbi
674 2285 712 2328 ac
729 2263 881 2352 sapientia
897 2264 1027 2330 rationis
1042 2263 1237 2331 obsistunt...

258 2420 292 2481 2⁰
311 2417 404 2482 Arca
424 2415 551 2480 animae
570 2410 669 2482 fideli
686 2412 936 2511 comparata‘:

254 2615 334 2635 ......
341 2567 375 2634 Si
392 2569 460 2656 quis
476 2582 524 2633 est
541 2570 608 2658 qni,
624 2571 840 2637 crescentibus
855 2570 945 2636 malis
964 2586 996 2636 et
1012 2571 1239 2636 inundantibus

208 2681 303 2757 vitiis,
317 2690 503 2745 convertere
520 2703 552 2746 se
567 2689 671 2767 potest
686 2703 702 2744 a
720 2679 814 2743 rebus
830 2677 922 2744 llnxis
939 2691 971 2744 et
986 2680 1192 2769 pereuntibus
1209 2694 1241 2745 et

206 2789 348 2864 caducis,
366 2801 399 2882 et
414 2790 524 2855 audire
540 2789 672 2853 verbum
688 2788 746 2855 Dei
766 2812 805 2854 ac
825 2800 982 2878 praecepta
1004 2789 1140 2856 coelcstia
1160 2813 1167 2855 :
1187 2791 1240 2861 hie

206 2901 287 2967 intra
304 2923 360 2966 cor
375 2922 468 2965 sunm
484 2922 591 2965 arcam
608 2897 716 2963 salutis
731 2897 880 2975 aedificat,
897 2912 929 2964 et
947 2885 1188 2974 bibliothecam,
1207 2913 1241 2965 ut

205 3009 246 3075 ita
262 3009 380 3085 dicam,
396 3008 478 3072 intra
495 3032 528 3073 sc
544 3007 640 3074 divini
655 3021 822 3074 consecrat
837 3010 938 3085 verbi,
961 3008 1192 3100 longitudinem
1208 3013 1242 3077 in

203 3143 240 3184 ea
257 3131 289 3184 et
303 3117 505 3185 latitudinem
520 3131 553 3184 et
567 3117 780 3195 altitudinem,
799 3118 908 3197 fidem,
925 3101 1014 3210 spem
1036 3121 1242 3188 charitatem-

203 3253 265 3319 que
289 3227 435 3296 collocat.
457 3228 570 3293 Fidem
591 3228 753 3295 Trinitatis
776 3230 815 3295 ad
838 3228 1069 3320 longitudinem
1090 3231 1159 3297 vitae
1181 3232 1245 3296 inr-

203 3334 492 3424 mortalitatemque
516 3335 675 3403 distendit.
698 3337 911 3404 Latitudinem
935 3340 1109 3416 eharitatis,
1135 3339 1241 3406 indul-

203 3447 315 3537 gentiae
331 3459 363 3512 et
378 3444 581 3534 benignitatis
598 3444 711 3511 fundat
728 3445 853 3513 affectu.
874 3446 1050 3514 Altitudine
1070 3449 1135 3536 spei
1152 3471 1184 3512 se
1200 3447 1241 3511 ad

202 3554 342 3623 ooelestia
358 3554 450 3645 erigit
464 3567 497 3620 et
512 3552 647 3620 excelsa.
664 3556 768 3645 Super
779 3569 897 3623 terram
912 3560 999 3624 enim
1015 3556 1194 3631 ambulans,
1208 3558 1241 3622 in

135 3704 143 3710 -
203 3666 291 3734 cetis
309 3665 408 3731 habet
431 3662 716 3730 conversationem.
738 3665 904 3734 Summam
928 3691 1001 3734 vero
1025 3679 1153 3734 actuum
1171 3687 1242 3730 suo-

233 3829 334 3878 ¹Galat.
350 3846 388 3888 ur,
404 3829 439 3878 15.
451 3855 480 3866 -
491 3826 502 3860 ²
514 3828 605 3880 Mattlr·
617 3847 654 3888 rr,
669 3829 707 3888 28,
719 3845 757 3893 ²9·
769 3830 814 3866 -3
826 3830 889 3880 Gen.
905 3846 941 3889 rr,
952 3829 993 3887 at.

232 3901 285 3951 lil.
298 3902 358 3968 ap.
373 3903 463 3962 aaut.
