2682 4594
331 309 362 350 ut
385 306 499 350 nrnauu
522 303 686 349 marcaon
709 305 779 349 sou.
809 309 843 350 u.
1039 312 1098 376 ¹77

79 440 215 504 eductum
237 453 307 498 ease
329 429 534 519 pertendere,
554 451 592 494 ao
614 451 814 518 propugnare
837 453 901 496 uon
921 411 998 497 vult.
1018 435 1100 500 Cum

83 555 173 609 autem
188 547 334 626 oporteat
349 537 430 600 bene
445 557 513 600 esse
533 531 704 610 affectum,
721 537 775 622 qui
792 536 971 625 Scripturas
985 539 1102 606 intelli-

85 651 138 739 git,
152 642 420 736 probabiliterque
434 641 509 708 satis
525 641 636 706 oratio'
648 663 705 706 nes
722 641 887 708 deduxerit
905 655 940 708 ut
959 667 1033 712 rere
1047 671 1105 714 nos

85 771 113 824 et
129 775 324 822 commovere
336 763 369 817 et
385 761 558 818 concutere
573 746 693 825 valeat,
715 749 875 818 videamus
894 763 1001 818 utrum
1020 767 1107 822 recte

87 863 254 950 Scripturas
265 855 462 946 perceperit,
479 853 579 942 quiid
592 875 657 918 uon
674 851 830 931 admittit,
849 855 897 920 vel
913 871 1096 946 argumente
1175 942 1178 947 ι

88 983 133 1034 tar
153 968 190 1034 ub
210 963 407 1038 illustribus,
431 960 667 1050 pugnantiaque
691 959 776 1028 dicat
798 959 882 1039 illis,
905 987 975 1051 qua
993 965 1109 1055 scripta

86 1087 160 1142 sunt.
173 1074 252 1140 Nam
270 1093 340 1160 qua·
355 1081 429 1136 suut
444 1067 582 1157 scripta?
600 1069 668 1133 «Et
678 1068 756 1133 dixit
771 1069 906 1147 mulier,
922 1095 1017 1160 quem
1032 1095 1109 1140 evo·

88 1183 180 1249 »cabo
199 1181 256 1246 tibi
269 1178 278 1212 ¹
290 1179 326 1244 i»
342 1178 562 1264 Cujusnauest
572 1198 706 1264 persona
723 1174 794 1264 illa,
808 1201 877 1265 quac
888 1179 987 1255 dicit,
1009 1179 1113 1245 «Dixit

86 1288 233 1356 »mulieri
250 1315 263 1348 »
286 1285 335 1352 An
352 1307 417 1351 non
432 1305 567 1372 persona
585 1282 722 1370 Spiritus
736 1286 854 1360 sancti,
876 1309 891 1351 a
912 1309 976 1373 quo
993 1288 1114 1354 divinas

88 1398 198 1464 litteras
222 1393 353 1482 scriptus
375 1415 444 1457 esse
463 1390 653 1464 oredimus,
680 1388 728 1456 vel
755 1390 883 1457 alterius
907 1395 1119 1490 cujuspiam?

91 1504 209 1591 Quippe
229 1521 362 1588 persona
382 1521 513 1573 narrans
538 1498 679 1585 ubique,
697 1499 965 1586 quemadmodum
987 1503 1041 1591 qui
1059 1527 1117 1591 per

91 1633 194 1680 omues
212 1608 361 1674 orationis
375 1606 487 1672 modos
502 1604 615 1670 versati
627 1617 702 1670 sunt
719 1607 840 1693 optime
856 1606 987 1685 callent,
1007 1623 1119 1676 sueto-

92 1721 131 1784 ris
151 1739 281 1807 persona
300 1726 358 1782 est.
376 1713 418 1782 At
439 1735 622 1780 sermonum
632 1711 753 1796 *borum
774 1726 904 1793 auctor,
924 1736 989 1782 nou
1005 1718 1121 1796 bomo,

89 1827 143 1892 sed
157 1825 282 1914 spiritus
297 1833 424 1889 sanetas
435 1871 446 1896 ,
456 1820 511 1908 qui
523 1820 621 1886 morit
633 1819 795 1896 homines,
813 1843 881 1886 esse
895 1823 1046 1890 creditur.
1066 1827 1123 1891 Di·
1217 1869 1229 1898 .

89 1935 132 2000 cit
146 1933 241 2022 igitur
256 1930 391 2018 Spiritus
402 1941 530 1996 sanans
545 1950 555 1992 ε
570 1928 633 1992 «Er
645 1927 725 1992 dixit
738 1927 864 2004 mulier,
881 1915 977 2016 quern
987 1933 1124 2000 educam

89 2041 163 2106 »tibi
174 2040 188 2104 l
200 2040 242 2104 Et
255 2027 353 2128 dixit:
367 2034 548 2104 Samuelem
560 2035 645 2110 educ
658 2033 772 2098 mihi.»
787 2035 866 2116 Quis
881 2036 960 2104 dicit
974 2063 982 2104 τ
999 2069 1012 2101 r
1027 2041 1066 2106 Et
1079 2043 1126 2106 vi.

88 2150 155 2215 »dit
175 2145 290 2214 mulier
307 2141 507 2216 Samuelem,
524 2155 557 2208 ot
573 2139 720 2208 clamavit
732 2139 849 2207 mulier
862 2165 939 2210 voce
951 2124 1064 2235 mbgua
1077 2147 1120 2213 di-

91 2255 211 2324 acona?
226 2253 397 2322 »Dicimus
416 2251 457 2316 ad
471 2248 581 2324 illum,
597 2248 651 2336 qui
666 2261 789 2314 neutras
805 2273 896 2316 auu-ea
914 2251 1055 2341 implevit
1065 2277 1107 2319 'ru

91 2363 256 2437 moribus,
278 2358 513 2445 immodicaque
537 2358 708 2422 verborum
729 2357 821 2445 copia
839 2359 1020 2425 Samuelem
1045 2361 1129 2449 apud

87 2470 205 2536 inferos
227 2492 291 2534 nou
313 2466 408 2536 luisse
431 2463 606 2532 contendit.
627 2462 740 2528 «Vidit
764 2462 880 2530 mulier
899 2467 1124 2544 Samuelem»

84 2600 220 2646 narrans
244 2598 303 2643 vox
320 2573 417 2646 dixit,
437 2599 452 2632 e
470 2584 504 2636 et
531 2569 679 2638 clamarit
709 2568 824 2636 mulier
852 2595 930 2638 voce
960 2589 1132 2664 magna,et

83 2716 99 2749 ι
110 2686 189 2752 dixit
201 2684 239 2750 ad
256 2680 402 2752 Sattten:
419 2679 465 2746 Ne
477 2679 606 2762 timeas:
622 2678 745 2766 utquid
758 2678 907 2766 decepisti
924 2705 994 2757 me,
1006 2695 1040 2747 et
1052 2696 1086 2747 tu
1099 2707 1132 2748 es

88 2791 212 2860 »Saiill
231 2791 271 2856 Et
292 2787 371 2855 uixit
391 2787 420 2852 ei
437 2809 492 2853 rex
508 2807 516 2852 ε
535 2784 623 2864 Quid
643 2784 675 2850 id
694 2785 767 2850 esti
782 2807 822 2850 ne
843 2785 962 2852 timeus.
983 2789 1069 2868 Quid
1087 2791 1133 2854 vi-

88 2899 210 2966 »distii
231 2899 272 2962 Et
286 2895 364 2960 dixit
386 2892 500 2960 mulier
521 2892 567 2958 ad
582 2892 657 2958 Saiil
674 2916 682 2957 ε
700 2893 783 2959 Deos
805 2893 867 2958 vidi
889 2893 1133 2963 ascendeutesa

86 3017 212 3072 »terra
230 3003 270 3094 Et
283 3000 362 3067 dixit
379 2999 420 3066 ad
434 3021 504 3064 eam
528 3019 535 3062 :
561 2996 641 3076 Quat
657 3007 704 3062 est
723 2996 822 3064 forma
840 2997 990 3066 illorum?
1005 3003 1044 3068 Et
1056 3003 1134 3072 dixit

83 3144 100 3176 ι
112 3111 160 3178 illi
182 3109 262 3176 :Vir
279 3109 383 3174 senior
406 3105 597 3178 ascendens,
613 3116 647 3168 et
667 3105 721 3171 bie
739 3107 844 3171 senior
862 3107 1002 3196 diploide
1022 3111 1135 3198 prod

82 3253 98 3284 ιι
112 3217 284 3288 indutus².
309 3217 468 3282 »Fatetur
481 3236 554 3278 cam
571 3212 683 3278 uidisse
702 3225 734 3276 et
756 3225 872 3279 vestem
895 3217 1133 3285 sarcerdotalem.

81 3327 180 3399 Novi
196 3324 377 3414 oppositum
394 3321 519 3393 dicere,
535 3318 621 3405 (paud
641 3319 758 3382 mirum
773 3342 837 3384 neu
853 3334 910 3386 est.
929 3323 1000 3412 lpse
1018 3326 1137 3416 quippo

78 3437 229 3501 Satanas
245 3425 497 3492 transformatae
515 3423 546 3491 iu
563 3421 719 3510 tegetum
736 3421 847 3490 tuctu.
860 3427 970 3506 Quare
985 3453 1136 3518 mrtguum
1207 3511 1213 3523 .

75 3563 159 3608 non
176 3549 244 3612 cst,
266 3535 290 3598 si
311 3545 345 3598 et
368 3531 449 3598 illius
467 3531 599 3598 ministri
619 3531 650 3596 in
670 3531 829 3596 ministros
847 3533 974 3619 justitiae
993 3559 1140 3604 conamu-

74 3659 219 3718 tantur.
240 3642 304 3710 Sed
318 3640 395 3728 quid
407 3639 439 3704 id
451 3650 517 3714 est,
538 3639 625 3727 quod
642 3638 798 3704 Samuelis
813 3661 880 3704 esse
893 3641 1007 3708 mulier
1018 3668 1138 3732 cogno-

71 3756 159 3826 vit?
180 3751 249 3820 Sed
256 3750 410 3838 seriptum
417 3758 465 3814 est
474 3746 792 3834 Saiilemoognovisse
804 3746 892 3814 illum
906 3749 1000 3816 luisse
1014 3753 1141 3818 Samae

119 3908 132 3942 ι
158 3918 170 3950 ι
191 3883 714 3962 aeg.uv111,u.-²1biu.12,13.-‘-
734 3873 892 3954 ’etloum
910 3904 949 3950 tt.

221 4008 250 4048 Χ.
1002 4006 1034 4044 12
1073 4009 1075 4014 ’
