2776 4616
234 246 298 332 598
682 273 824 320 onronnrs
845 265 855 278 ‘
914 265 916 269 “

237 390 357 458 tutibus
374 413 444 479 quae
460 393 492 457 in
510 390 628 480 populo
651 390 708 458 Bei
728 393 922 470 factasunt,
939 396 1270 486 auditioneperterri·

235 513 304 566 tus:
319 514 351 566 et
366 501 437 568 ideo
451 500 539 576 dicit,
553 501 578 566 si
592 501 674 570 sorte
690 503 738 570 vel
753 513 893 592 eousque
909 503 1097 594 praevaleant
1107 506 1264 572 maledic-

236 612 336 678 tiones
352 610 493 688 Balaam,
507 621 541 676 ut
553 611 674 699 aliquos
685 635 725 678 cx
735 613 810 700 ipsis
824 614 922 702 possit
935 628 1115 702 percutere,
1133 627 1268 682 caetoros

236 742 309 785 vero
324 720 433 808 sugere
442 721 640 808 perterritos,
653 732 685 786 et
700 722 827 810 propria
839 733 922 788 terra
939 721 1108 810 depellere.

279 827 333 895 Vl.
347 828 445 894 Addit
459 841 609 917 praeterea
625 850 634 892 t
652 857 664 888 r
680 829 763 906 Quia
784 830 862 905 scio,
875 832 1000 917 inquit,
1015 831 1102 920 quod
1121 855 1200 920 qnos
1215 833 1270 897 be·

238 937 418 1003 »nedixcris
438 937 597 1002 benedicti
617 950 724 1012 rrunt,
743 951 776 1002 ct
795 963 873 1027 quos
894 938 1092 1006 maledixeris
1107 939 1268 1007 maledieti

142 1063 149 1080 t
235 1075 247 1108 ι
263 1045 386 1111 eruut¹.
404 1049 493 1134 uligo
509 1069 572 1112 uou
587 1048 683 1113 credo
697 1049 770 1134 quia
787 1047 882 1114 sciret
894 1071 949 1114 rex
964 1049 1051 1136 quod
1061 1048 1266 1136 quibuscum-

111 1229 115 1242 ,
234 1179 300 1244 que
322 1155 533 1222 benedixisset
555 1155 698 1232 Balaam,
723 1157 883 1224 benedicti
905 1170 1028 1230 essent3
1055 1158 1111 1223 aad
1142 1159 1268 1225 videtur

235 1267 313 1332 milri
328 1265 477 1334 adulandi
493 1267 590 1353 gratia
611 1267 681 1334 haec
695 1269 815 1343 dicere,
833 1280 867 1332 ut
881 1278 983 1334 artam
998 1269 1068 1355 ejus
1082 1267 1218 1333 efferens
1232 1281 1265 1332 et

234 1374 399 1451 extollens,
422 1376 651 1463 promptiorem
673 1398 747 1442 eum
772 1376 830 1442 sibi
854 1376 966 1442 reddat
986 1377 1027 1442 ad
1050 1376 1182 1442 lacinus.
1209 1377 1267 1442 Ars

233 1485 319 1552 enirn
339 1485 459 1574 magica
475 1485 575 1551 nescit
589 1484 790 1560 benedicere,
806 1487 880 1574 quin
900 1509 961 1552 nec
980 1486 1140 1552 daemones
1162 1485 1269 1552 sciunt

235 1594 431 1660 benefacere.
446 1592 554 1658 Noscit
565 1592 754 1658 benedicere
765 1593 853 1660 lsaac
865 1605 898 1658 ct
908 1593 1023 1669 Jacob,
1033 1606 1066 1660 et
1077 1617 1187 1660 omnes
1200 1619 1268 1660 san-

234 1702 277 1768 cti
296 1724 304 1766 ε
323 1701 491 1788 impiorum
503 1697 608 1764 nullus
624 1701 684 1766 scit
701 1703 899 1768 benedicere.
916 1701 980 1770 Sed
995 1703 1124 1769 tandem
1137 1705 1266 1770 veniunt

234 1811 275 1876 ad
289 1811 417 1877 Balaam
432 1803 543 1898 lapan·
564 1809 752 1878 ‹vener-unt
767 1807 855 1902 ergo,
874 1816 999 1900 inquit,
1020 1815 1156 1881 seniores
1169 1815 1260 1880 llloala

234 1949 247 1982 a
262 1931 295 1985 et
310 1921 447 1986 seniores
461 1919 610 1995 Mediam,
627 1933 660 1986 et
675 1920 852 1988 divinacula
872 1923 904 1988 in
919 1924 1065 1989 manibus
1080 1920 1219 1988 eorum².
1239 1951 1251 1983 ι

234 2028 271 2093 ln
287 2027 346 2093 illis
357 2027 556 2094 divinationis
567 2028 699 2103 artibus,
713 2053 790 2116 quas
802 2031 967 2096 curiositas
983 2030 1121 2096 humana
1136 2051 1262 2117 compo

235 2141 308 2214 snit,
321 2151 395 2204 sunt
409 2138 553 2226 quaedam
569 2162 638 2225 quae
650 2138 813 2227 Scriptura
825 2141 954 2228 quidem
966 2140 1141 2206 divinacula
1159 2139 1263 2205 uomi-

234 2251 336 2322 navit3
350 2245 474 2337 gentilis
484 2259 590 2312 autem
603 2249 814 2323 consuetudo,
827 2248 876 2316 vel
889 2250 1039 2338 tripodas,
1052 2249 1100 2316 vel
1112 2249 1261 2322 cortinas,

236 2358 285 2424 vel
300 2357 367 2424 aliis
387 2355 570 2443 hujusmodi
587 2354 747 2421 vocabulis
765 2355 925 2444 appellat:
948 2381 1017 2445 quae
1039 2358 1127 2445 quasi
1148 2356 1189 2422 ad
1203 2357 1264 2422 hoc·

236 2472 340 2559 ipsum
357 2477 554 2542 consecrata,
568 2465 687 2530 moveri
700 2467 739 2532 ab
755 2465 844 2531 ciaet
855 2466 1043 2532 contrectari
1056 2465 1168 2532 solent.
1183 2465 1265 2558 Scri·

237 2591 329 2667 ptura
352 2597 426 2640 sane
449 2573 552 2637 divina
570 2572 674 2658 ephod
692 2573 830 2660 quodam
851 2573 1021 2642 vernaculo
1039 2597 1186 2640 sermone
1205 2597 1266 2638 no-

135 2697 146 2718 ·
199 2729 207 2742 ι
238 2687 338 2754 minat
359 2685 391 2748 iu
416 2679 591 2769 prophetis.
611 2678 698 2766 quod
718 2679 940 2746 indumentum
961 2682 1087 2748 tradunt
1108 2705 1177 2748 ease
1195 2705 1265 2770 pro-

238 2792 446 2882 phetantium.
458 2786 552 2854 Aliud
565 2799 671 2852 tamen
682 2788 767 2876 apud
779 2787 957 2877 Scripturas
971 2791 1074 2856 divina
1086 2789 1264 2879 prophetia,

237 2901 323 2967 aliud
338 2897 488 2964 divinatio
504 2896 650 2962 habetur.
669 2896 722 2960 Air
736 2896 821 2964 enirn
838 2920 846 2961 ε
870 2898 966 2964 tN'on
980 2899 1040 2964 erit
1055 2899 1218 2988 auguratio
1233 2899 1266 2964 in

238 3041 250 3071 ι
266 3010 380 3081 Jacob,
397 3028 500 3093 neque
516 3004 665 3070 divinatio
684 3003 715 3068 in
737 3004 844 3072 lsrael.
866 3006 904 3070 ln
920 3019 1064 3096 tempore
1084 3009 1210 3074 dicetur
1226 3007 1267 3074 ad

237 3118 366 3186 slacob
377 3129 410 3184 et
425 3114 534 3188 Isratil,
548 3114 624 3202 qnid
636 3115 775 3181 secturus
787 3117 827 3180 sit
837 3116 923 3182 Deus
933 3117 955 3182 ³.
973 3147 984 3180 r
999 3117 1175 3185 Aladicatur
1190 3140 1265 3205 ergo

239 3229 365 3318 penitus
380 3225 550 3297 divinatio:
566 3247 663 3313 opera
678 3227 764 3294 enirn
779 3238 811 3292 et
830 3227 1003 3294 ministerio
1016 3228 1197 3294 damonum
1212 3229 1268 3313 (ut

239 3359 332 3425 supra
351 3336 414 3422 jam
431 3333 585 3421 diximus)
600 3334 800 3423 adimpletur.
820 3335 919 3424 igitur
933 3335 1063 3402 Balaam
1082 3335 1267 3405 divinaculis

239 3445 389 3532 acceptis,
407 3465 482 3508 cum
498 3440 636 3507 solerent
652 3443 810 3510 daemones
828 3443 870 3510 ad
889 3443 991 3531 ipsum
1008 3447 1127 3520 venire,
1144 3445 1268 3534 sagatos
1380 3527 1381 3540 χ

240 3554 368 3642 quidem
385 3553 542 3617 demones
558 3549 655 3626 videt,
668 3552 724 3616 sed
739 3551 847 3616 adesse
862 3544 975 3619 Derim.
989 3553 1030 3617 Et
1045 3553 1116 3620 ideo
1129 3554 1206 3619 dicit
1223 3554 1269 3618 in·

239 3678 402 3752 terrogure
421 3685 454 3726 se
476 3661 593 3737 Deum,
612 3663 685 3752 quia
708 3675 876 3730 consuetos
899 3663 958 3730 sibi
981 3687 1090 3752 parere
1109 3687 1269 3751 nusquam
1380 3681 1381 3688 ¹

236 3773 398 3840 daemones
414 3771 507 3838 videt.
527 3770 621 3838 Venit
635 3795 710 3860 ergo
725 3772 791 3859 ipse
805 3771 847 3838 ad
862 3771 1003 3850 Balaam,
1021 3797 1085 3840 non
1100 3773 1187 3862 quod
1200 3773 1270 3859 dig·

270 3898 367 3948 ¹Nurn.
383 3917 442 3956 axrr,
455 3899 477 3947 6.
492 3927 521 3938 -
533 3898 543 3930 ²
556 3899 621 3946 lbid.
633 3917 655 3962 7.
669 3899 717 3936 -l
733 3899 772 3948 ld.
787 3917 857 3960 nur,
870 3901 909 3950 ai.
