2644 4612
193 183 258 258 480
640 201 781 244 onruarus

194 337 259 388 tem
273 320 396 387 lilium?
410 319 486 386 Tale
501 322 568 387 sine
583 320 681 386 dubio
697 321 790 408 quale
805 322 918 411 etipse
933 325 965 388 in
979 319 1159 412 Evangeliis
1174 323 1221 390 ti-

194 431 238 498 eit
254 431 340 518 quod
354 440 442 518 pater
457 427 592 494 eoelestis
603 430 705 496 vestit.
716 430 774 505 Et,
787 456 799 490 ι
811 429 920 519 Neque
931 430 1085 498 Salomon
1095 432 1130 496 in
1140 433 1221 498 omni

197 536 317 627 »gloria
338 561 393 602 sua
410 537 537 602 indutus
558 549 605 602 est
622 538 704 603 sieut
723 560 823 604 unum
837 561 876 602 ex
893 538 990 604 istis¹.
1007 539 1090 604 »Fit
1104 560 1180 627 ergo
1193 538 1224 603 li-

195 645 274 712 lium
292 647 326 711 in
341 645 401 712 bae
416 643 562 710 convalle.
571 669 718 733 sponsus,
735 646 821 711 ineo
837 647 922 734 qnod
939 647 1065 713 vestivit
1081 669 1157 712 eom
1174 659 1224 734 pn·
1306 690 1311 699 -

198 765 246 818 ter
264 752 397 820 eoelestis
418 752 473 819 toli
496 754 684 820 vestimento
706 755 809 820 carnis
829 753 921 842 quale
943 777 1005 820 nee
1025 752 1180 820 Salomon
1197 755 1224 818 in

199 862 284 928 omni
302 860 398 950 glorie
415 884 470 926 sua
488 862 606 927 habere
621 863 735 951 potuit.
754 862 825 928 Non
845 863 930 928 enim
948 860 1109 929 Salomon
1127 861 1224 928 babuit

200 971 317 1058 absquo
331 969 586 1056 eoncupisoentia
598 971 673 1046 viri,
687 983 720 1035 et
733 972 907 1036 concubitu
921 970 1071 1036 molieris
1088 971 1223 1036 immaen

200 1076 313 1152 latam,
330 1089 362 1142 et
382 1075 610 1166 nulliprorsus
620 1091 753 1166 peceato
771 1079 940 1144 obnoxiam
956 1091 1110 1144 earnem.
1129 1079 1185 1144 Sed
1199 1093 1224 1143 et

200 1209 326 1252 eausam
339 1208 397 1251 cor
407 1185 433 1250 is
447 1185 501 1273 qui
518 1186 550 1251 in
561 1207 674 1273 eampo
686 1184 744 1250 llos
757 1186 876 1261 luerat,
887 1184 1023 1252 voluerit
1035 1209 1113 1252 esse
1123 1186 1153 1252 in
1163 1209 1223 1252 con

200 1293 332 1359 vallibus
349 1291 468 1368 lilium,
485 1292 608 1359 videtur
628 1295 802 1360 ostendere.
824 1294 907 1359 Cum
924 1295 1013 1359 enim
1030 1293 1142 1360 multo
1156 1307 1221 1360 tem-
1312 1337 1313 1374 3

200 1426 277 1492 pore
292 1401 351 1468 llos
365 1402 473 1466 fuisset
487 1401 519 1466 io
535 1423 648 1490 campo
663 1399 787 1466 nullum
807 1401 882 1467 dicit
900 1425 939 1467 en
954 1403 1026 1492 ipso
1049 1425 1161 1493 eampo
1173 1402 1218 1468 le-

202 1535 270 1578 rem
291 1512 330 1577 ad
348 1510 554 1576 imitationem
574 1509 622 1574 sui
642 1533 679 1576 ae
696 1508 931 1577 similitudinem
953 1511 1214 1600 processissem

196 1643 278 1687 tero
293 1620 393 1686 lautus
406 1631 454 1684 est
469 1618 502 1683 in
518 1615 711 1684 convallibus
726 1617 844 1695 lilium,
856 1620 1014 1686 eontinno
1031 1621 1131 1686 etiam
1141 1619 1211 1685 eto
1312 1597 1313 1656 l

204 1742 255 1794 tur
265 1728 405 1817 proxima
417 1727 486 1815 ejus
498 1726 672 1792 imitatione
686 1727 782 1816 ipsius
798 1725 897 1792 lilium
910 1751 918 1791 :
930 1739 965 1791 ut
982 1729 1201 1818 opempner·

204 1837 314 1911 luerit,
331 1835 481 1923 qnoniam
496 1836 562 1924 ipse
580 1833 711 1902 effeetus
726 1846 773 1899 est
787 1831 904 1910 lilium,
922 1847 959 1900 ut
979 1837 1078 1902 etiam
1090 1835 1192 1924 proxima

203 1946 271 2032 ejus
281 1993 289 2019 ‚
301 1942 404 2019 idest,
418 1965 613 2030 unaquaeque
625 1943 806 2030 animaque
814 1943 843 2007 ei
855 1944 1197 2032 approximat,etmen·

203 2049 290 2140 plum
306 2052 376 2139 ejus
391 2051 662 2138 imitationemque
676 2063 832 2128 sectatur,
847 2049 948 2116 lilium
964 2051 1038 2117 liat.
1057 2053 1145 2134 Quol
1155 2073 1211 2138 erqo
1312 2119 1313 2122 ,

204 2160 247 2225 ait
264 2183 271 2224 ι
284 2159 397 2225 «Siout
414 2155 512 2223 lilium
528 2159 561 2223 in
576 2157 682 2223 medio
697 2157 877 2246 spinarum,
896 2160 939 2224 ite
955 2162 1111 2249 proxima
1124 2158 1217 2225 mmin

204 2267 331 2334 »medio
347 2266 503 2341 filiarum3
526 2266 744 2354 »accipiemus
766 2265 807 2332 (le
821 2265 963 2333 lloelesiu
982 2271 1132 2357 gentium
1149 2267 1223 2334 diei:

166 2423 170 2432 .
207 2375 292 2463 quod
310 2373 359 2442 vel
376 2399 394 2438 e
411 2373 516 2438 medio
533 2372 707 2440 infidelium
722 2385 756 2438 et
772 2397 836 2440 non
854 2375 1082 2454 credentium,
1101 2377 1183 2466 qnasi
1196 2397 1230 2440 es

204 2481 300 2569 spinis
320 2479 502 2554 emerserit,
517 2477 568 2544 vel
585 2501 643 2567 pro
662 2478 884 2546 hoereticorum
902 2481 1233 2572 eireumstrepentinm

204 2612 238 2654 se
249 2586 404 2654 morsibus
419 2587 452 2651 in
463 2585 568 2655 medio
583 2587 744 2679 spinarum
754 2587 855 2677 posita
867 2589 1003 2656 dicatur.
1019 2590 1120 2670 Quod
1129 2602 1165 2655 et
1176 2611 1237 2655 ma·

205 2696 251 2786 gis
262 2694 417 2760 ridebitur
426 2692 594 2760 verisimile
602 2717 660 2783 pro
673 2711 712 2760 eo
726 2695 811 2783 quod
820 2695 896 2762 dioit
909 2720 917 2761 ι
929 2723 942 2756 ι
954 2696 1003 2764 lta
1014 2699 1239 2787 proximomea

206 2805 260 2868 »in
276 2799 544 2868 medio‘lilierum.
564 2802 663 2869 »Non
681 2804 766 2870 enim
782 2802 860 2870 filins
879 2803 1069 2894 appellasset
1087 2805 1160 2872 illas
1177 2806 1241 2872 ani·
1304 2789 1306 2796 ‚

206 2935 291 2987 mas,
307 2933 377 2998 quse
392 2932 553 2998 nunquam
568 2911 697 2977 omnino
716 2913 924 2977 veneruntad
939 2913 1153 2982 eredendum.
1170 2915 1242 2982 On
1304 2992 1305 2996 Ἰ

206 3041 263 3085 nes
280 3041 355 3106 ergo
373 3015 511 3083 h'aeretiei
531 3016 634 3105 primo
654 3018 694 3082 ad
709 3017 928 3086 eredulitatem
946 3021 1098 3099 veniunt,
1119 3036 1154 3088 et
1173 3035 1245 3113 post
1300 3000 1307 3120 l

207 3126 276 3194 baeo
287 3125 326 3191 ab
342 3125 454 3189 itinere
466 3122 539 3190 fidei
549 3135 583 3187 et
598 3125 782 3213 dogmatum
796 3126 925 3192 veritate
935 3124 994 3192 Dei
1005 3127 1186 3196 declinant.
1201 3131 1244 3196 Si
1312 3129 1313 3132 ’

212 3247 264 3301 eut
273 3245 306 3298 et
316 3233 453 3299 loannes
469 3228 627 3320 apostolus
641 3232 674 3297 in
685 3231 814 3320 epistola
830 3256 885 3300 sua
901 3233 978 3300 tlioit
991 3259 1000 3300 ι
1013 3236 1105 3316 «Qui
1117 3261 1137 3302 a
1152 3239 1248 3304 nobis

216 3343 390 3416 renerum,
406 3340 540 3406 sednon
557 3352 647 3406 erant
663 3363 704 3405 ex
717 3342 819 3406 nobis.
838 3341 918 3408 Nam
933 3343 960 3408 si
973 3342 1109 3410 fuissent
1126 3369 1169 3412 ex
1186 3369 1249 3412 no-
1312 3401 1313 3406 ,

211 3450 296 3525 ‚his‚
310 3448 553 3537 permansissent
573 3448 681 3536 utique
701 3448 897 3519 nobiscum&
917 3451 1118 3520 ‚Possumus
1136 3467 1252 3520 nutem

211 3557 305 3623 etad
323 3578 577 3645 unamquemque
597 3556 733 3623 animam
751 3556 785 3621 id
804 3557 993 3635 reserentes,
1013 3560 1093 3626 huie
1111 3561 1254 3648 quidem
1312 3597 1313 3618 ι

213 3665 324 3731 animae
346 3686 415 3752 que
439 3649 719 3759 prp'simplioitnte
738 3664 785 3730 sui
804 3677 836 3732 et
856 3664 1007 3756 planitie,'
1022 3666 1073 3734 vel
1095 3670 1251 3757 aequitate

1307 1023 1310 1101 l

1306 1140 1309 1193 ι

250 3805 259 3840 ¹
272 3807 363 3862 Metth.
374 3827 412 3873 rr,
423 3825 465 3875 op.
474 3811 526 3850 -Ι
540 3811 635 3860 rloan.
647 3825 682 3873 rr,
697 3824 736 3875 19·
1312 3787 1313 3824 t
