2604 4614
79 321 84 340 .
178 234 241 298 trs
629 255 773 310 osrserus

175 381 371 469 expectatio,
389 381 422 447 id
437 394 503 457 est,
520 380 670 470 patientia
685 395 793 448 nostre
809 378 954 449 Christus
969 394 1027 448 est.
1045 379 1217 471 Propterea

176 510 241 554 non
256 486 408 577 glorietur
423 489 546 577 sapiens
561 490 594 555 in
609 489 780 580 sapientia,
799 512 859 557 nee
874 491 964 556 sortis
979 493 1013 558 in
1035 488 1220 556 ior-titudine
1300 491 1301 542 f

175 619 250 672 sua,
267 597 340 684 quia
363 599 469 664 omnia
491 599 647 664 hahemus
669 599 702 663 in
725 599 863 666 Christo.
890 601 931 666 Et
945 619 1033 665 nunc
1050 619 1130 688 ergo
1153 619 1220 686 que

175 715 224 770 est
238 705 435 793 expectatio,
452 705 485 770 id
496 718 562 782 est,
575 706 725 795 patientie
737 728 808 772 mea
818 707 832 772 i
844 707 1010 774 Dominus.
1026 707 1073 772 Et
1084 709 1222 773 substan

176 803 222 878 ¹tia
236 835 336 878 meon
357 823 385 877 te
405 825 458 879 est.
484 813 518 881 Si
541 813 645 880 habeo
668 815 876 881 substantiam
899 815 1083 881 divitiarum
1102 815 1222 904 spirita

176 918 274 998 lium,
297 922 398 988 aDeo
412 933 470 987 est.
499 920 698 988 «lusulilavit
715 922 793 988 enim
811 924 894 990 Deos
905 923 937 988 iu
959 923 1076 989 faciem
1096 923 1222 989 tentat

177 1033 344 1122 »spiritum
355 1033 442 1108 vitm,
455 1044 487 1098 et
498 1035 599 1100 lactus
611 1047 658 1100 est
669 1031 768 1100 homo
778 1035 811 1101 iu
823 1035 963 1100 animam
975 1035 1116 1101 vivaru'.
1129 1066 1143 1097 ι

221 1135 274 1205 lV.
301 1137 376 1206 «Ab
393 1139 540 1205 omnibus
556 1139 776 1226 iniquitatibus
791 1139 870 1204 meis
886 1139 973 1228 eripe
990 1161 1057 1204 me.
1075 1167 1089 1200 a
1116 1139 1221 1206 Noeta

177 1245 259 1312 sario
276 1246 395 1312 eddidit
418 1248 458 1312 ub
480 1246 638 1322 monibus,
654 1270 713 1335 pro
734 1246 854 1312 seilicet
872 1245 958 1312 nulla
978 1267 1040 1312 nos
1065 1258 1174 1313 teneat
1192 1261 1220 1314 et

177 1353 374 1442 constringat
390 1354 549 1444 iniquitas.
576 1353 640 1421 Sed
660 1355 822 1443 quomodo
842 1354 927 1421 Deus
943 1355 983 1420 ab
1004 1355 1219 1444 iniquitatibus

176 1462 305 1551 eripiat,
329 1463 576 1528 consideremus.
596 1462 630 1530 Si
645 1462 836 1554 prenitentes
851 1485 909 1551 pro
926 1460 1021 1528 melis
1040 1464 1141 1551 gestis
1154 1485 1220 1530 con-

177 1580 339 1635 vertemur
355 1570 395 1635 ad
410 1570 532 1648 Deum,
550 1569 723 1658 suscipiens
740 1591 757 1634 a
772 1570 864 1635 nobis
878 1571 964 1636 Deus
980 1571 1217 1638 conversionem

178 1687 340 1752 nostram,
356 1675 588 1743 absolutionem
611 1676 814 1765 iniquitatum
830 1678 926 1743 donat
941 1679 1127 1744 seeundum
1141 1699 1217 1746 meu

179 1807 288 1852 suram
304 1787 530 1852 conversionis.
549 1786 609 1854 Cui
621 1787 706 1851 enim
722 1785 792 1874 plus
807 1787 995 1863 remittitur,
1013 1786 1090 1876 plus
1105 1787 1207 1877 diligit:

178 1906 211 1958 et
226 1905 394 1982 propterea
409 1893 526 1959 dicitur
541 1895 614 1982 quia
635 1892 759 1960 mulieri
772 1893 816 1960 illi
836 1893 962 1960 «muln
982 1897 1113 1962 remissa
1124 1909 1203 1972 suut,

182 2001 278 2087 »quia
302 1998 411 2067 dilexit
433 1999 570 2067 multum
584 2000 636 2065 ’.ι
658 2002 719 2067 Pro
740 2022 888 2068 mensura
910 2023 988 2092 ergo
1011 2004 1204 2092 poeuiteatiae,

181 2109 373 2176 remissionis
388 2111 545 2199 quantitas
566 2109 750 2177 moderatur
771 2133 778 2174 s
802 2133 843 2176 ne
865 2112 1084 2200 nosmetipsos
1101 2111 1212 2178 wduee

182 2239 272 2294 rnus,
290 2230 436 2307 putantes
452 2218 545 2285 nullis
561 2220 630 2284 haec
642 2217 775 2307 regulis,
791 2215 885 2284 nullis
896 2219 1076 2308 dispensari
1087 2219 1212 2308 judiciis.

180 2327 262 2392 Puto
277 2327 363 2392 enim
379 2327 465 2413 quod
483 2327 537 2415 qni
554 2347 664 2392 omues
680 2326 814 2414 justitias
830 2325 1030 2416 impleverit,
1046 2327 1103 2394 ille
1119 2351 1218 2394 omues

181 2433 290 2500 obluat
315 2435 513 2522 iniquitates,
535 2435 589 2523 qui
611 2455 686 2502 vero
707 2455 847 2523 paucas,
871 2434 918 2500 rel
941 2447 1069 2523 partem
1091 2430 1218 2524 aliquam

179 2543 307 2632 justitie
319 2554 466 2631 operatus
480 2554 547 2618 est,
561 2556 686 2631 partem
698 2541 835 2631 aliquam
851 2543 1058 2631 iniquitatum
1070 2544 1218 2611 resolvat:

182 2652 236 2739 q‘ui
255 2672 331 2718 vero
346 2650 519 2740 perlectam
543 2675 601 2739 pro
620 2651 768 2716 omnibus
787 2649 877 2716 malis
897 2663 930 2716 et
945 2652 1109 2740 integram
1130 2652 1220 2742 posui·

182 2759 314 2824 tentiam
329 2759 478 2848 gesserit,
504 2745 545 2824 ita
571 2769 604 2822 ut
626 2778 744 2846 purum
766 2781 824 2824 eor
843 2759 906 2845 jam
925 2751 1042 2825 offerat
1061 2761 1153 2835 Deo,
1168 2762 1220 2826 iste

182 2860 275 2928 simul
299 2885 427 2928 omnem
446 2861 552 2928 labem
575 2861 667 2928 diluit
684 2859 888 2951 pecenterum
907 2864 960 2928 :si
979 2883 1054 2929 vero
1074 2887 1117 2930 ex
1136 2875 1220 2954 parte

184 2969 350 3058 poenituit,
366 2980 451 3034 etex
468 2981 559 3058 parte
574 2970 640 3059 jem
658 2970 777 3034 meruit
791 2968 1037 3038 absolutionem.
1057 2971 1134 3038 Haeo
1149 2993 1219 3061 ergo

182 3078 285 3143 sciens
299 3079 472 3166 propheta,
497 3089 529 3142 et
552 3079 625 3165 quia
644 3079 797 3164 quosdam
819 3078 949 3166 quidem
965 3079 1063 3167 eripit
1085 3081 1215 3146 uano

185 3185 333 3251 omuibus
349 3185 661 3273 iniquitatibus'suis,
677 3185 831 3272 quosdam
844 3186 884 3250 ab
899 3184 1060 3272 aliquibus
1077 3187 1216 3276 iniquita-

184 3292 269 3358 tibus
284 3292 416 3369 liberat,
440 3305 518 3382 puto
532 3295 618 3380 quod
640 3304 806 3382 propterea
827 3293 995 3360 confidens
1017 3296 1121 3384 egisse
1139 3317 1174 3360 se
1186 3317 1221 3360 ea

186 3401 302 3490 quibus
318 3402 448 3490 dignam
469 3402 605 3468 essetab
628 3401 776 3468 omnibns
791 3401 1012 3490 iniquitatibus
1028 3403 1126 3491 eripi,
1148 3402 1223 3469 dicit

185 3510 338 3577 audacter
352 3511 392 3575 ad
410 3510 605 3576 Dominum:
632 3511 709 3578 «Ab
733 3511 880 3577 omnihus
904 3511 1125 3600 iniquitatibus
1145 3513 1224 3579 mats

184 3620 292 3708 »eripe
303 3640 365 3683 me.
382 3647 394 3680 r

228 3727 266 3792 V.
291 3727 531 3818 «Opprobrium
555 3727 709 3816 insipienti
735 3729 846 3796 dedisti
867 3753 930 3796 me.
955 3759 968 3791 ι
993 3721 1101 3796 Donec
1125 3729 1227 3796 halre-

220 3879 230 3916 ¹
241 3879 303 3925 (ien-
315 3893 350 3940 rr,
363 3893 428 3944 7.-
438 3871 450 3906 ²
462 3879 520 3925 Luc.
530 3892 567 3924 vn
575 3913 582 3938 ,
596 3880 638 3938 47.
