2702 4610
241 304 300 365 180
684 313 825 368 ontnuntt
892 349 896 356 ·

238 471 249 502 ι
267 441 315 506 vel
334 441 516 529 pecoribus,
532 438 627 502 idest
642 442 740 527 agneis
754 440 807 505 oet
821 439 934 506 hedm-
953 431 986 506 Si
1003 457 1076 505 vero
1091 463 1129 506 ux
1143 439 1273 512 avilius,

235 578 248 610 s
264 561 404 617 turtures
423 545 471 611 vel
487 544 589 634 pullos
608 545 832 616 columbarum
842 548 865 614 ¹.
880 577 971 616 ι....
989 551 1056 638 Ego
1070 573 1130 638 pro
1144 550 1276 638 exigui-

235 669 300 724 tate
311 678 420 726 seusus
439 655 517 730 mei,
529 654 590 720 hoo
610 655 643 725 iu
658 653 731 724 loco
746 657 911 724 homiuem
925 679 1020 746 quem
1036 656 1220 747 appellavit,
1240 671 1275 722 et

237 770 376 858 primum
391 766 423 831 iu
440 765 588 831 omnihus
604 766 709 854 posuit
724 767 764 832 ad
780 766 982 834 offerendum
994 791 1109 835 munus
1125 769 1209 842 Deo,
1228 768 1276 834 in-

237 876 443 965 telligendum
459 897 527 939 esse
543 897 639 940 omno
652 875 830 940 hurnanum
843 875 984 941 arbitror
995 899 1106 965 genus,
1119 888 1152 942 et
1166 878 1275 965 ipsura

236 987 299 1053 diui
317 984 479 1051 hominem
502 984 556 1070 qui
574 972 797 1050 holocaustum
814 983 927 1050 ollerat
950 985 1083 1051 vitulum
1106 1009 1145 1051 ex
1168 988 1275 1052 bobus

239 1098 306 1172 aaa
320 1093 456 1164 macula.
482 1093 544 1158 lste
567 1103 675 1161 autem
691 1092 808 1160 vitulus
830 1095 897 1160 siue
919 1093 1059 1170 macula.
1073 1095 1145 1162 ride
1161 1095 1188 1162 si
1204 1118 1273 1162 uon

237 1205 289 1272 ille
304 1205 462 1293 saginatus
476 1212 524 1266 est
540 1198 656 1266 vitulus
672 1224 769 1288 quem
784 1215 874 1290 pater
888 1225 946 1290 pro
963 1225 1105 1292 regresso
1120 1225 1160 1268 ac
1177 1204 1274 1270 resti-

238 1329 307 1382 tuto
322 1315 380 1380 sibi
395 1311 449 1378 illo
464 1311 516 1399 qui
531 1311 668 1398 perierat
680 1309 759 1387 stlio,
772 1314 890 1400 quique
905 1333 1033 1378 omnem
1044 1311 1114 1399 ejus
1126 1314 1274 1378 substau-

238 1426 314 1492 tiam
330 1422 568 1512 dilapidaverat,
581 1418 751 1508 jugulavit,
768 1432 800 1484 et
815 1421 890 1486 lecit
905 1421 1085 1486 convivium
1104 1442 1270 1508 magnum,

238 1550 270 1602 et
286 1534 429 1601 laetitiam
442 1532 567 1604 habuit,
588 1532 683 1595 itaut
701 1528 885 1596 laetarentur
899 1529 1011 1619 Angoli
1026 1531 1060 1595 in
1076 1527 1160 1596 coelo
1178 1553 1272 1620 super

238 1669 301 1712 uuo
319 1655 487 1734 peccatore
507 1641 727 1730 paenitentiam
746 1654 859 1730 agente
870 1640 893 1706 ².
916 1641 1021 1706 Homo
1037 1663 1114 1730 ergo
1134 1642 1192 1706 isto
1216 1642 1270 1729 qui

236 1753 373 1845 perierat
382 1765 415 1818 et
428 1753 572 1816 inventus
587 1763 647 1827 est,
660 1751 812 1839 quoniam
823 1750 902 1816 nihil
919 1751 1030 1818 habuit
1045 1752 1179 1840 propria
1191 1741 1267 1818 sult-

237 1865 359 1932 stantiae
374 1862 460 1952 quod
476 1861 616 1938 offerret,
636 1873 752 1928 ouuota
767 1878 906 1949 namque
921 1859 1150 1949 dilapidaverat
1162 1862 1269 1928 virens

238 1970 409 2048 luxuriose,
426 1964 547 2038 intonit
562 1971 656 2036 istum
680 1970 815 2037 vitulum
838 1969 964 2037 coelitus
979 1969 1109 2058 quidem
1125 1971 1268 2049 missum,

240 2084 295 2149 sed
309 2107 349 2147 ex
364 2080 618 2146 patriarcharum
634 2080 761 2153 ordine,
774 2091 807 2144 et
821 2080 973 2146 oounoxis
986 2103 1025 2146 ex
1039 2081 1203 2147 Abraham
1216 2103 1267 2171 go-

239 2194 439 2260 nerationum
455 2190 709 2258 successionibus
723 2191 903 2256 venientem
906 2236 1001 2256 .......
1020 2189 1113 2256 Solus
1128 2215 1206 2282 orgo
1217 2191 1264 2257 illu

239 2299 411 2376 masculus,
427 2298 511 2365 solus
526 2299 593 2364 sine
612 2295 736 2364 maoula
752 2311 814 2373 est,
835 2299 890 2388 qui
907 2295 1075 2388 peceatum
1097 2323 1161 2366 non
1181 2301 1269 2378 lecit,

240 2435 300 2479 nee
320 2410 411 2477 dolus
428 2412 575 2476 inventus
590 2421 639 2474 ost
654 2410 686 2475 in
702 2431 759 2475 ore
773 2410 855 2498 ejus,
876 2422 908 2475 ot
924 2411 978 2498 qui
992 2423 1145 2498 aoooptus
1158 2425 1270 2478 contra

239 2523 411 2588 Dominum
423 2520 556 2586 offertur
568 2519 607 2586 ad
620 2521 737 2584 ostium
749 2517 973 2585 tabernaculi&
986 2520 1036 2586 Ad
1043 2523 1152 2586 ostium
1161 2519 1266 2584 tuber

238 2628 343 2698 naculi
354 2639 478 2695 nonest
493 2627 574 2692 iutra
590 2626 720 2701 ostium,
734 2627 789 2690 sod
802 2640 891 2693 extra
903 2627 1030 2693 ostium.
1046 2629 1140 2694 Extra
1151 2629 1272 2695 ostium

238 2739 356 2805 etenim
373 2730 556 2808 luit'lesus,
568 2734 642 2821 quia
668 2759 682 2793 r
701 2736 733 2799 in
750 2759 804 2800 sua
822 2737 949 2825 propriu
965 2738 1063 2813 veuit,
1085 2750 1117 2802 et
1136 2738 1183 2803 sui
1198 2761 1272 2806 eum

238 2875 251 2911 s
268 2870 333 2915 non
349 2853 538 2931 receperant
549 2841 602 2906 ⁴.·»
617 2842 687 2908 Nou
704 2856 843 2934 asterga
859 2847 1018 2935 ingressus
1030 2847 1273 2916 tabernaculum

239 2958 329 3032 illud,
348 2956 389 3020 ad
407 2954 493 3041 quod
513 2958 653 3028 veneral,
676 2953 731 3018 sod
746 2957 922 3020 adostium
941 2945 1013 3045 ojus
1030 2957 1157 3024 oblatus
1173 2972 1222 3024 est
1241 2962 1275 3025 in

239 3065 473 3138 holocaustum,
486 3062 660 3150 quia-extra
673 3075 775 3128 eastra
792 3085 901 3152 passus
917 3077 975 3129 est.
991 3066 1070 3132 llam
1087 3077 1120 3134 et
1136 3066 1183 3134 illi
1199 3068 1276 3136 mali

242 3175 347 3244 ooloni
360 3172 539 3239 venientem
555 3169 657 3236 filium
672 3172 902 3258 patrisfamilias
914 3175 1079 3262 ejecerunt
1091 3175 1177 3243 foras
1188 3189 1274 3244 extra

242 3287 378 3360 vineam,
391 3295 425 3346 ot
439 3282 625 3347 oeciderunt
637 3281 658 3346 ⁸.
675 3283 743 3348 lloo
760 3295 809 3348 est
823 3307 898 3372 argo
914 3285 1002 3372 quod
1017 3283 1153 3350 oll'ertur
1167 3289 1209 3353 ad
1223 3311 1278 3354 os-

240 3397 320 3460 tium
336 3387 531 3458 tabernaculi
546 3403 714 3479 acceptum
730 3403 841 3458 contra
857 3393 1028 3460 Dominum
1037 3415 1046 3466 a
1062 3405 1094 3457 et
1114 3395 1195 3482 quid
1211 3409 1280 3463 tam

240 3513 408 3590 acceptum
420 3521 516 3588 quam
527 3499 629 3565 hostia
644 3499 775 3577 Christi,
788 3502 842 3588 qui
859 3501 995 3590 seipsum
1008 3503 1125 3573 obtulit
1137 3505 1236 3572 Deo?

283 3614 323 3678 Et
338 3623 445 3676 tamen
465 3632 478 3668 a
495 3609 637 3697 imponet
655 3632 786 3676 manum
803 3631 905 3687 suam,
925 3613 1047 3699 inquit,
1063 3635 1163 3703 snper
1180 3630 1283 3705 eaput

239 3718 437 3786 »hostiae‘.-»
448 3763 558 3782 ........
577 3716 685 3781 Posuit
705 3718 893 3808 (Dominus)
917 3743 1047 3787 manum
1066 3745 1157 3791 suam
1179 3749 1282 3816 super

270 3863 476 3932 ¹erit.r‚'aat
495 3873 532 3930 id.
546 3871 725 3926 -²Luc.xv.
746 3875 939 3937 -tlsutnn,
956 3896 981 3942 9.
1002 3879 1175 3940 -ttoanr,
1199 3896 1280 3929 ιι.-

237 3949 246 3981 ⁵
261 3949 351 3996 lllattlr.
363 3963 414 4007 xxi,
425 3947 465 4010 39.
476 3971 505 3983 ·—
515 3946 525 3980 ⁶
537 3947 619 3996 Levit.
633 3965 651 4007 ι,
664 3947 690 4006 4,
701 3949 725 3996 5.
