2744 4624
421 329 454 372 nt
477 330 610 376 ornetur
633 333 762 378 uenturi
787 333 817 376 v.
1098 331 1137 392 27

107 467 170 512 rem
187 465 258 508 rero
274 440 358 528 ejus,
372 467 443 532 quae
459 457 544 510 retro
562 445 747 534 respexerit,
760 467 890 511 oernem
905 441 1138 530 concupiscen-

106 556 154 619 tiis
169 565 201 618 et
214 551 435 641 voluptatibus
451 553 590 620 deditam
606 555 756 630 diximus,
769 577 834 619 uon
845 551 1041 642 negligenter
1056 550 1138 623 hmo,

111 688 130 728 o
152 664 287 738 auditor,
303 663 454 750 excipias.
478 662 657 733 Observare
678 661 765 728 enim
780 663 876 728 debes
891 685 932 727 ne
946 661 1028 726 sorte
1042 659 1138 724 etiem

45 851 49 860 .
118 797 190 839 oum
203 772 344 861 effugeris
366 771 513 838 flammae
534 771 640 839 saeouli
656 785 689 838 ot
702 772 849 839 incendio
870 771 972 838 cernis
990 768 1138 840 evaseris,

115 882 205 948 etiem
225 904 294 947 oum
315 879 467 972 pusillam
483 893 516 946 et
531 904 596 946 uon
614 881 762 975 pusillam
782 882 941 948 civitatem
957 880 1068 968 Segor,
1084 879 1139 964 qui

117 1004 160 1057 est
173 991 291 1056 medius
307 990 440 1080 quidem
458 1003 492 1056 et
511 990 609 1058 civilis
628 992 803 1080 profectus,
821 990 1028 1080 superaveris,
1049 1001 1081 1054 et
1099 986 1139 1052 ed

110 1101 241 1166 scientim
265 1098 479 1178 altitudinem,
503 1099 588 1168 uelut
611 1103 651 1170 ed
673 1103 818 1190 quaedem
841 1101 1007 1169 cacumine
1019 1098 1139 1192 montis

110 1211 305 1276 ascenderis:
321 1211 392 1276 ride
408 1234 449 1276 ue
460 1211 517 1276 tihi
534 1211 722 1278 insidientur
733 1213 804 1277 duee
815 1211 887 1278 filiae
901 1213 980 1286 istro,
993 1235 1093 1300 quara
1109 1220 1139 1274 te

111 1345 175 1390 non
197 1320 376 1396 disoeduut,
397 1320 454 1386 sed
476 1333 653 1412 sequuntur
675 1336 707 1388 te
727 1323 823 1388 etiam
846 1346 920 1389 cum
945 1321 1087 1388 ascendis
1108 1321 1139 1388 in

112 1441 267 1504 montem,
277 1430 312 1494 id
326 1444 385 1504 est,
401 1453 479 1496 vana
493 1429 607 1520 glorie,
623 1443 656 1497 et
671 1432 776 1520 major
790 1454 880 1498 soror
895 1432 963 1520 ejus
978 1429 1135 1518 superbia.

115 1537 196 1602 Vide
208 1562 247 1604 ne
260 1540 326 1604 istae
337 1537 406 1602 fitiae
421 1551 450 1603 to
464 1541 604 1628 sopitum
620 1563 658 1606 eo
675 1541 901 1614 dormientem,
919 1539 996 1604 dum
1011 1537 1069 1602 tibi
1080 1558 1141 1602 nec

115 1649 230 1712 sentire
246 1670 306 1712 nee
320 1646 489 1736 intelligere
513 1649 640 1726 videris,
658 1647 874 1738 complexibus
889 1648 954 1714 suis
972 1647 1135 1735 stringant.

112 1757 190 1836 Quae
202 1756 322 1822 idcirco
336 1755 409 1822 titiae
424 1757 587 1834 dicuntur,
601 1759 674 1848 quio
690 1781 755 1823 non
770 1758 861 1822 nobis
876 1757 1071 1822 extrinsecus
1086 1777 1140 1818 su-

107 1866 308 1956 perveniunt,
322 1868 378 1933 sed
390 1869 430 1934 do
441 1869 532 1934 nobis
543 1880 576 1933 et
587 1869 627 1934 de
639 1880 770 1934 actuum
782 1877 964 1932 nostrorum
975 1863 1059 1931 velut
1067 1885 1141 1954 que-

110 1973 183 2040 dam
197 1974 377 2064 integritate
394 1975 585 2066 procedunt.
603 1973 704 2064 Vigila
724 1999 800 2064 ergo
815 1985 969 2063 quantum
989 1984 1092 2060 potes,
1109 1983 1141 2036 et

108 2085 239 2149 observa
255 2107 296 2148 ue
313 2083 353 2148 de
370 2083 419 2148 his
434 2105 566 2172 generes
585 2081 666 2150 titios
684 2106 693 2150 t
714 2084 786 2171 quie
802 2083 855 2172 qui
872 2083 911 2148 de
927 2081 976 2146 his
991 2080 1055 2147 uati
1076 2079 1140 2144 sue-

109 2195 183 2270 rint,
196 2217 260 2259 non
278 2193 459 2260 introibunt
474 2193 507 2258 in
522 2191 698 2260 Ecclesium
713 2193 850 2259 Domini.
865 2191 914 2258 Tu
926 2203 1046 2267 autem,
1060 2190 1084 2256 si
1096 2189 1142 2259 vis

112 2325 273 2390 generare,
288 2303 322 2367 in
337 2302 451 2392 spiritu
465 2325 594 2392 genera,
606 2303 756 2393 quoniam
770 2329 782 2362 α
795 2303 849 2390 qui
869 2301 901 2367 in
918 2300 1029 2390 spiritu
1046 2298 1141 2374 semi-

108 2423 204 2486 num,
222 2410 261 2476 de
277 2411 392 2502 spiritu
413 2422 512 2476 metet
531 2411 626 2476 vitam
642 2409 823 2478 oeternum'.
843 2439 855 2471 ι
870 2409 904 2474 Si
920 2409 965 2474 vie
979 2407 1140 2499 amplecti,

104 2518 302 2610 amplectere
316 2520 542 2608 sapientiamet
551 2519 604 2585 dio
615 2519 801 2604 sapientiem
812 2539 955 2584 sororem
966 2529 1141 2592 tuemesse,

104 2641 140 2692 ut
152 2641 187 2694 et
201 2629 360 2720 sapientia
376 2630 461 2694 dioet
477 2629 516 2696 do
533 2642 564 2694 te
578 2653 586 2696 ε
598 2656 611 2689 ι
623 2629 686 2708 Qui
703 2628 813 2696 feeerit
830 2626 1024 2696 voluntatem
1042 2625 1143 2693 Patrio

106 2739 197 2804 »moi
213 2740 268 2828 qui
285 2740 321 2804 in
337 2738 424 2804 ooelis
439 2751 499 2818 ost,
516 2739 570 2806 hio
584 2762 673 2804 meus
689 2750 721 2804 et
737 2738 845 2816 freter,
861 2749 895 2803 et
910 2761 1011 2812 soror,
1026 2747 1059 2800 et
1074 2757 1143 2800 mo-

102 2861 182 2914 »ter
196 2847 282 2914 est².
303 2848 408 2928 »Quae
423 2849 572 2938 sapientie
590 2848 683 2914 «Iesus
700 2848 843 2920 Christus
860 2846 1014 2915 Dominus
1036 2856 1144 2912 noster

100 2971 162 3035 est,
176 2957 232 3024 oui
244 2970 298 3023 est
309 2954 407 3046 glorie
420 2968 453 3022 et
464 2957 632 3053 imperium
644 2957 676 3024 in
687 2956 801 3024 secuta
813 2954 1140 3025 oaeoulorum.‘Ameu.

135 3091 215 3144 ¹cat.
230 3107 268 3152 rr,
281 3091 311 3140 8.
329 3117 360 3128 -·
371 3088 383 3122 ¹
396 3090 486 3140 Maru.
498 3105 544 3150 ιιι,
556 3090 596 3138 50.
