2692 4610
281 250 342 320 250
633 241 634 245 ¹
720 275 864 320 ostensus

319 397 428 463 Primo
438 395 581 462 omnium
596 417 700 461 sermo
716 397 806 470 dicit,
826 392 898 482 quie
917 390 990 458 exiit
1005 389 1084 456 filius
1097 387 1217 456 mulieris
1230 391 1260 454 ls»

277 504 426 572 radlitidis
440 515 473 570 et
487 504 625 594 AEgyptii
640 507 750 594 patris,
767 518 800 570 et
815 504 900 570 undo
914 501 962 569 vel
978 523 1039 589 quo
1051 499 1151 565 exierit
1164 521 1216 564 nou
1228 521 1259 562 re

277 617 347 682 lert.
367 615 576 681 Inveniuntur
587 617 673 682 enim
687 617 783 682 ambo
799 617 832 681 in
847 615 956 680 castris
970 611 1073 701 positi,
1085 609 1159 674 sieut
1171 609 1260 674 indicat

276 749 380 792 senno
396 725 523 793 Domini
540 726 648 792 dicens
660 745 668 790 ι
682 727 797 792 «Educ
807 725 970 791 hominem
981 720 1034 811 qui
1048 717 1192 784 maledixit
1202 715 1259 780 lons

277 845 392 900 iextra
408 833 537 900 costra¹.
554 863 567 895 ι
585 834 618 900 Si
632 857 708 922 crgo
725 835 765 900 de
780 835 891 900 castris
906 831 1063 905 educitur,
1080 825 1259 894 necessarioiu

277 943 388 1008 castris
401 954 479 1022 erat.
495 942 582 1021 Quid
596 966 672 1032 ergo
684 956 731 1009 est
747 967 822 1010 cum
838 944 982 1009 nondum
995 939 1104 1004 exisset
1117 937 1154 1003 de
1167 934 1259 1006 castris,

277 1051 356 1117 dicit
368 1052 408 1116 de
422 1075 461 1117 eo
476 1051 640 1140 Scriptum
656 1053 760 1119 divina
774 1076 782 1117 ι
795 1080 808 1113 ι
820 1053 860 1118 Et
870 1052 946 1116 exiit
957 1049 1039 1115 lilius
1053 1044 1180 1112 mulieris
1193 1045 1259 1108 lsra'e'·

276 1187 291 1224 s
306 1159 442 1228 litidis²i
457 1189 471 1223 r
488 1162 556 1250 Ego
571 1174 648 1249 puto
664 1164 738 1251 quia
753 1162 870 1228 docere
884 1185 942 1226 nos
960 1157 1027 1225 vult
1042 1179 1140 1223 sermo
1156 1155 1256 1220 divinus.

276 1271 362 1358 quod
379 1272 434 1360 qui
449 1284 574 1360 peccat,
592 1272 761 1361 dupliciter
774 1274 859 1338 exire
874 1273 1003 1338 dicitur.
1019 1269 1120 1334 Primo
1133 1265 1205 1330 euim
1218 1259 1257 1326 erit

198 1457 210 1482 ο
275 1405 294 1448 o
308 1384 470 1471 proposito
484 1386 571 1450 hono
582 1397 615 1450 et
630 1396 715 1450 recta
732 1385 901 1458 sententio,
913 1383 979 1449 exit
994 1405 1011 1448 a
1026 1382 1072 1445 ria
1084 1377 1206 1466 justitia,
1216 1371 1257 1436 uit

274 1515 292 1555 a
308 1492 376 1581 lege
388 1493 455 1559 Dei.
471 1493 677 1561 Postmodum
690 1518 764 1560 vero
775 1517 849 1560 eum
862 1493 1042 1558 confutatus
1054 1489 1144 1554 luerit
1155 1508 1201 1574 pro
1208 1503 1258 1571 pto·

274 1612 358 1677 oato‚
373 1603 437 1668 exit
447 1603 543 1668 etiam
555 1603 594 1668 de
606 1616 690 1670 ooetu
703 1617 736 1670 et
748 1604 994 1693 congregatione
1005 1611 1183 1666 sanctorum.
1197 1589 1256 1662 Ulli,

273 1711 360 1776 verbi
373 1709 632 1785 causa‚dicumus
643 1713 808 1779 :Peccavit
820 1710 932 1799 aliquis
945 1708 1101 1782 lidelium3
1111 1707 1162 1772 iste
1171 1695 1256 1767 etismi

272 1818 416 1883 nondum
429 1814 598 1904 abjiciatur
611 1844 669 1908 per
683 1822 823 1910 episcopi
836 1823 1040 1894 sententiam,
1052 1819 1114 1906 jam
1127 1827 1255 1894 tumenpu

273 1928 376 2014 ipsum
390 1939 559 2014 peccatum
574 1930 660 2015 quod
676 1929 802 1995 admisit
817 1931 939 2017 ejectus
957 1941 1006 1994 est
1024 1948 1032 1991 :
1049 1938 1081 1991 et
1093 1919 1209 2011 quamtis
1220 1913 1255 1977 in·

271 2047 334 2100 tret
348 2034 528 2111 ecclesium,
547 2050 651 2104 tomen
666 2041 788 2128 ejectus
800 2053 859 2111 est,
880 2051 912 2104 et
933 2038 1011 2102 loris
1029 2048 1077 2100 est
1092 2037 1252 2120 segregatura

271 2143 431 2207 consortio
451 2155 483 2208 et
502 2146 710 2212 unanimitate
730 2146 883 2212 lidelium.
905 2145 991 2210 Exiit
1006 2166 1080 2233 ergo
1102 2141 1171 2207 filius
1185 2129 1254 2222 ptltll

270 2249 409 2339 AEgyptii
424 2265 456 2317 et
470 2255 578 2319 matris
593 2254 785 2345 lsraiilitidis.
805 2255 868 2334 Qui
884 2256 1015 2344 penitus
1029 2267 1115 2318 extra
1129 2249 1208 2315 lidsm
1215 2251 1257 2312 θεῖ,

268 2370 354 2426 totus
368 2359 534 2449 AEgyptius
547 2375 606 2427 est.
626 2363 689 2443 Qui
705 2376 814 2428 autem
829 2365 911 2428 inter
927 2385 983 2427 nos
1002 2375 1060 2445 est,
1076 2375 1106 2427 et
1120 2364 1220 2448 peccalo
1231 2369 1257 2412 ¹³¹

270 2492 330 2536 una
345 2471 473 2556 quidem
486 2483 574 2558 parte
590 2495 651 2558 qua
667 2474 735 2537 Deo
748 2473 861 2547 credit,
879 2469 1062 2538 lsradliticae
1078 2454 1258 2544 videturorigi·

267 2577 330 2650 nis;
347 2601 387 2642 ox
401 2602 438 2643 ea
455 2601 528 2643 vero
544 2591 633 2666 parte
648 2602 709 2666 qua
724 2591 847 2667 peccat,
865 2579 904 2644 de
920 2579 1071 2668 AEgyptio
1086 2593 1174 2667 genus
1184 2563 1255 2634 ducit

189 2777 193 2784 ι
265 2686 354 2750 Duos
368 2708 444 2775 crgo
460 2685 623 2775 Scriptum
639 2689 804 2776 proposuit
820 2687 991 2777 litigantes,
1010 2711 1108 2753 unum
1122 2707 1156 2750 ex
1169 2682 1259 2763 integro

268 2793 454 2868 lsraiilitam
471 2797 524 2883 qui
543 2793 675 2884 litigavit
691 2797 834 2884 quidem,
850 2797 905 2862 sed
924 2817 989 2862 non
1008 2795 1148 2887 peccavit
1167 2805 1175 2856 ’τ
1192 2788 1261 2852 istum

267 2926 341 2968 vero
362 2903 453 2991 cujus
473 2915 640 2992 peccatum
660 2906 815 2994 designat,
837 2907 974 2972 maxima
997 2929 1038 2971 ex
1058 2915 1144 2995 parte
1161 2897 1262 2964 mixtum

266 3031 334 3078 esse
349 3011 498 3101 AEgyptio
514 3011 620 3104 generi
641 3014 760 3081 indicat
775 3017 942 3083 adversum
963 3039 1060 3104 quem
1077 3014 1171 3101 litigat
1189 3004 1260 3072 tuat

266 3119 333 3195 lita.
355 3131 388 3186 et
409 3123 491 3190 forte
507 3138 726 3214 competenter
741 3139 773 3190 et
790 3125 1019 3192 rationabiliter
1037 3123 1144 3214 litigat.
1162 3117 1226 3186 Nom
1239 3117 1264 3172 tl

266 3229 298 3295 in
313 3231 423 3296 Exodo
439 3233 578 3300 Israelita
596 3248 628 3300 et
644 3233 810 3324 lllgyptius
825 3234 961 3325 litigant,
975 3238 1030 3302 ubi
1046 3232 1179 3302 lsrue'lita
1194 3241 1262 3308 supe·

265 3348 326 3412 rat,
336 3337 503 3428 AEgyptius
515 3344 629 3408 cadit¹.
645 3345 745 3432 lgitur
755 3356 787 3407 et
799 3366 858 3432 ego
870 3344 965 3410 hodie
977 3345 1002 3408 si
1015 3345 1174 3408 veritatem
1186 3329 1265 3400 delen·

265 3445 351 3518 dam.
376 3449 401 3512 si
422 3472 561 3538 pugnem
576 3474 634 3538 pro
650 3451 869 3518 Ecclesiastico
889 3452 952 3518 lide
968 3453 1135 3518 adversum
1153 3463 1215 3511 eum
1226 3430 1265 3523 qul

262 3575 303 3616 ex
320 3570 409 3640 parte
428 3555 557 3642 quidem
577 3559 677 3623 credit
693 3559 819 3625 Christo
837 3572 869 3636 et
892 3561 1005 3648 recipit
1027 3560 1210 3648 Scripturas,
1226 3540 1266 3610 tel

263 3670 329 3730 non
349 3663 470 3753 integre
486 3689 612 3732 sensum
628 3689 737 3734 earum
753 3691 813 3735 neo
831 3666 967 3736 fideliter
981 3671 1118 3759 recipit:
1137 3663 1215 3750 litigo
1226 3651 1267 3720 ad-

263 3783 390 3838 versum
411 3796 485 3838 eum
510 3775 564 3862 qui
586 3799 624 3840 ox
640 3789 741 3842 matre
757 3777 885 3864 quidem
908 3777 1047 3846 lsrciilite
1069 3788 1128 3850 est,
1146 3793 1181 3839 ex
1201 3773 1267 3854 ptltl

297 3901 398 3953 ¹Levit
412 3917 478 3964 xxiv,
493 3907 529 3966 rd.
542 3935 572 3943 —
585 3907 595 3940 ²
609 3907 677 3956 lbid.
691 3925 728 3955 ro.
748 3936 777 3945 -
788 3908 797 3940 ¹
809 3910 888 3959 Exod.
903 3927 942 3958 xx.
