2604 4614
270 300 303 342 ut
327 300 488 346 canrrcuu
512 304 713 354 caarrcoaun
736 313 898 362 raotocus.
1019 305 1097 393 ,569

66 414 299 504 phetarumque
318 418 465 506 pendere.
483 421 616 510 Propter
638 425 721 492 istud
740 429 899 502 charitatis
917 439 966 506 rel
980 448 1095 513 amoris

70 524 212 598 bonum,
235 526 332 590 sancti
353 549 412 592 nec
431 529 462 595 in
478 529 680 598 tribulatione
697 542 925 625 angustiantur,
945 572 1097 640 necapn⁴

71 632 144 696 riati
153 633 383 722 exaperiantur,
392 659 452 702 nec
464 637 578 724 dejecti
586 655 720 727 pereunt
729 693 737 720 ,
747 648 801 712 sed
813 654 899 737 quod
909 641 940 720 in
952 666 1096 745 praesenti

73 751 124 804 est
141 753 411 820 momentaneum,
427 756 459 810 et
477 744 543 812 leve
564 748 772 820 tribulationis
789 773 899 826 eorum
915 787 1007 854 supra
1026 793 1097 836 mo-

4 899 5 922 ,
75 847 153 912 dnm
170 861 318 924 aeternum
333 848 439 938 glorie
452 853 575 941 pondus
595 871 742 944 operatur
756 861 1015 940 illic.Nonenim
1032 901 1098 943 om·

74 954 165 1020 nibus
175 1005 185 1030 ,
196 957 252 1021 sed
270 956 386 1034 Paulo,
402 971 435 1024 et
452 959 501 1025 his
516 963 569 1049 qui
587 965 616 1030 ei
632 966 747 1033 similes
762 985 855 1050 sunt,
871 1001 1006 1064 praescne
1028 985 1098 1055 het

4 1117 5 1128 ,
69 1077 101 1128 et
126 1076 349 1132 momentanea
369 1090 407 1132 ao
432 1066 508 1134 levis
534 1071 649 1138 dicitur
671 1077 830 1147 tribulatio
856 1089 956 1173 :quia
974 1095 1097 1180 perlen-

4 1227 5 1248 ,
67 1183 133 1234 tam
147 1171 337 1256 charitatem
353 1174 412 1240 Dei
425 1175 460 1240 in
475 1177 601 1246 Christo
618 1181 695 1246 lesu
714 1207 770 1272 per
785 1190 936 1276 Spiritum
951 1216 1096 1271 sanctum

70 1280 191 1343 hahent
204 1279 234 1343 in
248 1281 345 1346 corde
359 1305 417 1346 suo
431 1283 586 1352 diffusam.
600 1288 651 1354 Sic
668 1290 802 1381 denique
813 1310 844 1362 et
856 1299 956 1374 Jacob
967 1313 1097 1395 patriar-

4 1439 6 1482 t
76 1386 170 1450 cham
183 1409 268 1452 amor
281 1389 401 1457 Rachel
419 1415 476 1478 per
494 1407 613 1482 septem
630 1421 729 1464 anans
746 1406 911 1475 continuos
927 1413 960 1480 in
978 1415 1097 1485 lobori-

4 1551 5 1560 ,
79 1491 136 1554 bus
148 1491 285 1578 positum
297 1493 401 1560 diurni
417 1509 508 1562 aestus
519 1510 551 1562 et
563 1504 709 1570 nocturni
722 1506 845 1595 frigoris
860 1517 1014 1588 ustionem
1031 1549 1097 1592 sen-

4 1655 6 1700 ,
80 1599 134 1662 tire
144 1622 204 1664 non
220 1599 322 1666 sivit¹.
338 1603 392 1670 Sic
404 1605 506 1692 ipsum
517 1606 648 1674 Paulum
664 1611 695 1676 in
708 1637 814 1682 amore
825 1620 920 1709 hujus
931 1627 1096 1702 incensum

4 1771 6 1786 ‚
79 1707 179 1772 audito
198 1708 356 1776 dicentem
375 1735 383 1776 :
401 1741 414 1774 a
432 1713 574 1780 Charitas
590 1720 692 1786 omnia
710 1726 839 1810 patitur,
857 1737 962 1802 omnia
979 1743 1095 1822 credit,

72 1813 174 1894 omnia
196 1826 320 1906 sperat,
338 1818 442 1882 omnia
460 1818 591 1896 tolerat,
610 1824 744 1894 charitat
762 1854 924 1921 nunquam
943 1846 1027 1912 catlit
1037 1848 1059 1916 ².
1075 1881 1088 1914 r

65 1919 150 1986 Nihil
164 1945 243 2012 ergo
262 1935 309 1988 est
325 1926 410 2011 quod
425 1950 489 1992 non
504 1928 634 2006 toleret,
652 1936 706 2020 qni
722 1941 860 2026 perlecto
874 1946 985 2039 diligit.
1004 1956 1096 2028 Plura

4 2103 8 2118 Ι
63 2041 172 2095 antem
194 2031 321 2119 quando
343 2057 406 2098 non
430 2033 618 2114 toleramus,
634 2055 757 2111 certum
777 2053 861 2134 quod
883 2058 924 2122 ob
943 2061 1006 2128 hoc
1023 2069 1095 2152 quia

63 2134 254 2202 charitatem
269 2161 338 2225 quat
354 2138 458 2228 omnia
474 2139 603 2218 tolerat,
621 2168 684 2211 non
701 2147 863 2224 habemus.
877 2160 918 2224 Et
932 2165 957 2228 si
973 2190 1037 2236 non
1053 2173 1095 2238 se·

65 2242 276 2330 rimusaliqun
286 2246 454 2332 patienter,
467 2247 641 2316 idcircoest
651 2255 723 2340 quia
736 2257 871 2329 charites
883 2270 973 2338 nobis
986 2275 1092 2355 deest,

4 2325 5 2328 Ἴ
68 2372 141 2436 qnae
157 2351 257 2416 omnia
272 2352 398 2440 patitur.
414 2354 450 2420 ln
468 2354 636 2426 luctamine
652 2385 777 2452 quoque
791 2391 829 2434 eo
844 2375 929 2460 quod
943 2394 990 2445 est
1001 2389 1092 2454 nobis

68 2459 212 2524 adversus
227 2459 407 2536 diabolum,
422 2464 508 2552 quod
518 2465 699 2554 frequenter
710 2475 869 2556 cadimus,
884 2507 947 2550 non
959 2490 1090 2564 dubium

57 2579 104 2630 est
116 2567 197 2654 quin
214 2567 330 2638 obhoc
342 2567 397 2634 liat
408 2571 492 2658 quod
507 2596 571 2638 non
589 2579 683 2643 estin
701 2581 791 2646 nobis
802 2585 937 2659 charitas
954 2593 1004 2664 illa
1021 2624 1089 2688 quae

4 2661 7 2686 ‘
52 2697 224 2762 nunqnam
237 2676 330 2741 cadit.
346 2678 437 2743 Hunc
449 2702 522 2768 ergo
538 2685 827 2776 amoremloquitur
841 2720 975 2784 praesens
987 2707 1090 2800 Scrip

4 2759 7 2794 ι
54 2794 144 2859 tura,
163 2807 227 2872 quc
242 2808 315 2873 erga
331 2788 462 2851 verbum
479 2789 536 2852 Dei
554 2791 656 2878 anima
673 2795 763 2864 beata
783 2803 899 2883 utitur,
914 2823 946 2876 et
962 2815 1089 2885 inllam-

4 2883 8 2904 ''
54 2903 164 2957 matur
178 2917 185 2957 :
201 2905 233 2956 et
248 2893 331 2958 istud
346 2893 537 2982 epithalamii
553 2920 680 2968 carmen
696 2927 752 2991 per
766 2910 910 2996 spiritum
924 2924 1009 2988 canit
1023 2951 1086 3014 quo

4 2981 7 3020 ¹
53 2995 197 3062 Ecclesia
214 3021 328 3084 sponso
343 2997 596 3084 coelcstiCbristo
608 3007 810 3098 conjungitur
822 3041 859 3082 ac
873 3023 1019 3105 sociatur,
1034 3035 1086 3100 de-

4 3093 7 3130 ”
45 3104 196 3170 siderans
209 3106 334 3170 misceri
349 3109 377 3171 ei
393 3111 610 3195 perverbum,
629 3125 662 3178 ut
678 3120 835 3208 concipiat
850 3149 888 3190 ex
902 3153 959 3208 eo,
975 3151 1007 3202 et
1021 3143 1084 3208 sal-

4 3201 6 3242 *
41 3215 113 3278 vari
134 3213 234 3301 possit
256 3238 313 3302 per
336 3216 418 3280 hanc
438 3229 555 3282 castam
576 3219 712 3298 filiorum
733 3237 984 3322 generationem,
1008 3261 1082 3318 c'um

39 3321 284 3409 permanserint
296 3324 327 3388 in
343 3323 423 3399 fide,
444 3338 475 3389 et
491 3329 655 3395 sanctitate
673 3356 752 3419 cum
766 3341 933 3414 sobrietate
951 3368 1082 3448 :utpote

4 3429 5 3442 ³
42 3430 198 3516 concepti
217 3453 256 3493 ex
271 3431 388 3496 semine
403 3432 530 3518 quidem
547 3438 632 3501 verbi
648 3440 724 3516 Dei,
741 3446 816 3512 editi
834 3475 907 3519 vero
920 3465 1079 3553 genitique

35 3535 99 3602 vel
118 3538 158 3602 ab
170 3537 369 3605 immaculata
381 3539 540 3617 Ecclesia,
554 3543 651 3613 veleb
665 3552 766 3620 anima
781 3557 858 3626 nihil
870 3587 1076 3656 corporeum,

4 3633 123 3711 'nihil
149 3643 312 3712 materiale
335 3649 530 3735 requirente,
551 3653 605 3718 sed
626 3654 692 3721 solo
713 3663 796 3728 verbi
816 3667 873 3735 Dei
892 3698 997 3744 amore
1017 3681 1077 3750 lla-

4 3751 167 3844 grante.
185 3743 259 3819 Haec
271 3755 396 3822 interim
412 3759 502 3824 nobis
514 3761 554 3825 ad
569 3787 705 3851 praesens
722 3770 760 3836 de
776 3782 901 3858 unione,
914 3787 962 3852 vel
978 3791 1077 3858 chari-

69 3919 80 3952 ¹
98 3917 166 3964 Gen.
179 3929 233 3982 ng.
248 3940 276 3949 -
288 3909 298 3941 ²
314 3929 325 3963 1
338 3913 396 3965 Cor.
407 3933 472 3978 xm,
486 3934 509 3979 7,
520 3922 543 3968 8.
572 3961 574 3964 .

181 4023 209 4064 ι·
904 4036 941 4108 24
