2702 4610
371 317 403 362 ιιι
428 314 556 362 rxonuru
579 317 709 364 nonanta
732 311 799 359 ιιιιι.
1039 311 1099 388 ¹77

56 433 180 508 Baetes
200 460 278 528 ergo
293 437 382 527 apud
395 456 492 524 quum
512 436 672 504 invenitur
689 432 738 502 vel
754 456 863 506 uenam
884 436 1101 528 incorruptus,

60 550 111 616 rel
133 571 257 637 corpus
275 547 507 635 incorruptum,
524 555 556 613 et
573 545 635 614 hoc
653 544 748 615 offert
761 545 840 613 Deo.
862 537 953 620 Unde
969 560 1003 618 et
1016 550 1102 620 hana

61 659 161 730 'ualde
172 659 275 726 dixit:
292 657 397 746 «apud
409 677 507 745 quem
518 656 644 734 inventa
655 667 730 726 runt
742 651 824 745 ligna
836 655 1097 745 impetuntur.»
1199 699 1210 728 ι

67 764 147 840 ¹Non
162 769 249 836 enim
268 766 475 856 apudomnee
494 764 699 834 inveniuntur
717 761 800 852 ligne
821 764 1039 852 imputribiliu-
1056 765 1103 837 De

69 903 157 950 nura
179 901 243 944 non
268 876 343 945 dixit
365 895 472 966 neque
493 874 535 942 de
557 885 701 964 argento.
721 873 808 964 apuu
824 894 919 962 quem
938 875 1105 972 inventum

75 1003 135 1058 ast.
151 987 256 1056 roan
269 987 355 1054 euim
372 986 459 1076 apud
473 1005 584 1054 omnes
599 984 732 1054 inveniri
749 1007 860 1054 senune
878 996 910 1052 et
927 1005 1109 1084 εοιιιιο...

75 1099 223 1168 Omnium
245 1119 386 1188 namque
400 1107 502 1164 eatan
520 1108 658 1185 quatuor
673 1108 819 1192 cunctare
840 1097 1018 1166 secundnm
1033 1122 1107 1166 cora

69 1233 125 1297 pur
139 1206 318 1276 elementia·
336 1201 436 1296 Ligna
452 1218 560 1276 antem
576 1197 795 1295 impunititin
812 1207 847 1274 id
861 1220 922 1283 eut,
937 1207 1108 1299 incurrup*

65 1318 163 1388 tionia
184 1328 218 1386 et
230 1315 423 1405 'virginitatis
436 1316 551 1404 gratie,
567 1313 654 1404 apud
670 1337 780 1384 rarum
799 1337 957 1403 quemque
974 1315 1109 1388 inveniri

70 1439 193 1515 potest,
209 1426 293 1490 sicut
307 1436 339 1490 et
353 1423 509 1489 Dominus
528 1419 626 1490 dicit:
647 1449 660 1483 ι
677 1423 747 1489 Νοιι
763 1445 873 1490 ornnes
889 1425 1019 1513 eupiunt
1038 1451 1108 1505 vcr-

74 1537 186 1599 ›burn
201 1534 299 1608 istud,
311 1533 363 1598 sed
378 1528 494 1620 quibua
510 1535 620 1598 datum
636 1533 715 1599 θεῖ’.
734 1547 747 1595 a

124 1643 188 1708 Sed
210 1655 242 1707 et
260 1643 439 1732 principat,
469 1643 583 1730 inquit,
606 1643 792 1708 obtulerunt
813 1645 895 1710 dona
919 1643 1006 1710 sua¹i
1029 1645 1111 1725 Qnae

78 1763 150 1818 sunt
165 1752 225 1817 ista
240 1753 323 1817 dona
340 1775 410 1838 qnae
424 1753 582 1841 principes
597 1745 759 1817 offerunt?
775 1767 791 1812 ἰ
807 1753 969 1830 Gemmas,
983 1756 1106 1842 inquit,

75 1860 305 1938 »obtulerunt,
324 1872 358 1929 et
374 1853 493 1948 lapides
511 1864 707 1950 smaragdos.
727 1875 759 1926 ct
778 1861 897 1951 lapides
916 1862 1097 1954 repletionis

74 1987 133 2038 aet
151 1971 275 2062 lapides
289 1970 519 2036 adhumernlea.
538 1998 702 2037 ι..........
721 1969 868 2038 Offerunt
886 1975 983 2040 etiam
1003 1974 1109 2042 oleum

74 2082 237 2172 principes
252 2080 294 2145 ad
313 2102 387 2145 ocus
409 2071 551 2168 duplices
571 2077 787 2168 profuturnm,
808 2077 946 2147 lucernis
961 2096 994 2147 et
1011 2084 1113 2150 chris-

78 2191 167 2256 mati.
183 2189 288 2254 Debet
299 2189 385 2253 enim
402 2186 531 2253 lucerna
548 2208 659 2252 eorum
674 2188 727 2274 qui
743 2179 867 2275 populis
881 2199 1033 2276 presunt,
1046 2213 1111 2256 non

83 2296 251 2372 abscondi,
268 2307 318 2361 aut
332 2297 391 2361 sub
412 2296 521 2360 modio
536 2295 624 2384 poni,
640 2296 696 2361 ced
713 2319 808 2385 super
823 2296 1063 2377 candelabrum,
1077 2311 1114 2364 ut

81 2403 192 2472 luceat
203 2406 344 2471 omnihus
356 2405 410 2493 qui
423 2405 456 2470 in
472 2406 570 2470 domo
583 2403 685 2470 uunt⁴.
701 2404 766 2471 Sed
780 2418 812 2470 et
824 2406 943 2472 incensi
960 2410 1115 2496 composi·

80 2520 204 2584 tionem
219 2508 377 2605 principes
392 2515 544 2589 offerunt,
562 2539 631 2602 qum
646 2527 857 2604 componatur
867 2535 925 2603 per
938 2507 1069 2603 Moysen
1081 2518 1113 2581 in

74 2629 176 2695 odore
188 2625 352 2692 suavitatis
363 2625 513 2699 Domino,
525 2635 604 2688 utet
615 2623 673 2712 ipsi
688 2623 807 2698 dicant,
821 2624 893 2711 quia
906 2650 919 2683 ι
932 2624 1048 2690 Christi
1060 2626 1116 2690 bo-

77 2759 168 2802 »nue
183 2735 268 2799 odor
279 2732 416 2798 sumna‘.
432 2761 446 2794 ι
460 2735 500 2800 Et
513 2743 718 2821 posteaquam
733 2732 849 2798 obtulit
863 2732 1012 2822 populns,
1027 2758 1116 2801 roca·

74 2850 131 2922 rit,
150 2845 272 2932 inquit,
288 2841 411 2931 Moyses
429 2866 557 2908 omnem
577 2845 750 2930 eapientem
773 2844 815 2909 ad
835 2843 1068 2920 fabricandum,
1084 2855 1119 2911 et

75 2955 309 3027 architectum,
323 2963 357 3015 ut
368 2966 608 3040 componerent,
620 2964 652 3018 et
663 2950 894 3018 fabricarentur
904 2952 1024 3042 singula
1034 2975 1116 3042 quae·

78 3091 138 3155 que
150 3083 226 3154 quae
238 3062 357 3149 scripta
371 3074 455 3126 sunt.
472 3061 535 3127 Sed
551 3073 584 3126 et
595 3059 756 3134 mulieres,
771 3061 885 3147 inquit,
898 3062 1053 3148 sapientes
1066 3086 1117 3128 rc·

80 3177 172 3249 cavit,
192 3184 229 3239 ut
241 3171 385 3239 facerent
400 3193 469 3258 quae
485 3169 691 3236 convenirent
706 3169 738 3232 in
755 3168 961 3235 tabernaculo
976 3171 1114 3236 Domini.

81 3283 174 3349 Vides
189 3283 264 3348 haec
280 3279 386 3345 omnia
398 3301 467 3366 quae
479 3278 572 3353 fiunt,
586 3301 603 3344 a
619 3275 811 3365 sapientibus
824 3277 892 3343 fieri
901 3303 910 3352 ;
927 3292 959 3343 ct
970 3277 1118 3344 mulieres

88 3395 238 3479 sepientes
249 3402 419 3464 vocantur,
429 3399 461 3454 et
472 3384 529 3453 riri
542 3388 708 3477 sapientes.
725 3385 838 3453 Omnia
852 3389 937 3453 enim
950 3411 1045 3477 opera
1056 3389 1120 3455 Do·

92 3501 204 3565 miniin
213 3500 367 3590 rapientia
376 3497 648 3585 fiunt.Venitergo
656 3496 870 3582 unusquisque
878 3495 1002 3585 sapiens
1010 3520 1103 3561 sensu
1109 3533 1119 3572 ι

92 3619 121 3671 et
128 3607 298 3698 sacitcpera
310 3605 448 3672 Domini.
463 3605 535 3671 Non
543 3601 658 3669 sufficit
667 3605 757 3669 nohis
768 3603 793 3668 si
805 3603 1118 3682 offeramnstnntum‚

87 3719 140 3784 ted
153 3741 232 3809 opus
247 3731 297 3785 eet
314 3727 350 3782 ut
363 3739 438 3782 cum
454 3713 605 3802 sapientia
621 3734 658 3777 en
675 3734 745 3798 quae
763 3713 794 3776 in
810 3713 901 3777 nobie
917 3726 991 3778 sunt
1007 3733 1120 3804 opere-

116 3883 219 3932 ¹Ernd.
236 3898 312 3940 xxxv,
332 3880 372 3938 ²⁴·
386 3905 418 3915 -
429 3877 440 3910 ²
451 3877 541 3925 Matth.
554 3892 607 3932 m,
621 3891 658 3924 ιι.
668 3901 697 3911 ·-
709 3873 718 3906 ⁸
729 3874 808 3923 Exod.
824 3889 895 3934 uxr,
911 3891 949 3938 ιγ.
964 3871 1013 3911 -¹
1028 3873 1120 3922 Mami.

85 3975 107 4016 v,
122 3961 162 4008 16.
176 3985 208 3997 -
221 3959 232 3992 ⁵
247 3957 335 4006 acor.
350 3971 378 4016 ιι,
393 3955 429 4000 ι5.

221 4068 264 4110 11,
947 4057 956 4096 1
966 4057 981 4096 2
