2748 4596
353 309 386 352 tn'
411 307 526 352 lelillbl
548 307 617 355 tasso
643 308 724 350 MV!
749 307 822 349 nott.
850 308 890 348 tv.
1103 305 1149 346 fll-

1 432 10 470 l'
115 433 243 499 »semitis
259 431 338 497 meis
349 429 379 495 ¹.
399 456 411 491 a
431 431 500 495 lloc
519 429 627 495 lumen
641 453 699 519 per
713 429 892 495 sacerdotes
908 429 1095 495 accenditur
1112 442 1145 495 et

116 543 237 610 levitas.
254 539 351 620 Quod
363 539 389 604 si
402 539 483 605 sorte
493 537 604 627 aliquis
615 561 654 603 ox
664 537 727 604 hoc
739 537 850 602 ordine
861 560 1027 604 accensam
1043 537 1147 603 lucer-

0 665 1 686 ³
118 675 181 716 narn
197 648 336 738 posuerit
358 647 416 711 sub
440 646 573 722 modio,¹
589 657 621 711 et
643 669 707 711 non
724 669 819 734 super
839 644 1087 723 candelabrum,
1108 658 1145 711 ut

118 757 214 823 luceat
227 757 375 822 omnibus
394 755 447 842 qni
467 754 501 820 in
523 754 618 820 domo
634 765 707 820 sunt
724 777 733 819 a
751 754 855 820 videat
872 755 949 842 qnid
968 755 1026 819 sibi
1047 778 1145 844 agen-

120 865 188 930 dum
203 866 259 941 sit,
271 886 345 930 cum
360 862 499 928 Domino
520 861 599 928 lucis
615 853 748 927 reddere
764 861 896 952 coeperit
914 863 1070 928 rationem
1087 886 1145 952 pro

1 995 2 1014 ι
119 974 153 1038 iis
167 973 214 1060 qui
230 970 308 1036 nihil
323 970 559 1036 illuminationis
574 995 593 1034 a
608 970 825 1037 sacerdotibus
836 971 996 1060 capientes
1010 971 1043 1035 in
1055 983 1146 1036 tene-

119 1082 177 1146 bris
191 1079 369 1155 ambnlant,
382 1091 414 1144 et
429 1089 633 1168 pcccatorum
645 1079 837 1144 obscuritate
851 1091 1020 1144 caecantnr.
1223 1162 1227 1178 Α

157 1188 232 1254 Vide
249 1187 385 1274 denique
401 1185 478 1275 quid
490 1185 586 1253 dicit:
607 1185 793 1276 «Populus,
816 1185 1092 1276 inquit,11tlonge
1108 1187 1149 1251 sit

6 1307 8 1318 ‘
120 1295 175 1362 aab
196 1319 267 1362 arca
289 1295 483 1361 Testamenti
507 1294 571 1359 duo
586 1291 685 1360 millia
699 1293 916 1362 cubitorum'.
931 1323 943 1356 ι
961 1295 1148 1361 Sacerdotes

9 1411 10 1423 ¹
120 1427 206 1480 vero,
224 1415 257 1469 et
270 1404 385 1470 Levitae
402 1402 558 1492 proximi,
577 1413 610 1466 et
625 1401 699 1467 satis
714 1403 870 1491 proximi,
892 1403 936 1469 ita
954 1415 989 1470 ut
1006 1402 1149 1470 humeris

120 1513 255 1601 ipsorum
271 1533 341 1577 arca
362 1509 509 1585 Domini,
529 1521 562 1574 et
583 1507 735 1598 legislatio
754 1510 859 1576 divina
880 1521 1035 1599 portetur.
1058 1512 1147 1578 Beati

4 1635 9 1661 ³
121 1619 172 1709 qui
186 1631 345 1685 merentur
356 1619 491 1709 proximi
507 1639 576 1683 esse
591 1617 669 1684 Deo.
688 1617 753 1685 Sed
768 1631 930 1686 memento
945 1620 1034 1709 quod
1048 1621 1149 1710 scrip-

120 1739 183 1793 turn
194 1739 259 1792 est:
275 1727 339 1809 Qui
349 1725 560 1812 opproat'mont
571 1725 658 1802 miti,
672 1726 885 1812 approximant
896 1727 972 1817 igni.
989 1729 1023 1794 Si
1035 1739 1147 1794 aurum

1 1865 2 1872 ¹
117 1834 163 1902 vel
184 1847 349 1924 argentum
370 1834 486 1910 fueris,
510 1846 542 1899 et
564 1833 627 1922 igni
650 1836 935 1924 approximaveris,
964 1833 1066 1901 multo
1092 1859 1149 1924 per

116 1944 217 2033 ignem
239 1940 434 2032 splendidior
454 1954 487 2008 et
505 1940 685 2006 rutilantior
704 1941 879 2030 effulgebis.
904 1942 938 2008 Si
960 1965 1034 2008 vero
1055 1967 1148 2033 supra

115 2052 355 2119 fundamentum
369 2052 403 2117 in
418 2061 449 2117 te
464 2050 538 2116 fidei
551 2051 691 2140 positum
702 2051 848 2118 conscius
860 2051 963 2118 tibias
975 2053 1151 2141 superaedi-

116 2162 223 2228 ficasse
238 2173 270 2227 te
285 2161 386 2250 ligna,
403 2160 542 2237 loenum,
560 2159 725 2248 stipulam,
745 2185 819 2229 cum
834 2160 888 2226 tali
903 2163 1112 2229 oedilicationc
1124 2164 1148 2229 si

0 2293 1 2330 3
45 2333 48 2338 ,
118 2271 181 2360 igni
199 2268 477 2358 approximaveris,
494 2269 688 2333 consumeris
702 2267 725 2332 ⁸.
738 2269 826 2334 Beati
838 2269 934 2357 igitur
948 2270 1002 2356 qui
1015 2271 1150 2359 proximi

117 2388 209 2453 sunt,
228 2389 260 2442 et
280 2377 332 2465 qui
351 2377 394 2441 ita
413 2375 547 2465 proximi
566 2386 659 2451 sunt,
677 2387 711 2439 nt
728 2375 809 2464 ignis
823 2398 877 2440 eos
893 2374 1067 2452 illuminet,
1085 2401 1149 2445 non

2 2535 6 2546 .
116 2485 236 2551 adurat.
252 2483 431 2550 salvabitur
445 2494 550 2550 nmen
561 2494 593 2548 et
606 2482 720 2558 lsrael,
737 2483 793 2550 sed
807 2481 900 2572 longe
914 2485 1034 2573 positus
1050 2484 1151 2550 salva-

1 2637 4 2646 ›
113 2594 211 2669 bitur,
228 2604 261 2658 et
277 2592 339 2657 iter
353 2603 425 2681 aget
439 2615 504 2657 non
519 2613 576 2656 sua
593 2591 729 2668 virtute,
747 2591 802 2657 sed
821 2590 1020 2658 adminiculis
1031 2603 1150 2682 etpro-

114 2700 249 2766 videntia
265 2701 464 2766 sacerdotum
468 2747 539 2764 ......

159 2809 290 2875 ....Post
300 2807 442 2874 laberes⁴
457 2809 593 2898 (autem)
602 2821 635 2873 et
642 2809 831 2874 tentationes
844 2834 920 2897 quas
932 2812 964 2874 in
976 2809 1071 2898 hujus
1080 2811 1149 2876 vitae

5 2954 10 2994 ς
109 2939 223 2984 eremo
247 2915 493 3005 pertulerimus,
520 2927 591 3004 post
617 2919 783 2982 transitum
811 2916 910 2982 Rubri
936 2919 1052 2995 maris,
1076 2935 1148 3009 post
1206 2928 1209 2934 '

1 3103 3 3109 k
109 3025 234 3091 fluenta
252 3023 419 3097 Jordanis,
436 3024 465 3087 si
483 3021 569 3112 digni
588 3022 741 3088 fuerimus
762 3035 879 3088 terram
899 3027 1149 3114 repromissionis

8 3188 11 3196 .
107 3135 253 3210 intrare,
271 3155 345 3198 cum
358 3130 464 3197 laetitia
479 3143 512 3195 et
525 3129 717 3196 exultatione
728 3132 966 3220 perveniemus,
983 3147 1155 3221 sequentes.

105 3241 293 3308 sacerdotes
304 3239 432 3307 Domini
445 3238 561 3304 Christi
573 3251 605 3302 et
616 3237 785 3305 Salvatoris
797 3240 914 3316 nostri,
929 3243 980 3309 cui
992 3254 1040 3308 eat
1050 3241 1154 3334 gloria

1 3397 10 3430 1-
106 3361 295 3438 etpotestas
311 3346 471 3416 insaecula
488 3347 687 3414 saeculorum.
707 3347 820 3414 Amen.

145 3491 158 3525 ¹
172 3493 235 3544 Psal.
253 3511 346 3556 cavan,
368 3491 422 3544 105.
435 3523 465 3531 -
478 3497 489 3531 ²
501 3497 552 3543 los.
566 3513 595 3543 ιιι
607 3531 613 3553 ,
626 3499 649 3555 4.
664 3493 712 3531 -l
730 3493 810 3544 tCor.
822 3511 866 3556 ιιι,
884 3513 921 3546 ια.

145 3583 314 3652 ΙΝ.ιι.1)ης.
331 3587 379 3642 boii
392 3585 455 3646 ‚col
468 3602 481 3634 a
492 3621 499 3645 ,
511 3587 540 3636 ll.
