2748 4596
234 275 276 336 80
675 295 827 340 ‹snrcsrns
910 259 913 270 ⁸

225 414 374 502 opinione
390 413 558 488 falluntur.
576 415 630 480 sed
647 415 735 502 quod
751 428 962 492 renumerat,
980 413 1117 502 prodidit
1128 415 1177 480 eis
1189 439 1268 480 sors.
1358 437 1359 440 ’

227 522 394 610 Denique«
405 523 510 599 veuit,
529 523 645 610 inpetit,
663 546 730 588 sors
748 547 842 611 super
853 524 978 589 donam.
995 551 1008 582 s
1023 524 1180 602 Quaerens
1195 545 1273 611 ergo

228 629 267 695 de
279 629 315 694 iis
328 679 337 705 ,
350 630 476 696 invenio
487 644 519 694 et
531 629 737 696 Salomonem
745 631 777 696 in
789 630 965 696 Proverbiis
973 630 1133 695 dicentem
1145 653 1154 694 :
1166 630 1273 695 «Con-

227 737 455 802 stradictiones
468 736 597 803 cohibet
609 761 689 813 sors,
703 749 736 803 et
746 739 829 806 inter
840 749 985 827 potentes
998 737 1143 812 delinit¹,
1154 737 1272 803 »veluti
1358 731 1359 804 l

225 865 348 910 cessare
369 845 538 910 ostendens
562 844 845 920 contradictiones,
871 845 924 910 ubi
949 844 1085 909 mittitur
1108 867 1189 910 sors.
1209 845 1271 911 Sed

225 972 300 1016 cum
317 951 387 1016 baec
398 952 431 1016 in
445 964 635 1018 testamento
651 953 749 1017 veteri
764 975 828 1016 non
843 974 945 1039 pauca
956 951 1066 1016 referri
1079 949 1120 1017 de
1132 953 1273 1017 sortibus

226 1059 421 1135 invenirem,
440 1063 582 1126 converti
598 1085 650 1127 me
670 1061 766 1126 etiam
786 1062 825 1126 nd
844 1083 960 1125 novum
978 1059 1224 1125 Testamentum
1241 1071 1273 1123 ut

227 1165 368 1233 viderem
385 1168 409 1233 si
425 1167 506 1233 forte
523 1167 572 1235 vel
587 1169 632 1234 ibi
648 1179 899 1234 contemnuntur
909 1178 1018 1232 sortes.
1038 1167 1080 1234 dt
1091 1190 1133 1232 ne
1146 1165 1191 1232 ibi
1204 1169 1274 1254 qui-

228 1269 303 1335 dem
319 1293 429 1336 earum
448 1295 522 1336 usus
539 1272 707 1359 abjicitur,
723 1284 755 1337 et
769 1271 893 1336 invenio
909 1271 995 1358 quod
1010 1269 1184 1358 aliquando
1201 1294 1274 1336 cum

227 1377 351 1444 deesset
365 1401 500 1444 numero
516 1380 741 1470 Apostolorum
756 1403 837 1444 unus
852 1378 1039 1469 Apostolus,
1062 1392 1096 1443 et
1110 1392 1198 1444 esset
1213 1402 1271 1444 ne·
1358 1405 1359 1414 ¹

232 1491 402 1555 cessarium
414 1490 448 1555 in
460 1488 532 1557 loco
541 1492 632 1557 Judae
644 1489 740 1554 alium
752 1490 915 1578 subrogari
925 1539 934 1564 ,
943 1489 1171 1555 couvenientes
1180 1491 1276 1577 Apes

231 1594 307 1672 toli,
323 1597 377 1685 qui
394 1598 503 1685 utique
521 1597 622 1664 multo
637 1596 841 1685 sapientiores
856 1607 945 1661 erant
965 1617 1061 1684 quam
1081 1595 1103 1659 ii
1118 1596 1175 1683 qui
1191 1619 1277 1661 nuno

229 1705 396 1795 episcopos
407 1705 457 1772 vel
470 1709 689 1795 presbyteros,
705 1703 754 1772 vel
766 1706 916 1771 diaconos
927 1705 1094 1781 ordinant,
1107 1703 1276 1794 elegerunt
1357 1779 1359 1800 ,

230 1813 310 1879 duos
325 1826 357 1879 et
373 1826 552 1882 statuerunt
566 1815 599 1878 in
614 1812 739 1879 medio:
758 1835 818 1878 uec
831 1824 937 1877 tamen
955 1814 995 1878 de
1009 1812 1055 1876 eis
1071 1811 1277 1900 sibimetipsis
1358 1801 1359 1832 ³

230 1920 390 2008 judicium
408 1920 640 2009 permiserunt,
661 1933 696 1984 ut
711 1917 801 1984 illum
815 1919 955 1984 lacerent
969 1941 1065 2006 quem
1081 1918 1142 2007 ipsi
1164 1919 1277 1984 soluis-
1358 1913 1359 1918 ¹

228 2038 323 2104 sent,
341 2029 398 2094 sed
412 2039 556 2102 orantes,
572 2028 691 2114 inquit,
715 2027 870 2092 miseruut
884 2037 1002 2092 sortem
1017 2049 1055 2090 ex
1070 2023 1134 2091 illis
1150 2026 1277 2092 duobus

230 2157 309 2220 quos
327 2147 503 2202 statuerant
518 2135 551 2199 in
566 2145 740 2222 conspectu
752 2134 828 2209 Dei,
845 2133 937 2198 idest
950 2132 1092 2220 Josepb,
1109 2133 1166 2220 qui
1183 2157 1278 2198 roca-

232 2242 327 2308 batur
342 2243 523 2317 Barnabas,
536 2242 589 2329 qui
605 2239 845 2329 cognominatus
857 2252 905 2304 est
916 2240 1030 2328 justus,
1047 2250 1079 2303 et
1095 2239 1274 2306 Matthiam.

238 2377 251 2410 r
265 2348 307 2413 Et
319 2350 436 2416 cecidit
449 2400 457 2425 ,
473 2349 590 2436 inquit,
607 2371 674 2414 sors
689 2371 785 2436 super
798 2347 978 2422 Matthiam,
1000 2358 1032 2413 et
1049 2362 1278 2414 annumeratus

229 2445 299 2522 sest
321 2479 398 2523 cum
417 2457 565 2522 undecim
582 2453 771 2545 Apostolis².
788 2481 801 2514 ι
821 2455 1022 2521 Praecedeute
1039 2479 1182 2545 namque
1205 2480 1278 2521 ora-

229 2564 339 2640 tione,
360 2588 425 2631 nou
439 2564 506 2651 jam
522 2587 618 2640 casu,
636 2563 691 2628 sed
707 2562 923 2651 providentia,
947 2585 1013 2626 sors
1030 2562 1177 2629 divinum
1191 2563 1280 2652 judi·

231 2670 318 2736 cium
334 2669 507 2737 deserebat.
525 2671 588 2736 Sed
606 2669 710 2735 adhuc
723 2669 902 2756 querebam
919 2669 952 2734 in
966 2690 1046 2733 noro
1057 2667 1280 2746 Testamento,

231 2777 333 2843 sicubi
345 2801 412 2844 sors
425 2779 458 2843 in
471 2777 598 2842 Christo
611 2774 659 2840 vel
670 2777 703 2840 iu
717 2773 858 2841 Ecclesia
870 2775 1064 2850 nominatur,
1074 2774 1124 2841 vel
1137 2775 1171 2842 in
1183 2779 1280 2842 rebus
1357 2769 1358 2772 ¹

232 2886 395 2973 mysticis,
411 2899 444 2951 et
460 2909 529 2972 quae
545 2885 586 2951 ad
607 2885 744 2949 animam
765 2884 924 2971 pertinere
942 2882 1119 2948 videantur.
1145 2885 1279 2950 Invenio
1357 2913 1358 2964 ,

229 2990 364 3058 Paulum
376 2993 416 3059 ad
428 2991 581 3081 Ephesios
595 2991 790 3057 scribentem
803 2989 910 3055 dicere
922 2990 961 3055 de
971 2989 1118 3056 Christo:
1131 3020 1145 3050 s
1156 2993 1193 3057 ln
1202 3015 1278 3080 qua,

232 3098 369 3186 slopan,
386 3111 471 3165 sorte
487 3099 591 3164 vocati
605 3119 734 3172 sumus,
748 3096 961 3185 praedestinati
973 3098 1153 3164 secundum
1165 3122 1279 3189 propo

230 3206 349 3271 »situm
364 3208 453 3296 ejus,
474 3205 528 3294 qui
549 3204 655 3270 omnia
675 3215 826 3292 operatur
845 3204 1021 3269 secundum
1040 3203 1213 3280 consilium
1226 3230 1281 3272 ro-

232 3311 383 3379 »luntatis
405 3337 488 3388 suae,
511 3324 546 3376 ut
568 3311 664 3377 simus
692 3311 725 3375 in
748 3309 875 3375 laudem
902 3309 1009 3399 gloriae
1031 3312 1101 3398 ejus
1125 3314 1182 3402 qui
1209 3327 1280 3379 ante

178 3469 182 3474 .
232 3422 449 3510 »speravimus
464 3421 499 3486 in'
513 3418 673 3485 Christo⁸.
693 3417 804 3484 Sedet
822 3418 863 3483 ad
883 3417 1084 3483 colossenses
1105 3419 1178 3486 baec
1198 3423 1281 3488 scri-

230 3527 361 3595 bentem
378 3527 545 3594 :rGratias
561 3538 687 3614 agentes
702 3525 771 3590 Deo
788 3524 871 3590 Patri
893 3525 946 3612 qui
968 3525 1099 3590 idoneos
1118 3551 1177 3594 nos
1198 3529 1276 3594 lecit

237 3635 291 3700 »in
307 3647 398 3725 parte
409 3634 501 3700 sortis
516 3635 697 3699 san'ctorum
713 3633 745 3697 in
760 3629 911 3696 lumine‘.
931 3631 1038 3698 »Tam
1050 3631 1159 3698 multis
1179 3634 1279 3723 igitur

269 3789 361 3844 ¹Prov.
380 3805 463 3852 xsrrr,
490 3789 703 3850 18.—²1tdt.x,
723 3787 958 3851 26.-npna.1,
981 3804 1025 3849 rr,
1053 3804 1093 3840 ts.
1112 3790 1273 3842 -tColou

235 3901 261 3943 ι,
288 3896 328 3932 1².

1351 4083 1357 4178 t
