2706 4624
391 271 422 314 us
449 271 588 314 nuusaos
611 272 742 314 ιιοιιιιιι
767 273 813 315 ιιι.
1061 251 1122 334 ⁹05

85 385 202 460 stituit,
215 385 329 454 llerari
342 388 490 454 scribitur
505 387 677 454 collocatus
692 413 698 452 :
714 403 747 453 et
761 387 808 454 ita'
819 389 851 454 in
863 389 969 452 medio
984 387 1122 454 liliorum

87 493 185 558 lsrael
199 483 239 560 ox
252 495 339 560 omni
350 507 453 580 porte,
466 507 498 560 et
510 519 566 582 per
578 496 760 568 circuitum,
774 497 862 581 quasi
878 495 986 560 inserti
1002 489 1123 562 coeteris

1 635 2 640 ι
87 615 121 666 ut
131 603 240 669 iuueni
254 603 402 668 ridentur
415 625 483 668 esse
495 600 552 668 filii
565 603 649 668 Levi.
664 605 738 670 Haec
753 616 827 668 sunt
839 625 909 692 quae
920 605 1010 669 uubis
1021 602 1123 670 littera

88 713 181 800 Legis
193 713 337 799 exponit,
350 723 385 776 ut
395 733 435 777 cx
448 712 498 776 bis
510 715 780 779 sacramentorum
793 711 912 778 semiue
929 709 1123 800 colligentes,

88 835 242 906 tunquam
262 820 412 908 gradibus
428 820 620 908 quibusdam
635 823 676 886 ab
691 820 863 886 humilibus
882 820 923 884 ud
942 817 1077 894 excelsa,
1094 833 1126 884 et

88 929 263 1012 uterreuis
274 929 316 994 od
329 929 468 994 coelestia
485 929 746 996 conscendamus.
770 927 915 996 Ascendo
936 951 1011 1017 ergo
1027 949 1125 1004 nunc,

91 1063 110 1100 ο
125 1037 265 1110 auditor,
284 1037 309 1102 si
324 1049 427 1126 potos,
445 1049 477 1102 ct
492 1063 510 1102 a
527 1038 659 1102 terrenis
673 1038 819 1103 sensibus
834 1035 949 1101 intuitu
965 1033 1079 1102 nientis
1096 1050 1128 1102 et

93 1146 286 1232 perspicacia
308 1145 412 1212 cordis
432 1144 565 1210 elevare.
594 1145 795 1212 obliviscere*
812 1142 973 1233 ptulispcr
987 1158 1126 1220 terrene,

92 1277 185 1340 supra
208 1255 311 1321 nubes
325 1264 358 1346 et
373 1275 466 1341 supro
484 1254 589 1340 ipsum
607 1251 724 1318 coelum
740 1255 849 1341 gressu
871 1253 986 1321 mentis
1002 1254 1128 1332 incede..

95 1361 142 1424 lbi
156 1363 283 1447 require
300 1358 542 1430 tabernaculum
559 1361 630 1434 Dei,
646 1361 703 1425 ubi
711 1365 895 1449 'praecursor
904 1373 964 1449 ¹pro
975 1363 1068 1426 nobis
1079 1364 1129 1426 in-

97 1468 199 1532 troivit
224 1468 332 1542 lesus,
350 1479 384 1530 et
406 1467 521 1535 assistit
539 1489 627 1536 nunc
646 1466 746 1532 vult'ui
771 1469 832 1535 Dei
848 1468 1053 1556 interpellans
1069 1491 1131 1558 pro

93 1578 195 1642 uobis.
214 1577 277 1650 lbi,
297 1577 440 1661 inquom,
454 1575 579 1661 require
591 1586 761 1662 quaternos
773 1577 850 1641 istos
864 1576 1003 1652 ordines,
1020 1579 1130 1642 statio·

93 1709 209 1772 nosque
226 1697 415 1752 castrorum.
432 1683 480 1748 lbi
494 1681 665 1748 Israelitioa
681 1683 806 1771 agmina
822 1697 855 1748 et
865 1685 1013 1750 excubias
1031 1705 1129 1750 cerne

92 1805 288 1866 sanctorum,
298 1801 334 1856 et
347 1790 391 1856 ibi
403 1787 455 1854 illa
468 1801 537 1875 quea
549 1789 603 1855 hic
615 1814 700 1856 nunc
716 1791 885 1877 quaerlmus
898 1793 1131 1888 primitivorum·
1245 1825 1250 1834 =

92 1911 289 1976 sacramenta
307 1899 434 1970 rimare.
453 1898 517 1962 Sed
532 1921 592 1985 ego
613 1907 683 1965 nou>
697 1901 799 1966 audeo
820 1898 897 1966 illuc
918 1899 1003 1966 solus
1019 1909 1131 1968 escon·
1178 1968 1185 1988 ,

92 2012 182 2084 dere,
201 2033 266 2076 ιιοιι
289 2007 393 2074 audeo
409 2031 461 2074 ms
477 2008 509 2074 iu
526 2008 583 2074 bos
601 2021 664 2074 tam
681 2022 819 2074 secretos
843 2009 1065 2096 mysteriorum
1079 2031 1132 2075 'se-

92 2142 202 2186 cessus
217 2118 282 2183 siue
298 2117 488 2183 auctoritate
505 2117 611 2203 magui
625 2115 758 2202 alicujus
775 2118 914 2182 doctoris
928 2117 1128 2208 immergere.

95 2227 170 2294 Non
186 2245 311 2310 possum
331 2222 407 2288 illuc
423 2223 608 2297 ascendere,
631 2224 690 2300 uisi
711 2224 869 2312 praecedat
883 2248 934 2290 me
955 2225 1083 2301 Paulus,
1100 2238 1132 2290 et

95 2337 166 2422 ipse
183 2334 259 2399 mibi
276 2335 354 2400 riam
374 2329 447 2398 novi
462 2333 558 2418 bujus
579 2343 612 2398 et
630 2332 722 2398 ardui
743 2333 863 2398 itineris
880 2335 1034 2398 ostendat.
1062 2335 1132 2422 lpse

94 2467 173 2530 crgo
189 2442 413 2530 Apostolorum
427 2442 595 2514 niaximus,
609 2443 662 2526 qui
676 2441 771 2506 sciret
789 2440 905 2506 multas
923 2465 991 2506 esso
1009 2466 1074 2507 non
1086 2465 1133 2507 so·-

95 2553 166 2618 lum
182 2555 213 2618 iu
231 2554 335 2628 torris,
347 2551 404 2616 sed
415 2563 447 2614 et
463 2551 494 2614 in
511 2549 599 2616 coelis
610 2549 776 2622 llcclcsias⁸
792 2573 830 2616 ex
841 2552 957 2637 quibus
967 2563 1000 2615 et
1012 2563 1131 2639 septem

97 2663 248 2750 quasdam
261 2662 401 2726 «loannes
417 2671 581 2724 enumerat
592 2658 620 2730 ’ς
637 2659 703 2746 ipse
720 2671 825 2722 umen
836 2655 952 2722 Paulus
967 2659 1134 2724 ostendere

6 2838 11 2846 ,
102 2770 204 2834 rolens
226 2792 294 2834 csse
316 2768 487 2855 quamdam
506 2778 620 2854 prester
638 2786 690 2830 eas
709 2766 805 2830 ctiam
824 2765 1056 2852 primitivorum
1072 2768 1134 2831 Ec-

99 2879 239 2954 clesium,
257 2877 346 2958 dicit,
357 2878 397 2943 sd
417 2877 565 2943 llebraeus
578 2874 719 2940 scribens
734 2897 741 2936 ι
755 2901 767 2934 ι
780 2873 850 2940 Νοιι
862 2874 947 2938 enim
959 2875 1133 2940 accessistis

97 3016 109 3049 ι
124 2988 167 3052 sd
178 2987 345 3052 ardentem
357 2997 390 3048 ot
402 2980 602 3048 tractabilem
615 2982 732 3068 ignom,
743 2982 798 3048 sod
810 2982 982 3048 accessistis
997 2982 1038 3048 ad
1048 3005 1137 3050 mon-

97 3109 193 3161 »tem
210 3073 301 3170 Sion,
318 3107 350 3160 ct
367 3093 527 3158 civitatem
543 3091 602 3154 Dei
617 3089 749 3155 viventis
770 3089 946 3156 lerusulem
960 3091 1135 3166 coelestem,

97 3239 110 3268 ι
126 3219 160 3275 et
176 3203 413 3278 multitudinem
425 3198 620 3289 Angelorum
634 3197 897 3272 collaudantium.
915 3212 946 3266 ct
961 3198 1135 3266 Ecclesiam

97 3347 111 3378 ι
128 3314 361 3404 primitivorum
372 3311 542 3397 ascriptam
554 3309 587 3372 ιιι
600 3307 716 3374 coelis².
731 3309 850 3394 »igitur
861 3307 983 3394 Moyses
995 3333 1052 3396 per
1063 3317 1135 3396 q'us·

97 3441 174 3492 tuor
184 3435 288 3490 cestra
301 3419 454 3510 populum
467 3418 524 3484 Dei
538 3418 673 3483 divisum
686 3416 836 3482 describit
850 3417 882 3482 ιιι
895 3420 985 3483 terris
994 3439 1003 3480 ε
1013 3430 1045 3482 et
1056 3421 1140 3505 Apo-

99 3537 201 3604 stolus
213 3546 351 3622 quotuor
363 3532 489 3596 ordines
501 3541 684 3596 sauctorum
698 3528 848 3593 describit
860 3529 892 3592 in
900 3527 1001 3602 coelis,
1010 3530 1051 3592 ad
1064 3553 1139 3616 quu-

102 3669 173 3712 rum
190 3641 330 3730 singulos
347 3659 606 3726 unumquemque
629 3650 772 3704 nostrum
793 3638 874 3702 dicit
885 3638 1047 3702 accedere.
1068 3638 1137 3703 Non

101 3756 188 3822 enirn
200 3767 312 3816 omnes
325 3749 365 3812 od
375 3763 486 3814 'omues
499 3747 670 3822 accedunt,
682 3745 973 3832 sedeteliiquidom
982 3745 1140 3812 accedunt

133 3881 143 3912 ¹
156 3882 238 3942 Apus.
258 3894 279 3925 ι.
292 3904 322 3913 -
340 3874 430 3924 ²llob.
443 3891 486 3932 rm,
504 3873 543 3932 18,
556 3891 594 3933 aa,
606 3874 643 3920 ιδ.
