2748 4596
385 254 417 297 us
441 255 553 298 rinnau
575 255 645 296 uisu
670 256 751 331 aava
775 257 848 301 riou.
874 259 903 300 x.
1115 239 1153 306 61

121 377 179 438 bus
200 372 383 447 numerari,
399 373 453 437 scd
474 373 557 438 inter
578 357 731 442 Israelitas
752 398 865 463 capere
885 375 1103 444 haereditatem
1123 392 1157 444 et

122 474 301 569 portionem
317 491 409 543 terrae
424 481 639 567 promissionis
658 482 811 569 accipere.

165 585 1158 682 Verumtamen¹sciendumestquantumexhujuscemodifign-

124 719 231 760 rarum
250 694 542 785 adumbrationibus
558 696 742 778 edocemur,
760 695 845 783 quod
866 697 891 760 si
913 699 966 783 qui
988 697 1065 764 tales
1082 714 1157 766 siant

124 803 157 867 in
169 803 278 877 nobis,
295 824 432 892 quorum
447 800 525 865 fides
537 797 600 868 hoc
616 804 837 870 tantummodo
853 803 968 880 habet,
985 806 1075 871 ut'ad
1094 809 1158 872 Ec-

124 908 250 976 clesiam
262 909 403 994 verriant,
420 920 452 972 at
463 906 616 974 inclinent
629 922 723 997 caput
736 933 828 975 snum
840 912 1071 989 sacerdotibus,
1085 914 1157 996 olliff

122 1018 171 1082 cia
186 1015 374 1090 exhibeant,
398 1039 504 1081 servos
524 1017 582 1081 Dei
603 1015 779 1093 honorent,
802 1017 839 1082 ad
862 1032 1008 1085 ornatum
1030 1046 1157 1109 quoque
1197 1031 1199 1034 ’

123 1122 227 1189 altaris
239 1121 288 1189 vel
301 1121 449 1188 Ecclesiae
462 1121 581 1210 aliquid
592 1124 774 1199 conserant,
786 1147 856 1198 non
869 1137 975 1191 tamen
987 1127 1158 1194 adhibeant

122 1231 283 1305 studium,
304 1243 339 1295 ut
358 1231 453 1295 etiam
475 1253 578 1296 mores
597 1255 654 1295 suo
673 1231 836 1309 excolant,
861 1246 948 1298 actus
967 1237 1156 1313 emendent,

112 1331 198 1402 vvitia
221 1339 399 1426 deponant,
423 1339 599 1403 castitatem
623 1339 749 1414 colant,
773 1340 970 1406 iracundiam
992 1343 1156 1433 mitigent,

126 1445 287 1509 avaritiam
301 1445 490 1532 reprimant,
508 1446 713 1533 rapacitatem
729 1445 908 1521 refrenent,
925 1447 1113 1536 maleloquia
1124 1463 1158 1514 et

126 1550 318 1639 stultiloquia
339 1551 384 1617 rel
405 1550 627 1616 scurrilitatem
647 1563 680 1615 ct
701 1553 967 1618 obtrectationum
983 1579 1102 1620 venena
1118 1581 1158 1622 ex

126 1682 181 1722 ore
193 1681 250 1722 suo
262 1682 324 1724 non
340 1659 480 1724 adimant
495 1683 502 1723 :
517 1659 617 1724 sciant
632 1659 690 1723 sibi
707 1660 760 1747 qui
777 1657 854 1724 tales
871 1670 961 1736 sunt,
978 1663 1033 1748 qni
1047 1679 1158 1728 emen-

45 1797 47 1806 ’
123 1768 200 1832 dare
211 1789 244 1832 se
254 1765 384 1842 nolunt,
397 1767 453 1832 sed
465 1768 496 1831 in
509 1769 557 1831 his
569 1790 668 1854 usque
680 1767 712 1832 in
724 1779 920 1832 senectutem
932 1766 1075 1834 ultimam
1086 1795 1157 1858 per-

107 1869 284 1950 severant,
301 1886 422 1962 partem
438 1886 618 1960 sortemque
635 1875 673 1938 ab
691 1872 766 1938 Jesu
783 1875 919 1938 Domino
939 1897 1013 1940 cum
1029 1878 1157 1942 Gabao-

40 2009 48 2022 ‘
121 1983 196 2047 nitis'
210 2005 277 2047 esse
292 1983 503 2048 tribuendam.
525 1982 588 2047 Sed
607 1982 710 2068 potius
726 1982 937 2071 deprecamur
956 1984 1155 2060 vostratras,

121 2091 210 2156 verbi
225 2092 283 2156 Dei
304 2089 458 2180 legatione
480 2089 664 2177 fungenteS,
688 2101 723 2153 ut
743 2089 819 2154 dum
841 2101 1030 2176 potestatem
1052 2092 1157 2158 adhuc

122 2198 278 2262 hahemus
292 2199 501 2272 emendandi,
522 2197 633 2261 demus
652 2219 802 2282 operam,
821 2208 852 2260 et
871 2196 1055 2262 festinemus
1075 2201 1156 2286 abji-

125 2306 244 2370 cientes
259 2307 398 2393 antiquas
413 2305 539 2379 sordes,
560 2315 593 2368 et
610 2326 729 2390 pannos
749 2315 868 2367 veteres
885 2304 1053 2380 vitiorum,
1077 2329 1155 2371 con—

119 2413 212 2500 jungi
236 2434 273 2478 ac
292 2413 402 2478 sociari
425 2410 602 2480 lsrae'litioae
620 2409 756 2500 libertati
760 2457 825 2474 .....
846 2407 953 2474 Tum²
974 2410 1088 2478 deinde
1104 2437 1156 2476 re-

119 2521 213 2606 quiro
235 2521 290 2584 abs
314 2531 345 2583 te
365 2519 390 2582 si
411 2514 640 2582 libentervalis
661 2539 699 2580 ex
718 2515 967 2604 patrefamilias,
997 2529 1028 2581 et
1058 2519 1155 2584 noblli

84 2643 88 2651 '
119 2629 208 2702 viro,
224 2628 257 2691 in
269 2628 329 2692 huc
345 2628 465 2691 mundo
477 2650 583 2692 servus
599 2623 681 2690 ellici
692 2647 700 2690 :
710 2624 822 2710 abnuis
830 2624 1024 2700 sinedubio,
1039 2628 1155 2714 quippe

119 2759 196 2801 cum
215 2736 311 2800 etiam
334 2759 373 2799 ex
399 2734 579 2800 conditione
601 2732 703 2798 servili
723 2733 885 2798 videamus
908 2732 1156 2820 quamplurimos

121 2843 164 2908 ad
175 2841 353 2908 libertatem
364 2842 529 2917 festinare,
539 2853 571 2905 et
583 2841 778 2927 inquantum
790 2852 923 2929 possunt
935 2863 1051 2927 cupere
1060 2843 1156 2910 etiam

120 2947 232 3012 divites
247 2947 335 3021 ficri,
352 2959 383 3010 et
402 2945 576 3022 bonoribus
597 2945 820 3030 undecumque
838 2944 980 3030 ¹quaesitis
1004 2943 1156 3011 vilitatem

116 3055 265 3144 genuinae
286 3052 489 3142 ignobilitatis
512 3053 671 3139 obtegere.
690 3051 724 3116 Si
742 3074 817 3138 ergo
840 3051 873 3115 in
899 3050 959 3115 hac
977 3051 1038 3116 vita
1060 3077 1156 3119 nemo

116 3185 188 3226 esse
209 3160 275 3226 vult
294 3184 417 3236 servus,
438 3159 493 3224 sed
512 3170 665 3245 quantum
685 3158 752 3221 fieri
769 3169 873 3246 potest
895 3170 928 3222 ct
946 3156 1156 3225 liberassent

117 3249 271 3343 dises,'ct
291 3267 406 3333 nobilis
422 3267 528 3355 cupit,
545 3276 581 3329 ut
598 3289 662 3329 non
679 3262 781 3329 solum
801 3265 860 3328 sibi
876 3265 1032 3340 sufficiat,
1053 3268 1108 3332 sed
1123 3281 1156 3333 et

120 3375 190 3441 aliis
202 3374 359 3463 largiatur,
376 3375 408 3439 in
419 3373 479 3438 illis
495 3373 618 3436 aeternis
634 3373 748 3447 rebus,
762 3395 799 3437 ac
810 3370 898 3436 nullo
914 3372 978 3437 fine
996 3375 1156 3440 mutandis

118 3483 334 3548 indillerentcr
351 3481 553 3546 tolerabimus
566 3480 766 3555 servitutem,
782 3492 814 3544 ct
826 3504 937 3568 parum
953 3481 1045 3568 nobis
1065 3483 1155 3547 vide-

117 3603 185 3666 tur,
203 3591 227 3654 si
240 3591 272 3654 iu
285 3589 359 3680 ligni
374 3589 564 3663 caesoribus,
578 3600 611 3652 et
627 3611 714 3674 aquae
727 3588 935 3676 gestatoribus
947 3588 1156 3677 deputemur?

112 3692 288 3786 Propterea
308 3721 384 3785 ergo
399 3696 476 3761 dum
492 3696 558 3760 dies
579 3707 646 3769 est,
664 3717 832 3783 operemur
848 3694 933 3782 quod
955 3698 1073 3759 bonum
1087 3707 1154 3771 est,

153 3841 205 3892 1Ν.
217 3860 256 3892 ur.
279 3873 284 3876 -
310 3839 616 3905 ²Pag.aaa,eot.1,n.
