2702 4610
259 247 318 334 194
702 261 845 308 antennis

254 386 304 450 isti
317 383 371 474 qui
386 384 524 486 vendant
534 383 660 460 arietes,
674 384 883 470 requiramus.
898 381 965 470 Ego
977 381 1113 446 arbitror
1124 380 1210 468 ipsas
1223 402 1297 446 esse

254 494 330 560 istos
345 494 399 580 qui
421 493 534 558 arietes
549 493 590 558 ad
604 491 797 574 sacrificium
816 489 1083 576 distrabant.,qui
1105 501 1182 554 sunt
1200 500 1238 552 et
1251 487 1295 554 illi

255 604 309 692 qui
324 602 431 668 oleum
447 603 487 670 ad
502 601 662 691 lampadas
678 603 835 690 virginum
848 601 1002 673 vendunt,
1015 599 1055 664 de
1070 600 1188 686 quibus
1199 599 1296 664 dice·

256 712 334 776 bant
349 708 408 776 itte
432 712 604 798 prudentes
621 708 724 775 stultis
741 709 935 798 virginibus:
954 708 1025 772 «lte
1040 707 1081 771 ad
1103 708 1292 784 vendentes,

256 848 270 882 s
286 832 318 884 et
333 821 428 886 emite
440 821 528 886 vobis
538 819 560 884 ¹.
575 849 589 882 s
608 818 759 886 Vendunt
770 841 846 906 ergo
858 816 907 882 vel
920 815 1026 882 oleum
1040 814 1237 894 luminibus,
1249 818 1294 884 sel

257 927 370 993 arietes
382 927 558 1004 sacrificiis,
574 927 628 1014 qui
645 925 696 993 alii
712 926 772 992 nisi
787 926 953 1014 Prophetae
967 926 1067 990 sancti
1083 937 1116 990 et
1130 927 1292 1014 Apostoli,

257 1038 311 1121 qui
327 1037 405 1103 mibi
421 1061 495 1103 cum
511 1059 686 1125 peccavero
701 1035 872 1102 ostendunt
888 1046 921 1100 et
938 1032 1104 1112 consilium
1120 1036 1204 1102 dant
1221 1060 1294 1125 quo

257 1145 353 1212 mado
377 1146 511 1212 debeam
533 1147 693 1236 corrigere
709 1168 836 1224 errores
855 1165 957 1219 meos,
972 1157 1005 1210 et
1022 1145 1199 1210 emendare
1220 1169 1291 1234 pec·

258 1255 351 1322 catal
371 1255 487 1322 Vendit
514 1255 592 1333 mibi
620 1255 726 1320 Esaias
748 1255 879 1334 arietem
901 1255 943 1320 ad
965 1251 1217 1320 sacrificandum
1240 1279 1291 1343 pro

257 1377 403 1454 peccato,
418 1388 495 1432 curn
512 1364 588 1431 mibi
607 1364 699 1440 dicit,
717 1377 867 1451 tanquam
882 1385 921 1428 ex
942 1365 1000 1430 Dei
1020 1388 1157 1452 persona
1173 1387 1183 1430 t
1204 1366 1286 1430 «llo-

257 1472 423 1540 »locaustn
441 1476 589 1548 arietum,
603 1485 637 1540 et
650 1475 760 1562 adipes
781 1495 949 1560 agnorum,
965 1486 997 1538 ot
1018 1473 1212 1562 sanguinem
1231 1475 1286 1540 bir-

259 1605 398 1650 »carum
409 1596 442 1650 et
453 1596 620 1650 taurorum
632 1580 707 1648 nolo
716 1581 738 1648 ².
755 1610 768 1644 s
783 1581 824 1646 Et
834 1580 1003 1669 paulopost
1012 1584 1202 1672 subjungit:
1216 1586 1290 1650 :Au-

257 1691 367 1756 »serte
382 1693 536 1779 nequitias
551 1694 592 1756 ab
612 1691 727 1758 animis
751 1689 874 1763 vestris,
892 1713 908 1754 a
929 1701 1102 1778 conspectu
1125 1690 1289 1758 oculorum

259 1827 272 1862 a
290 1812 465 1866 vestrorum
481 1821 489 1862 ε
508 1799 621 1865 discite
637 1801 761 1865 bonum
776 1799 893 1874 lacere,
910 1798 1021 1887 eripite
1038 1800 1194 1886 injuriam
1210 1802 1286 1867 acci-

261 1935 275 1968 »
296 1907 602 2000 piantem,judicate
611 1905 746 1996 pupillo,
759 1919 791 1972 et
803 1905 973 1993 justificate
985 1908 1112 1974 viduam
1120 1933 1132 1982 3
1148 1923 1182 1974 et
1193 1910 1283 1976 venite

259 2043 272 2075 s
288 2015 497 2103 disputemus,
514 2017 592 2084 dicit
611 2017 776 2084 Dominus.
799 2017 837 2080 Et
858 2017 883 2080 si
905 2016 1022 2081 luerint
1043 2031 1178 2106 peccata
1197 2033 1284 2084 restra

259 2149 272 2184 a
290 2134 327 2210 ut
335 2121 544 2210 phaenicium,
558 2136 592 2190 ut
603 2125 708 2192 nivem
718 2122 891 2197 dealbabor
904 2125 929 2188 si
940 2137 1047 2190 autem
1058 2140 1093 2190 ut
1107 2130 1278 2201 coccimm,

260 2256 273 2290 s
291 2239 324 2294 ut
339 2226 444 2297 lunam
467 2233 637 2301 candidam
655 2231 824 2299 efficiam⁸.
840 2260 852 2294 ι
869 2230 986 2298 Vendit
1009 2234 1086 2300 mibi
1107 2237 1238 2302 arietem
1256 2247 1286 2300 et

260 2336 373 2404 Daniel
388 2364 463 2408 cum
480 2343 570 2419 dicit,
587 2344 661 2430 quia
681 2365 769 2408 «non
784 2353 833 2407 est
848 2339 936 2408 locus
947 2344 988 2408 ad
1002 2343 1249 2411 sacrificandam
1259 2346 1289 2411 in

260 2475 274 2508 a
290 2465 465 2540 conspectu
481 2464 550 2528 tuo,
568 2466 602 2518 ut
617 2453 773 2540 possimus
789 2452 930 2518 invenire
945 2452 1198 2520 misericordiam.
1221 2455 1291 2520 Sed

261 2560 321 2626 sin
338 2562 442 2627 anima
464 2559 677 2630 contribulata
693 2573 725 2624 et
746 2561 858 2647 spiritu
877 2561 1064 2630 humilitatis
1083 2563 1291 2650 suscipiamur

261 2667 374 2756 »uelut
395 2670 428 2735 in
443 2669 645 2736 multitudine
662 2693 817 2757 agnorum
839 2671 1019 2760 pinguium,
1039 2673 1085 2738 sic
1102 2672 1158 2738 lint
1175 2672 1292 2740 sacrili-

258 2803 272 2837 s
288 2776 374 2840 cium
388 2792 533 2844 nostrum
548 2779 580 2843 in
593 2789 768 2865 conspectu
780 2790 834 2843 tuo
852 2779 946 2846 hodie
958 2781 979 2844 ⁴.
997 2809 1010 2843 s
1026 2780 1145 2848 Vendit
1158 2783 1252 2848 nobis
1262 2794 1292 2847 et

260 2883 363 2948 David
378 2887 508 2952 arietem
522 2886 683 2962 sacrificii,
696 2909 771 2952 cum
787 2887 864 2953 dicit
879 2911 887 2953 ε
911 2889 1137 2957 «Sacrificium
1153 2893 1222 2958 Deo
1236 2892 1293 2982 spi·
1321 2918 1324 2926 ·

260 2992 369 3058 »ritus
392 2997 636 3074 contribulatus,
658 3022 714 3063 cor
736 2999 910 3066 contritum
930 3012 964 3066 et
983 2999 1189 3068 humiliatum
1211 3003 1293 3069 Deus

261 3129 273 3161 s
291 3123 354 3166 non
368 3105 516 3194 spernit‘.
533 3136 545 3168 s
566 3108 648 3172 Cum
659 3131 735 3197 ergo
751 3106 865 3196 singuli
879 3110 1124 3197 Prophetarum,
1140 3112 1289 3178 veletiam

262 3210 498 3298 Apostolorum,
514 3216 681 3282 corasiliurn
698 3216 746 3282 bis
767 3217 820 3304 qui
843 3216 1031 3306 delinquunt
1049 3219 1212 3295 dederint,
1232 3242 1293 3307 quo

262 3320 385 3404 possint
400 3323 558 3411 corrigere
573 3325 622 3390 vel
642 3326 811 3392 emendare
827 3340 1008 3415 peccatum,
1026 3330 1140 3398 merito
1157 3332 1208 3398 his
1227 3355 1294 3400 van

265 3428 381 3494 didisse
396 3432 508 3498 arietes
523 3435 564 3500 ad
578 3436 769 3502 sacrificium
783 3436 984 3504 videbuntur.
1001 3439 1087 3518 Quid
1099 3456 1211 3510 autent
1224 3465 1294 3533 pre·

261 3536 295 3600 tii
309 3560 326 3601 a
340 3541 596 3626 comparantibus
608 3555 746 3618 sumant,
759 3541 851 3618 illud,
865 3547 989 3634 opinor,
1002 3547 1127 3636 legendi
1140 3554 1293 3626 studium,

258 3642 376 3734 vigilias
399 3647 546 3740 audiendi
571 3652 658 3717 verbi
680 3652 750 3728 Dei,
772 3663 804 3720 ct
826 3675 921 3742 super
946 3658 1050 3722 omnia
1072 3658 1292 3746 dignissimum

291 3801 402 3872 ‘mliii'
415 3821 473 3868 ην,
485 3827 507 3874 9.
522 3837 552 3848 -
562 3809 573 3842 ²
583 3809 639 3862 lsai.
661 3829 677 3871 ι,
691 3827 729 3861 ιι.
740 3811 790 3849 -⁸
804 3812 873 3866 llsid.
895 3814 933 3875 16,
948 3831 985 3880 ιγ,
1001 3815 1037 3867 ι8.
1051 3843 1081 3854 -
1097 3816 1191 3872 ‘Dum
1202 3816 1243 3882 ris,
1254 3821 1291 3880 38,

257 3874 338 3942 sp·
353 3877 362 3910 ⁵
377 3878 540 3950 Paul.r.s,19.
