2776 4616
255 285 318 364 din
702 281 847 345 osismus

258 439 423 494 sternetur
439 427 533 515 ipso¹.
549 455 561 488 ι
578 427 660 501 Νοιι,
679 426 794 513 inquit,
811 425 926 490 habeas
943 424 1037 490 tulum
1054 425 1241 514 opinionem
1259 425 1300 488 de

254 538 336 613 Deo,
355 550 389 602 ιιι
408 550 499 625 putes
514 557 588 600 ειιιιι
604 559 671 600 esso
687 537 769 601 sicut
785 535 961 610 hominem,
976 536 1029 623 qui
1052 537 1083 600 in
1104 534 1140 600 iis
1159 559 1233 623 quae
1250 535 1299 600 io-

257 647 364 734 quitur
387 645 529 712 frustrari
554 645 661 732 possit.
681 645 832 710 Homines
849 645 934 710 onim
951 641 1058 709 multis
1073 644 1300 709 occasionibus

256 766 289 822 et
311 753 394 820 vitiis
418 753 636 841 impediuntur
659 777 699 818 ne
722 775 832 818 verum
855 753 895 817 sit
917 752 1003 840 quod
1019 750 1195 840 loquuntur
1215 777 1224 818 ι
1246 767 1300 818 aut

150 915 155 926 .
200 921 203 931 ,
257 864 328 928 irati
340 863 425 928 enim
436 860 623 950 loquuntur,
641 876 672 928 et
686 863 729 928 ira
743 876 886 932 cessante
897 862 1013 929 frustra
1026 849 1124 930 incuti
1137 877 1233 937 sunt;
1246 879 1299 929 aut

257 983 375 1055 metus,
387 984 442 1038 aut
454 973 647 1060 cupiditatis,
662 983 717 1038 out
728 974 888 1060 jactantiae
902 974 1015 1061 gratia,
1034 971 1165 1062 aliisque
1181 973 1299 1039 hurum
1362 1024 1363 1043 ι

258 1081 425 1158 similibus,
448 1095 479 1149 et
497 1084 606 1172 utique
628 1083 744 1148 frustra
767 1084 829 1149 orit
845 1095 877 1148 et
900 1107 1014 1150 vanum
1030 1105 1126 1149 omno
1141 1085 1298 1172 quidquid

257 1192 333 1260 vitio
347 1193 531 1260 dominante
555 1192 651 1260 incuti
667 1204 751 1258 sunt.
769 1193 855 1258 Deus
871 1205 990 1266 nutem,
1010 1193 1122 1280 inquo
1142 1192 1232 1260 mdia
1253 1208 1300 1258 est

258 1302 374 1391 passio,
397 1301 484 1368 nulia
504 1301 668 1392 fragilitas,
689 1323 782 1368 omno
798 1302 885 1390 quod
908 1302 1034 1378 dixerit,
1055 1326 1113 1391 pro
1129 1326 1300 1370 onrrsarum

257 1412 377 1478 meritis
394 1413 494 1480 dicit:
514 1425 546 1477 ει
562 1414 633 1478 idoo
648 1432 812 1499 nunquam
823 1409 976 1480 'frustrari
993 1421 1109 1499 potest,
1123 1411 1197 1498 quia
1213 1414 1298 1500 quod

256 1523 379 1588 ratione
402 1521 563 1610 profertur
581 1544 689 1588 curere
711 1543 775 1586 non
798 1531 903 1607 potest
923 1521 1045 1586 ratione
1065 1542 1073 1584 :
1095 1546 1108 1580 ι
1127 1520 1299 1611 Nonus-go

257 1659 269 1694 s
286 1633 371 1700 Deus
387 1634 469 1698 sicut
485 1632 594 1706 homo,
613 1632 665 1718 qui
681 1631 795 1696 frustra
814 1628 978 1717 loquutur3
996 1653 1099 1718 nequa
1118 1631 1202 1697 sicut
1214 1631 1299 1697 filius

252 1774 269 1808 ιι
287 1743 425 1813 hominis
441 1755 615 1816 terretur,r
632 1742 679 1808 rei
699 1743 755 1828 (ιιι
767 1742 797 1806 ἰιι
811 1740 879 1806 aliis
891 1739 1126 1829 exemplaribus
1138 1739 1295 1831 degimus)

269 1875 396 1941 «neque
409 1853 491 1918 siout
503 1849 585 1916 itlius
594 1851 730 1918 hominis
743 1861 849 1916 torret.
867 1851 924 1916 alo
938 1850 1123 1916 iromioibus
1136 1851 1298 1916 interdum

259 1965 447 2031 sententiam
461 1974 563 2027 mutat
577 1975 690 2038 terror,
705 1962 789 2026 Deus
805 1973 925 2036 nutem,
939 1962 992 2047 qui
1009 1984 1102 2049 supra
1116 1960 1221 2026 omnia
1235 1973 1298 2038 est,

259 2095 356 2160 aquo
369 2073 478 2137 terreri
498 2071 619 2161 potest,
637 2083 671 2140 ut
691 2073 880 2139 sententiam
897 2071 1020 2136 mutet?
1040 2072 1073 2136 Si
1090 2095 1165 2136 vero
1180 2095 1299 2136 secun-

259 2182 338 2248 dum
351 2180 413 2248 hoo
436 2180 642 2270 accipiamus,
662 2181 748 2269 quod
767 2181 799 2246 in
819 2179 886 2247 aliis
901 2180 1135 2270 exemplaribus
1158 2183 1299 2248 diximus

258 2290 390 2367 lectum,
413 2291 549 2366 honest,
566 2318 578 2350 ι
592 2314 696 2379 nequo
711 2291 794 2356 sieut
809 2289 893 2355 filius
909 2290 1046 2356 hominis
1060 2303 1200 2366 terret»
1220 2291 1300 2358 iliud
1374 2333 1375 2336 =

258 2385 417 2470 videbitur
436 2401 499 2468 diei
512 2401 597 2488 quod
614 2401 759 2468 homines
774 2400 903 2489 quidem
920 2401 1081 2468 interdum
1096 2425 1154 2490 pro
1171 2403 1300 2490 jactan-

182 2487 189 2503 '
259 2514 301 2580 tia
326 2514 462 2577 'terrores
478 2511 598 2578 iaciunt
613 2523 646 2576 et
666 2512 780 2586 minas,
799 2511 896 2576 otiam
913 2512 950 2576 iis
971 2533 1202 2599 nonnunquam
1224 2515 1299 2600 qui·
1374 2515 1375 2518 ’

259 2625 319 2690 bns
335 2645 450 2688 nonore
475 2644 536 2686 non
551 2632 684 2709 possunt
694 2645 704 2694 s
719 2623 804 2688 Deus
821 2633 927 2686 eutem
945 2645 1008 2688 non
1025 2633 1123 2688 terrst
1138 2623 1180 2687 ito
1197 2622 1300 2688 homi-

260 2757 329 2807 nes,
346 2732 434 2820 quasi
446 2733 498 2817 qui
514 2711 625 2819 punire
642 2753 704 2796 noo
718 2730 829 2817 possit,
845 2743 878 2795 ot
889 2731 914 2795 si
928 2743 1038 2806 terret,
1052 2731 1295 2798 rationotsrrst.

261 2841 372 2909 Terret
380 2842 465 2906 enim
479 2852 513 2903 ιιι
523 2839 674 2926 corripiat
683 2839 845 2906 hominem
855 2840 887 2904 in
899 2839 1068 2905 auditionis
1077 2839 1298 2914 tribulatione,
1366 2917 1373 2934 Ι

262 2948 1300 3040 utverbocomminutionisdeterritusntnendetsequiursleagit,

261 3083 321 3128 noo
336 3060 498 3149 perveniat
510 3041 550 3125 ad
567 3081 642 3124 eum
654 3059 718 3145 ipsa
731 3058 870 3124 vindicta
881 3057 964 3124 mile
976 3071 1137 3148 gestorum
1151 3081 1296 3127 suorum.

261 3171 331 3238 Non
344 3193 419 3259 ergo
431 3172 472 3236 ito
485 3171 570 3236 Deus
583 3180 681 3234 torret
693 3181 727 3233 ut
740 3168 836 3236 homo
851 3192 859 3234 ι
876 3169 971 3234 homo
985 3170 1084 3246 enirn,
1097 3181 1131 3233 nt
1144 3171 1298 3246 diximus,

262 3303 320 3370 pro
334 3281 498 3368 jactantia,
514 3280 599 3344 Deus
618 3301 691 3342 roro
707 3301 765 3366 pro
779 3279 1002 3356 emendatione
1018 3290 1125 3343 terret.
1162 3301 1165 3306 ’

306 3391 359 3458 lV.
380 3389 454 3455 Post
469 3389 538 3457 haeo
549 3390 614 3455 ait:
636 3418 648 3449 ι
670 3389 739 3477 ipse
752 3414 824 3455 curn
838 3389 964 3464 dixerit,
981 3411 1044 3455 non
1061 3390 1180 3455 saciati
1194 3389 1304 3478 ioan-

261 3531 275 3564 a
291 3513 354 3578 tur,
375 3513 406 3566 et
422 3525 484 3566 non
507 3499 740 3588 pernrnnebit²i
759 3500 841 3565 »stc
856 3497 1007 3588 iege‘ndus
1022 3513 1070 3565 est
1091 3498 1193 3575 locus,
1211 3503 1304 3587 qrrosi

261 3613 484 3708 interrogantis
496 3611 613 3678 utiocto
630 3612 716 3677 dicat
736 3635 743 3676 ι
759 3612 841 3699 ipse,
858 3611 919 3676 hoe
935 3623 982 3677 est
994 3611 1092 3686 Deus,
1105 3612 1191 3698 quod
1209 3613 1302 3686 dirit,

263 3747 371 3793 nonne
386 3735 418 3789 et
438 3723 557 3788 sociati
571 3735 604 3786 ει
623 3745 694 3809 quse
711 3720 835 3788 locutus
853 3721 960 3798 fuerit,
978 3745 1083 3788 nonne
1100 3725 1303 3810 permanebit

262 3836 296 3908 in
310 3833 378 3899 eis?
394 3855 468 3900 oum
489 3833 596 3917 utiquo
611 3829 756 3896 homines
772 3855 835 3896 non
850 3832 964 3900 iaciant
985 3853 1053 3920 quas
1066 3832 1190 3907 dicunt,
1208 3845 1239 3898 et
1253 3835 1302 3898 vi·

297 3967 304 4002 ¹
318 3959 658 4024 ttunt.xno,19.-²tbt‹t.
