2706 4624
5 4 31 192 l
147 200 153 208 ,

5 239 11 382 l

5 777 7 796 l

373 354 405 396 su
429 353 570 398 nuuunos
592 356 722 400 uousnrs
748 357 775 400 s.
827 375 829 382 ,
1027 340 1090 404 tos

73 473 194 540 diorum
209 471 306 538 lsrael
321 471 476 559 loquitur,
493 496 557 540 aon
572 473 649 539 dicit
664 497 759 562 opera
781 498 930 566 operum,
950 478 1006 546 aed
1024 475 1089 546 sola

71 603 162 670 apem.
178 579 240 646 Ubi
253 601 328 646 roro
343 579 384 644 de
399 579 511 646 officiis
523 578 716 656 Levitarum,
730 605 795 648 non
807 582 886 651 dicit
900 581 966 650 sola
979 605 1089 671 opera,

71 693 115 759 sed
131 715 225 781 opera
244 713 389 779 operum.
409 689 500 756 Siout
517 691 604 758 enim
624 704 699 762 aunt
714 693 860 780 quadem
878 705 1001 768 saneta,
1017 707 1092 760 sunt
1170 693 1178 706 '

5 803 7 836 ¹
70 813 162 868 autem
180 798 289 866 atalia
309 811 418 869 sancta
438 810 621 866 sanctorum
635 801 702 870 :ita
717 815 791 868 suat
813 803 960 892 quaedam
979 827 1090 892 oparp.

68 923 95 976 et
105 909 159 976 slis
181 931 278 998 opera
300 931 446 998 operum.
469 907 559 976 Unde
574 909 699 976 videtur
714 912 792 980 mihi
808 914 880 1001 quia
896 911 1019 1002 Moyses
1037 914 1092 980 ubi

69 1020 152 1086 sensit
164 1042 234 1086 esee
251 1017 395 1107 quadam
411 1041 505 1107 opera
524 1017 654 1086 visibilia
670 1019 812 1107 quidem.
831 1021 888 1090 sed
909 1022 1025 1110 quibus
1044 1021 1090 1088 in·

5 1113 7 1152 ³
69 1144 138 1196 oret
152 1130 284 1196 interior
294 1127 353 1195 alia
370 1129 504 1218 mystica
518 1141 553 1199 et
566 1129 692 1197 oconltn
708 1131 1009 1222 intelligentialem
1024 1155 1089 1200 noa

71 1239 157 1307 solnm
171 1263 282 1332 opera,
300 1241 356 1306 sed
370 1263 467 1329 opera
482 1263 615 1330 operum
633 1241 758 1316 dixerit:
771 1267 843 1332 qnos
858 1267 934 1310 vero
948 1267 1092 1311 commu,

73 1353 124 1428 nia,
139 1365 170 1419 et
187 1351 354 1442 praeaentis
368 1349 472 1417 solnm
487 1352 640 1440 temporis
655 1375 751 1442 opera
768 1351 935 1429 intellexit.
951 1354 1022 1422 hae
1036 1376 1089 1422 ao·

74 1460 124 1529 lam
137 1487 228 1554 opera
246 1463 467 1530 nominaverit.
484 1461 566 1530 Sunt
580 1486 656 1552 argo
679 1465 824 1552 quaedam
840 1487 936 1554 opere
954 1487 1090 1554 operum

77 1598 195 1666 qaarga
208 1587 290 1666 puto
310 1597 379 1641 esse
393 1573 499 1640 omnia
515 1573 597 1649 hae,
617 1576 657 1642 de
679 1575 795 1662 quibus
817 1575 867 1643 vel
888 1577 921 1644 in
943 1579 1090 1666 praesenti

79 1683 267 1763 lectionesa!
283 1686 316 1752 in
332 1685 443 1752 Exodo
462 1697 495 1750 at
516 1685 639 1752 caeteris
656 1683 732 1752 locis
747 1688 807 1753 sub
825 1686 960 1755 oonultia
976 1687 1090 1776 praeei·

83 1795 146 1880 plur
163 1797 331 1886 mysteriis,
351 1808 384 1860 et
402 1819 461 1884 pro
479 1806 571 1884 parte
593 1795 625 1861 iu
647 1797 807 1884 praesenti,
825 1821 885 1887 pro
904 1787 994 1887 parte
1013 1821 1089 1866 voro

85 1905 214 1993 explendis
227 1909 261 1974 in
277 1907 433 1972 futurum.
449 1903 530 1987 Qnae
544 1917 652 1972 tamen
670 1906 721 1993 (ut
736 1907 885 1997 diximus)
901 1931 997 1998 opera
1009 1932 1089 1998 ope·

88 2035 154 2088 ram,
174 2039 229 2082 non
250 2013 394 2088 cuilibet,
413 2013 470 2078 aed
490 2013 605 2080 Levitis
622 2012 695 2079 solia
710 2013 864 2082 tradendo
880 2015 1083 2088 mandantur,

88 2123 202 2189 Etinter
215 2125 333 2192 levitas
352 2123 436 2213 ipsos
456 2147 521 2190 non
543 2124 630 2213 prius
651 2124 693 2189 sd
711 2123 780 2195 haee
801 2148 897 2214 opera
918 2127 1087 2214 quisquam

95 2243 215 2308 sonatur,
229 2237 282 2300 nisi
301 2261 317 2301 a
333 2235 486 2302 vicesimo
506 2235 637 2302 domum
655 2247 688 2300 et
710 2236 822 2324 quinto
836 2260 921 2304 anno
935 2238 1007 2304 vitae
1021 2261 1087 2304 auae

101 2363 182 2430 usque
194 2343 227 2408 ad
239 2347 518 2437 quinquagesimum
521 2393 616 2411 .......
958 2327 969 2342 ἡ

130 2499 196 2518 ······
211 2454 345 2546 Oportet¹
361 2482 439 2548 ergo
453 2445 579 2547 operari
600 2455 725 2524 Levitae
744 2458 778 2526 iu
800 2457 916 2523 sanetis
932 2481 1033 2546 usque
1046 2458 1087 2524 ad

86 2562 278 2656 quinquaginta
308 2591 423 2643 annos,
452 2565 615 2634 inferiores
643 2565 773 2654 quidem
804 2588 913 2656 opera,
940 2565 1087 2634 meliores

82 2693 142 2738 saro
153 2697 238 2762 opera
247 2700 401 2766 operume
415 2677 533 2744 horum
542 2686 652 2741 autern
667 2676 858 2765 superiores.
871 2674 1086 2764 spiritualibus

81 2779 169 2848 officiis
185 2785 354 2863 deservire,
373 2797 406 2854 et
426 2787 558 2852 introire
578 2785 610 2851 in
630 2795 739 2852 saneta
761 2795 958 2862 sanatorum,
977 2785 1085 2873 ibique

73 2895 175 2979 operire
186 2919 255 2984 quse
264 2896 437 2985 operienda
449 2906 536 2969 sunt.
548 2906 581 2960 ot
592 2893 718 2960 tradere
732 2891 805 2960 liliis
817 2893 918 2960 Gaath
929 2892 1084 2983 portanda

71 3001 203 3083 humeris,
221 3020 256 3073 et
278 3007 426 3073 manibus
442 3002 616 3071 evehenda.
637 3001 750 3068 Sedet
765 2999 893 3090 reliquie
913 3002 1084 3090 uniruique

66 3119 275 3185 seeundumea
286 3139 359 3208 quan
374 3118 439 3205 jam
453 3113 598 3204 superius
613 3137 695 3202 saepo
710 3112 840 3180 disserta
853 3125 928 3178 sunt
939 3111 1086 3180 ordinan-

64 3235 114 3291 tar.
134 3227 250 3296 Verum
266 3253 308 3298 ne
325 3225 420 3294 nimia
437 3225 508 3292 haeo
526 3224 798 3313 operimentorum
814 3220 1082 3290 velamentorum·

61 3338 244 3422 quarantela
258 3335 513 3426 desperationem
525 3330 696 3421 quamdam
711 3343 745 3396 et
759 3330 942 3396 maestitiam
953 3342 1084 3419 generat

60 3449 259 3526 auditoribus,
273 3470 374 3538 panea
389 3445 493 3535 aliqua
510 3466 581 3532 quaa
601 3455 633 3508 et
647 3441 740 3510 nobis
757 3441 895 3530 pandere
909 3453 1015 3506 tutum
1030 3441 1083 3516 eit,

59 3568 86 3619 et
98 3561 182 3626 robis
203 3560 251 3626 ias
272 3560 312 3624 sit
331 3557 484 3648 aspicere,
504 3554 656 3643 quoniam
671 3551 801 3640 quidem
820 3551 870 3638 (ut
889 3552 978 3641 prius
1000 3553 1084 3618 dixi—

61 3675 128 3760 nas)
145 3695 250 3763 genua
264 3668 371 3760 regale
386 3681 420 3734 et
433 3665 661 3747 sacerdotium,
678 3685 754 3752 gena
776 3674 884 3732 saneta
899 3675 932 3730 et
948 3660 1085 3752 populus

58 3777 286 3870 iaaquisitione
302 3775 378 3848 dieti
401 3775 544 3851 sismus’.
560 3775 684 3866 aperire
705 3774 908 3844 tentabimus.
924 3770 1086 3866 intellige·-

94 3913 142 3963 'il.
152 3915 179 3963 5.
189 3931 217 3978 p.
228 3913 287 3970 265,
301 3911 355 3962 aas,
577 3907 588 3940 ²
604 3923 613 3954 ι
629 3906 683 3958 Pet.
696 3921 725 3965 u,
739 3906 762 3954 5.

177 4029 222 4074 11·
933 4013 976 4056 ⁵20
