2748 4596
149 167 152 174 Ι
218 193 259 255 56
665 213 807 258 ourenxrs

142 358 145 364 ·
218 333 349 423 »legerit
359 333 452 399 lesus
464 334 495 398 in
512 333 640 398 auribus
655 335 750 398 totius
766 329 914 398 Ecclesiae
929 326 1053 395 lsrael&
1067 355 1080 389 ι
1092 329 1131 393 Et
1147 330 1247 417 primo

216 439 326 529 legisse
342 441 374 504 in
394 441 541 516 auribus,
559 441 719 505 videamus
737 439 813 526 quid
830 437 987 504 indicet...

262 547 320 612 lX.
384 545 657 612 Novit²Dominus
670 541 1029 610 nosterlesusessealias
1039 565 1129 608 aures
1138 553 1249 630 praeter
1355 593 1356 620 q

215 655 291 718 istas
311 647 471 727 carnales,
485 677 561 739 quas
578 654 616 718 ad
629 654 818 718 audientiam
840 654 1007 718 verborum
1022 673 1152 714 suorum
1168 662 1199 714 et
1211 649 1256 730 ad¹

220 760 413 825 audientiam
425 758 501 848 legis
517 761 657 846 requirit.
674 760 763 824 Unde
776 772 807 823 et
819 761 852 823 in
863 755 1031 844 Evangelio
1046 767 1247 844 posteaquam

218 867 259 930 de
275 865 403 954 singulis
414 890 484 955 quae
497 862 663 955 oportebat
679 868 825 942 edocuit,
838 867 922 931 addit
937 877 969 928 et
982 865 1057 930 dicit
1072 887 1079 928 :
1099 863 1188 942 «Qui
1199 864 1248 928 ba-

217 976 295 1040 abet
315 995 404 1038 aures
427 974 574 1040 audiendi
591 974 728 1039 audint³.
754 1002 766 1035 ι
787 973 883 1054 Quod
898 973 1007 1058 utique
1022 971 1047 1036 si
1066 971 1107 1034 de
1123 972 1248 1036 auribus

217 1081 343 1146 dixisset
358 1080 556 1156 carnalibus,
573 1081 768 1169 superfluum
783 1081 953 1146 videretur.
969 1078 1069 1144 Nemo
1083 1077 1169 1142 enim
1187 1101 1247 1143 non

214 1187 336 1252 habens
352 1211 442 1253 aures
457 1189 497 1254 ad
511 1189 607 1254 verba
623 1190 691 1276 ejus
708 1189 863 1254 audienda
879 1197 1080 1252 convenerat.
1095 1185 1160 1250 Sed
1175 1210 1243 1275 quo

212 1295 298 1361 niam
312 1296 430 1360 sciebat
440 1296 472 1359 in
489 1296 616 1361 auribus
629 1296 786 1361 interioris
797 1295 952 1368 heminis,
964 1293 997 1358 id
1008 1304 1075 1366 est,
1088 1289 1248 1358 intellectu

212 1398 339 1474 cordis,
357 1399 454 1486 recipi
471 1399 586 1465 debere
602 1422 671 1486 quae
688 1401 770 1466 dieta
787 1411 860 1467 snm
879 1422 886 1462 :
908 1396 1005 1495 (quid
1021 1399 1109 1460 enim
1123 1397 1248 1483 prodest
1355 1411 1356 1466 ξ

214 1506 322 1570 audire
339 1529 538 1587 sermonem,
555 1507 579 1570 si
595 1530 658 1571 non
676 1508 849 1572 retineatur
865 1517 897 1568 et
912 1518 1055 1568 servetur
1069 1503 1102 1566 in
1117 1503 1245 1590 cordol)

211 1614 336 1678 idcirco
358 1635 448 1678 aures
469 1614 507 1678 ab
531 1613 727 1678 auditoribus
747 1615 945 1702 exposcebat.
965 1612 1035 1675 llcc
1056 1632 1134 1698 ergo
1157 1613 1247 1676 etiam

210 1717 368 1793 nunc,vel
378 1743 453 1783 cum
462 1720 631 1807 Scripturas
644 1721 675 1784 in
683 1719 822 1786 Ecclesia
835 1719 997 1809 leguntur,
1007 1715 1141 1782 veleum
1148 1741 1246 1782 sermo

211 1825 438 1912 explanationis
459 1827 618 1913 profertur
632 1827 672 1892 ad
692 1827 867 1915 populum,
883 1827 1056 1915 Scripturas
1077 1827 1245 1891 auetorita-

212 1939 279 1991 tem
294 1939 459 2013 sequentes
478 1929 630 2005 dicimus,
648 1929 749 1996 videte
765 1953 804 1996 ne
818 1929 962 2019 legantur
978 1929 1106 2016 quidam
1123 1931 1163 1994 ab
1174 1929 1249 1994 Jesu

215 2034 311 2098 verba
323 2035 412 2122 Legis
422 2084 431 2110 ‚
441 2037 496 2099 sed
508 2035 746 2125 quamplurimis
758 2036 971 2125 nonlegantur
984 2059 991 2101 :
1002 2037 1076 2123 quia
1087 2037 1182 2102 lesus
1192 2036 1250 2102 illis

206 2138 289 2228 'legit
301 2141 415 2228 Legem
425 2191 434 2217 ‚
444 2145 497 2230 qui
510 2153 599 2209 aure's
616 2145 783 2210 habuerint
795 2145 952 2210 audiendi.
969 2144 1033 2209 Sed
1046 2156 1078 2209 et
1089 2145 1179 2232 quod
1194 2146 1252 2210 ad-

212 2247 316 2335 junxit
341 2249 380 2312 ad
396 2248 570 2314 Ecclesiam
592 2252 719 2318 Domini
739 2253 833 2318 etiam
854 2251 1022 2326 mulieres,
1044 2251 1200 2327 infantes,
1221 2265 1253 2318 et

211 2353 406 2444 proselytos,
420 2357 444 2420 si
458 2359 585 2445 quidem
598 2360 765 2448 separatim
779 2357 988 2448 intelligamus
1000 2357 1151 2423 mulieres
1163 2372 1198 2424 et
1210 2361 1255 2425 in·

210 2461 311 2526 lantes
332 2475 364 2526 et
382 2463 580 2552 proselytos,
601 2478 632 2529 et
650 2489 704 2530 eos
722 2465 808 2532 velut
826 2465 986 2555 sequelam
1005 2464 1168 2553 quandam
1186 2491 1255 2534 esse

211 2569 381 2633 sentiamus
401 2569 570 2647 Ecclesiae‚
594 2574 742 2658 quoniam
759 2574 819 2638 rin
838 2575 933 2638 domo
956 2597 1154 2662 magnanon
1180 2588 1258 2640 sunt

212 2678 455 2743 »tantummodo
469 2703 540 2744 vasa
552 2703 646 2745 aurea
662 2693 694 2744 et
706 2693 853 2769 argentea
866 2733 875 2757 ‚
890 2682 944 2746 sed
958 2693 990 2746 et
1005 2680 1108 2770 lignea
1124 2696 1157 2746 et
1175 2683 1259 2748 fieti-

212 2783 293 2847 ‚tia‘
310 2808 343 2848 s:
362 2785 497 2850 dicimus
512 2787 586 2850 viris
601 2789 731 2874 quidem
746 2789 880 2854 sortibus
894 2789 1009 2853 fortem
1024 2789 1104 2854 tradi
1119 2791 1260 2866 cibum,

210 2887 270 2952 illis
293 2888 458 2966 videlicet,
479 2893 519 2956 de
540 2895 653 2979 quibus
675 2893 844 2983 Apostolus
870 2895 946 2960 dicit
969 2919 977 2960 :
1000 2896 1261 2964 «perlectorum

213 3008 341 3060 »autem
370 3010 417 3062 est
443 2997 560 3064 solidus
584 3002 705 3077 eibus⁵,
729 3027 797 3068 »ex
821 3004 935 3090 quibus
957 3004 1022 3091 ipse
1044 3005 1103 3068 sibi
1125 3029 1264 3095 praepa-

214 3114 262 3166 rat
278 3129 290 3162 a
306 3102 479 3170 Ecclesiam
502 3131 565 3171 non
585 3107 755 3173 habentem
777 3109 953 3185 maculam,
973 3121 1026 3175 aut
1042 3133 1179 3199 rugam,
1206 3128 1263 3178 aut

211 3207 353 3295 »aliquid
376 3210 507 3277 horum¹
523 3239 562 3278 »:
584 3237 638 3279 eos
662 3239 733 3280 vero
754 3240 832 3303 quos
859 3216 1046 3292 mulierum,
1068 3218 1120 3284 rel
1144 3222 1263 3288 inlan-

213 3316 310 3390 tium‚
338 3315 385 3380 vel
417 3319 648 3408 proselytorum
674 3323 881 3411 appellatione
912 3326 1064 3402 secernit,
1090 3327 1258 3418 intelliga-

247 3501 255 3532 ¹
270 3499 321 3543 dos.
335 3513 381 3544 xrtt
393 3535 400 3558 ,
413 3497 454 3547 35.
515 3504 520 3517 “

246 3591 257 3623 ²
270 3589 326 3650 Pag.
341 3592 387 3646 siat
402 3590 466 3647 ‚uol.
481 3608 493 3638 2
505 3593 544 3642 ,(Ϊ.

247 3672 358 3724 'Muta
378 3695 443 3740 xus,
463 3695 487 3744 9.
507 3707 534 3717 -
557 3676 597 3730 ⁴‘a
616 3684 680 3729 'tim
699 3699 737 3744 rs,
759 3701 798 3733 ao.
869 3685 964 3736 ‘tlelua
986 3705 1021 3747 v‚.
1040 3699 1078 3744 tt.
1095 3687 1265 3754 -OEplrrz

94 3785 97 3791 ¹
210 3781 238 3827 x,
261 3781 301 3832 ²7·

1353 3649 1356 3764 A

1352 3775 1356 3962 l
