2744 4624
245 225 288 288 till
694 252 837 295 oaraarus
904 267 908 275 ·

246 369 360 424 cerunt
373 358 463 424 mites
475 381 543 425 esse
558 372 590 424 et
602 359 737 426 humiles
748 361 878 438 corde¹‚
891 360 977 450 quod
992 358 1067 428 alibi
1082 359 1199 427 dicitur
1214 362 1277 450 spi·

179 479 181 484 ’
246 468 308 532 ritu
329 489 499 556 pauperes:
518 469 573 534 sed
596 467 660 534 lide
682 469 807 546 divites,
826 472 876 536 isti
896 471 1088 540 conveniant
1108 469 1149 536 ad
1170 468 1282 558 epulas

246 575 418 664 sapientiae,
431 586 463 642 et
480 577 613 664 dapibus
630 579 699 665 ejus
715 577 825 644 relecti
842 577 1001 668 depellant
1016 579 1132 646 lamam
1148 600 1219 665 que
1235 579 1283 643 in·

247 682 375 752 valescit
390 709 486 774 super
503 698 630 752 terram.
650 687 731 754 Vide
746 712 823 776 ergo
838 713 879 754 ne
898 701 931 756 et
951 700 987 754 tu
1009 689 1091 754 sorte
1112 689 1284 754 inveniaris

246 793 425 884 AEgyptius‚
440 807 473 861 et
487 797 628 862 obtineat
646 808 676 861 te
691 798 807 870 samen
823 821 863 864 ne
879 797 960 863 sorte
975 797 1081 864 aaeeuli
1094 799 1217 864 actibus
1229 821 1283 864 oc·

246 918 396 994 capatus,
407 917 462 970 aut
473 907 610 972 avaritiae
624 906 754 975 vinculis
765 909 905 984 strictus,
918 920 974 973 aut
985 907 1115 974 luxuriae
1126 907 1283 974 allusione

247 1015 416 1091 resolutus,
430 1015 550 1082 alienus
566 1016 711 1084 alliciaris
726 1041 743 1083 a
761 1018 920 1106 sapientiae
937 1017 1029 1093 cibis,
1040 1017 1095 1104 qui
1107 1037 1233 1104 semper
1248 1017 1282 1081 in
1304 1071 1306 1076 .

248 1127 306 1193 Dei
326 1126 466 1192 ecclesiis
485 1127 683 1194 exhibentur.
703 1127 736 1194 si
755 1129 841 1194 enim
862 1140 983 1193 avertas
1004 1127 1148 1193 auditum
1170 1130 1210 1192 ab
1231 1125 1283 1192 his

248 1260 318 1325 quaa
334 1236 381 1302 vel
392 1235 542 1326 leguntur
556 1237 587 1302 in
603 1236 749 1312 ccclesia,
762 1237 810 1303 vel
823 1237 1036 1324 disputantur,
1049 1237 1117 1302 sine
1129 1236 1227 1302 dubio
1238 1236 1283 1301 la·

247 1371 332 1412 mem
345 1347 430 1412 vcrhi
447 1347 506 1411 Dei
521 1347 658 1435 patieris.
676 1347 708 1412 Si
722 1371 796 1424 veru
808 1347 848 1411 de
861 1347 1022 1412 Abraham
1040 1347 1136 1435 stirpe
1152 1345 1283 1412 descen·

248 1456 316 1531 das,
340 1467 372 1520 et
393 1454 591 1520 nobilitatem
612 1454 775 1521 lsrablitici
793 1455 917 1543 generis
937 1455 1110 1528 custodias,
1130 1455 1232 1542 pascit
1250 1467 1281 1520 te

250 1587 376 1655 semper
394 1564 473 1638 Lex,
490 1575 625 1652 pascunt
643 1564 821 1654 Prophetas,
837 1565 989 1630 exhibent
1009 1565 1066 1630 tibi
1088 1576 1121 1630 et
1138 1562 1280 1653 Apostoli

249 1674 399 1764 opulenta
419 1673 575 1738 convivia.
599 1673 635 1738 ln
658 1673 779 1738 sinibus
793 1695 920 1760 quoque
936 1673 1111 1748 Abraham,
1131 1685 1162 1736 et
1176 1673 1276 1744 Isaac,

249 1799 281 1851 et
295 1784 410 1856 Jacob,
432 1783 464 1846 in
486 1804 586 1870 reguo
606 1780 707 1846 Patris
727 1783 915 1848 recumbere
933 1794 966 1848 te
984 1783 1159 1848 invitabunt
1172 1781 1274 1846 Evan-

248 1895 341 1986 gelia.
355 1907 390 1960 ut
404 1893 448 1960 ibi
462 1891 635 1958 manduces
647 1891 686 1957 dc
702 1890 787 1981 liguo
798 1893 883 1969 vitm,
896 1905 928 1958 et
943 1894 1033 1960 bibas
1045 1895 1154 1958 vinum
1166 1892 1205 1957 de
1216 1892 1279 1956 vite

248 2029 334 2080 vera,
351 2005 460 2070 vinum
475 2025 593 2067 navum
610 2024 683 2067 curu
700 2002 827 2068 Christo
844 2003 877 2067 in
892 2025 991 2090 reguo
1006 2003 1108 2069 Patris
1125 2003 1205 2090 ejus.
1232 2002 1280 2068 Ab

249 2115 297 2179 his
316 2113 401 2179 enim
424 2112 502 2178 cibis
521 2134 584 2176 non
608 2123 741 2199 possunt
762 2113 907 2199 jejunare
917 2135 983 2179 nec
1003 2113 1119 2178 tamem
1140 2112 1205 2201 pati
1226 2111 1282 2176 lilii

249 2225 367 2313 sponsi.
385 2223 488 2288 donec
503 2243 577 2288 cum
594 2222 668 2309 ipsis
682 2232 730 2288 est
744 2244 888 2311 sponsus.

293 2333 440 2398 Refertur
450 2353 525 2396 sanc
541 2332 572 2395 in
585 2331 866 2418 consequentibus,
878 2331 967 2419 quod
981 2343 1064 2397 terra
1079 2331 1280 2398 sacerdotum

250 2441 470 2532 AEgyptiorum
483 2462 546 2504 noo
561 2442 602 2505 sit
615 2438 648 2504 in
665 2441 848 2504 servitutem
861 2441 988 2506 redacta
1000 2441 1168 2516 Pharaoni,
1179 2461 1282 2528 neque

250 2577 325 2619 cum
346 2552 468 2618 cacteris
495 2547 651 2638 AEgyptiis
672 2549 871 2614 vendiderint
890 2550 1092 2638 semetipsos,
1118 2550 1174 2615 aad
1196 2549 1284 2640 quod

250 2663 445 2727 extrinsecus
457 2658 638 2746 acceperint
652 2655 700 2722 vel
716 2658 886 2733 frumenta,
899 2659 947 2724 vel
961 2681 1103 2736 munera,
1117 2683 1181 2725 non
1195 2683 1212 2724 a
1229 2659 1284 2726 Jo

251 2770 341 2858 seph,
359 2769 415 2834 sed
430 2768 469 2833 ab
486 2767 553 2855 ipso
568 2765 745 2841 Pharaone,
758 2779 791 2830 et
805 2779 935 2855 propter
949 2767 1012 2832 huc
1026 2779 1173 2856 tanquam
1191 2767 1285 2833 fami-

249 2881 392 2948 liariores
408 2877 542 2952 caeteris,
555 2899 619 2941 nun
635 2877 833 2943 vendiderint
849 2891 966 2944 terram
981 2901 1070 2944 suam
1082 2877 1256 2944 Pharaoni²
1272 2903 1281 2942 :

250 2991 305 3056 sed
326 3011 383 3077 per
403 2987 467 3052 hoe
487 2985 653 3072 nequiores
677 3007 745 3049 esse
765 2986 886 3050 ceteris
904 2987 1127 3061 ostenduntur,
1150 2986 1204 3074 qui
1223 3009 1281 3074 pro

252 3098 347 3165 nimia
369 3094 576 3162 familiaritate
597 3117 666 3182 quae
682 3108 749 3159 erat
769 3095 814 3159 eis
831 3117 904 3161 cum
925 3095 1101 3170 Pharaone,
1119 3093 1197 3161 nihil
1223 3096 1282 3160 im-

252 3203 436 3273 mutationis
457 3201 625 3290 recipiuut‚
643 3202 698 3266 sed
720 3216 908 3291 permanent
922 3204 954 3268 in
971 3203 1051 3271 mala
1069 3204 1279 3292 possessione:

251 3327 284 3381 et
299 3315 380 3380 sicut
404 3312 452 3376 his
467 3312 521 3397 qui
539 3311 570 3374 in
586 3311 648 3376 lide
663 3325 695 3376 et
715 3313 881 3377 sanctitate
904 3312 1103 3400 profecerant
1119 3313 1196 3378 dicit
1217 3312 1283 3377 Du-

251 3427 357 3518 minus
370 3445 378 3488 ε
392 3449 403 3483 ι
415 3424 485 3488 Jarn
507 3443 569 3487 nun
586 3423 658 3487 dico
673 3445 728 3486 vos
744 3445 864 3496 servos,
883 3422 937 3487 scd
953 3423 1106 3497 amicos⁸,
1121 3423 1186 3488 vita
1208 3422 1286 3487 dicit

176 3550 178 3556 ’
251 3549 283 3603 et
299 3535 364 3600 istis
379 3533 514 3606 Pharao,
527 3544 677 3618 tanquam
690 3533 742 3618 qui
759 3533 799 3596 asl
814 3555 973 3596 summurn
986 3535 1120 3621 gradum
1137 3533 1286 3619 nequitiae

250 3659 282 3711 et
298 3646 338 3710 ad
353 3641 564 3710 sacerdotium
580 3638 764 3728 perditionis
780 3643 979 3707 ascenderint
995 3643 1111 3708 :rJam
1131 3665 1195 3707 uon
1213 3643 1285 3707 dico

249 3775 463 3826 orassemus,
487 3749 542 3815 sed
555 3750 692 3828 amicos.
717 3751 882 3837 aDenique
907 3753 951 3816 vis
972 3755 1053 3818 scire
1069 3753 1144 3841 quid
1162 3752 1285 3818 intersit

283 3885 398 3934 ¹lllatth.
410 3899 434 3931 v.
449 3879 497 3918 -2
510 3879 575 3928 Gru.
589 3897 663 3928 xnvn.
678 3907 705 3918 -
720 3879 729 3914 ⁸
742 3881 816 3929 luno.
829 3884 918 3940 xv‚15.
