2706 4624
223 314 283 378 ope
663 275 805 342 onruurus

223 459 293 532 pter
310 437 479 508 nonnullos
495 459 605 501 eorum
622 435 676 520 qui
692 433 732 496 sd
748 428 943 493 audiendum
956 445 1019 488 nou
1035 419 1169 508 simplici
1187 440 1247 482 nec

223 551 305 616 fideli
322 560 427 613 mente
446 544 649 611 conveniunt.
674 542 721 604 De
741 536 930 624 quibusdum
954 533 1026 598 dico
1043 529 1248 596 catechume-

223 662 281 732 nis,
295 657 408 744 quihus
424 653 555 718 fortusse
569 645 713 715 nonnulii
733 645 829 709 etium
844 663 957 706 eorum
973 639 1026 725 qui
1049 639 1114 724 jum
1127 634 1250 720 huptis-

223 791 308 832 mum
326 763 488 830 consecuti
510 773 595 834 sunt,
612 757 782 822 socientur.
802 779 814 810 ι
830 751 902 816 Non
915 748 1001 813 enim
1016 767 1125 810 omnes
1140 743 1196 829 qui
1211 763 1251 804 ex

223 873 360 948 »lsrne'h
384 873 403 935 ii
429 883 499 936 sunt
521 866 671 933 israelitae
687 865 721 928 ¹:
742 891 754 924 s
776 883 878 947 neque
899 880 1009 922 omnes
1030 855 1082 942 qui
1099 852 1154 918 ioti
1176 861 1252 916 sunt

223 1007 316 1068 aquo,
331 979 481 1045 continuo
496 976 592 1040 etium
604 982 714 1038 sancto
728 968 846 1056 Spiritu
863 964 918 1029 loti
933 961 1027 1027 sunt:
1046 962 1127 1038 siout
1142 982 1160 1022 e
1177 980 1252 1021 con-

224 1091 319 1156 trario
334 1111 397 1152 non
414 1083 593 1170 omnesqui
612 1082 644 1145 in
661 1072 898 1144 catechumenis
918 1081 1140 1142 numeruntur,
1156 1063 1252 1130 alieni

223 1211 296 1263 sunt
311 1210 343 1261 ot
356 1205 499 1282 expertes
517 1190 651 1278 Spiritus
667 1185 777 1250 suncti.
796 1181 924 1246 invenio
937 1179 1021 1244 enim
1034 1177 1065 1240 in
1080 1173 1252 1261 Scriptun's

223 1308 334 1373 divinis
350 1299 520 1368 nonnullos
535 1297 838 1365 cathecumenorum
857 1291 968 1377 dignos
986 1285 1111 1350 habitos
1132 1283 1248 1371 Spiritu

224 1428 346 1488 sancto,
359 1425 392 1476 et
404 1409 481 1476 alios
493 1419 627 1494 nocepto
638 1404 795 1492 baptismo
806 1399 951 1486 indignos
963 1397 1056 1460 fuisse
1071 1392 1172 1459 suncti
1185 1393 1249 1480 Spi-

223 1525 301 1589 ritus
317 1521 426 1610 gretie.
442 1512 608 1582 Cornelius
624 1511 871 1577 catechumenus
885 1516 966 1581 erat,
980 1519 1012 1570 et
1026 1517 1198 1589 antequem
1211 1502 1250 1565 od

226 1654 341 1718 aquam
354 1628 473 1693 veniret
489 1623 604 1687 meruit
619 1622 763 1707 accipere
778 1617 932 1706 Spiritum
947 1626 1092 1691 sanctum
1105 1611 1126 1676 ².
1141 1609 1252 1676 Simon

225 1741 416 1830 baptismum
431 1745 613 1819 acceperut,
626 1727 843 1815 sedquoniam
859 1748 935 1792 oum
947 1722 1104 1810 hypocrisi
1120 1720 1251 1785 accessit
1334 1717 1338 1724 ’

225 1849 264 1913 sd
276 1846 421 1934 gratiam,
434 1839 620 1927 repudiatur
634 1859 651 1900 ιι
666 1837 749 1902 dono
763 1834 898 1921 Spiritus
910 1832 1019 1898 suncti.
1035 1829 1115 1896 Nolo
1127 1828 1253 1893 dubites

226 1971 258 2022 et
273 1975 360 2020 nunc
372 1973 440 2016 osse
451 1951 484 2014 iu
496 1945 613 2036 populo
625 1944 929 2011 catechumenorum
941 1939 1063 2027 aliquos
1075 1935 1251 2011 Cornelios,

225 2067 267 2130 ud
282 2085 359 2149 quos
376 2058 438 2124 dici
455 2057 563 2145 possit,
581 2055 654 2142 quia
669 2051 893 2118 misericordias
908 2061 940 2112 et
957 2039 1114 2113 orationes
1130 2056 1192 2108 tuae
1208 2067 1253 2109 as·

226 2171 401 2238 cenderunt
414 2169 444 2232 in
457 2164 591 2235 coelum
606 2175 639 2228 et
652 2181 778 2226 rursum
791 2160 822 2222 in
837 2155 955 2246 populo
967 2153 1108 2221 fidelium
1120 2175 1189 2220 esse
1201 2153 1255 2218 eli·

227 2303 306 2367 quos
320 2277 477 2346 Simones,
489 2273 604 2358 quihus
620 2267 817 2333 confidenter
830 2265 1000 2330 dicendum
1013 2265 1052 2328 sit
1066 2285 1074 2326 :
1093 2263 1146 2328 «0
1162 2261 1256 2352 pdeue

227 2384 342 2450 »omui
365 2380 438 2447 dolo
456 2392 488 2444 et
510 2377 644 2450 fallacie,
665 2373 710 2438 fili
733 2373 864 2446 diaboli,
889 2373 1015 2438 inimice
1037 2372 1139 2437 omnis
1162 2373 1257 2458 justi-

229 2527 240 2558 s
258 2495 369 2562 tiae⁸.»
390 2492 465 2556 Haec
479 2511 538 2575 ego
554 2487 599 2550 ud'
610 2483 842 2570 eorreptionem
858 2482 920 2546 mei
936 2483 1032 2568 ipsius
1046 2480 1175 2568 loquor,
1191 2505 1257 2545 nou

228 2605 328 2672 solum
341 2599 532 2665 auditorum.
548 2595 635 2660 Unus
652 2593 737 2660 onim
749 2603 781 2656 et
795 2615 853 2679 ego
866 2613 937 2658 sum
949 2614 986 2655 ex
1002 2591 1038 2656 iis
1054 2591 1108 2677 qui
1121 2591 1256 2656 audiunt

227 2716 360 2780 verbum
376 2708 443 2774 Dei.
529 2703 531 2710 '

272 2823 311 2887 ΙΙ.
332 2815 395 2885 Sed
410 2815 575 2882 audiamus
597 2815 662 2901 jem
683 2812 759 2898 quid
779 2833 883 2874 sermo
901 2810 1024 2874 divinus
1044 2809 1194 2895 loquatur
1216 2812 1260 2875 ad

227 2931 367 3016 Moysen.
390 2926 457 2988 «Et
472 2921 597 2988 locutus
613 2933 673 2994 est,
688 2919 809 3003 inquit,
824 2917 979 2984 Dominus
993 2917 1033 2982 sd
1047 2915 1194 3003 Moysen,
1207 2919 1263 2983 di-

229 3069 241 3098 »
257 3059 332 3103 oeus
343 3057 351 3098 τ
363 3034 446 3098 Ecce
457 3054 516 3118 ego
529 3028 681 3116 assumpsi
693 3027 816 3091 Levitus
829 3027 868 3090 de
880 3025 986 3090 medio
997 3023 1137 3090 filiorum
1146 3026 1262 3101 lsrael,

230 3177 242 3205 s
257 3165 315 3232 pro
328 3140 416 3206 omni
429 3137 639 3226 primogenito
651 3135 705 3220 qui
717 3133 860 3220 adaperit
877 3131 1000 3198 vulvum
1012 3154 1050 3196 ex
1061 3130 1135 3198 titiis
1147 3133 1261 3208 isreel,

230 3285 241 3314 s
258 3247 489 3336 redemptiones
504 3267 614 3312 eorum
629 3253 736 3315 erunt,
752 3253 786 3305 et
800 3253 895 3304 erunt
911 3241 987 3304 mihi
1004 3239 1132 3304 levitas
1151 3241 1264 3307 Meum

230 3394 242 3422 ι
257 3373 305 3426 ost
320 3358 404 3422 onim
420 3379 515 3421 omne
530 3351 786 3442 primogenitum.
801 3351 847 3414 Ex
864 3349 913 3414 die
928 3371 989 3436 quo
1005 3351 1148 3435 percussi
1162 3373 1265 3416 omne

142 3545 143 3550 η
231 3501 243 3532 s
259 3465 503 3558 primogenitum
513 3464 543 3525 in
553 3457 782 3545 terruAEgypti
796 3455 989 3522 sanctificavi
1001 3455 1078 3520 mihi
1091 3477 1188 3523 omne
1198 3461 1270 3547 pri-

232 3609 243 3639 ·
260 3574 453 3664 umgenitum
465 3566 560 3634 lsi-aiil
571 3590 578 3630 :
590 3568 629 3631 nh
642 3565 771 3630 homino
784 3564 931 3650 usquead
942 3569 1265 3651 pecus‚nreumerit;

231 3711 315 3776 sego
336 3683 491 3750 Dominus
505 3677 527 3739 ¹.
550 3705 562 3736 ι
585 3675 700 3740 Levitae
720 3686 923 3739 assumuntur
944 3697 1002 3760 pro
1026 3675 1268 3764 primogenitis,

231 3821 305 3864 cum
320 3793 428 3876 utique
445 3809 507 3850 non
523 3785 585 3847 sint
600 3781 811 3870 primogeniti.
829 3780 904 3845 Levi
920 3781 1006 3844 enim
1024 3783 1137 3846 tertius
1154 3785 1269 3850 nosci-

260 3925 357 3972 1Ιῖοιιι.
371 3935 404 3975 tx,
415 3917 440 3964 6.
451 3912 598 3960 --².tct.1.
609 3909 658 3948 -3
675 3909 713 3956 ld.
726 3927 781 3958 ιιιι.
796 3925 831 3958 ιο,
848 3933 875 3948 -
891 3909 899 3942 ¹³
914 3909 988 3958 Num.
1004 3925 1044 3965 ιιι,
1059 3925 1083 3954 ιι
1099 3921 1127 3958 ut
1138 3927 1213 3974 seqq,
