<?xml version="1.0" encoding="UTF-8"?>
<!DOCTYPE html PUBLIC "-//W3C//DTD XHTML 1.0 Transitional//EN"
    "http://www.w3.org/TR/xhtml1/DTD/xhtml1-transitional.dtd">
<html xmlns="http://www.w3.org/1999/xhtml" xml:lang="en" lang="en">
 <head>
  <title>
</title>
<meta http-equiv="Content-Type" content="text/html;charset=utf-8" />
  <meta name='ocr-system' content='tesseract 3.04.00' />
  <meta name='ocr-capabilities' content='ocr_page ocr_carea ocr_par ocr_line ocrx_word'/>
</head>
<body>
  <div class='ocr_page' id='page_1' title='image "./collectioselect01guilgoog_0230.png"; bbox 0 0 2692 4610; ppageno 0'>
   <div class='ocr_carea' id='block_1_1' title="bbox 205 270 789 334">
    <p class='ocr_par' dir='ltr' id='par_1_1' title="bbox 205 270 789 334">
     <span class='ocr_line' id='line_1_1' title="bbox 205 270 789 334; baseline -0.007 0"><span class='ocrx_word' id='word_1_1' title='bbox 205 270 266 334; x_wconf 75' lang='lat'><strong>232</strong></span> <span class='ocrx_word' id='word_1_2' title='bbox 529 285 531 290; x_wconf 80' lang='grc'>’</span> <span class='ocrx_word' id='word_1_3' title='bbox 644 289 789 331; x_wconf 77' lang='lat' dir='ltr'><strong>emersis</strong></span> 
     </span>
    </p>
   </div>
   <div class='ocr_carea' id='block_1_2' title="bbox 201 395 1250 599">
    <p class='ocr_par' dir='ltr' id='par_1_2' title="bbox 201 395 1250 599">
     <span class='ocr_line' id='line_1_2' title="bbox 201 395 1247 488; baseline -0.01 -20"><span class='ocrx_word' id='word_1_4' title='bbox 201 401 299 468; x_wconf 80' lang='lat' dir='ltr'><strong>modo</strong></span> <span class='ocrx_word' id='word_1_5' title='bbox 312 399 396 468; x_wconf 77' lang='lat' dir='ltr'><strong>hren</strong></span> <span class='ocrx_word' id='word_1_6' title='bbox 411 401 525 468; x_wconf 69' lang='lat' dir='ltr'><strong>ficiem</strong></span> <span class='ocrx_word' id='word_1_7' title='bbox 539 413 641 475; x_wconf 75' lang='lat' dir='ltr'><strong>tunm.</strong></span> <span class='ocrx_word' id='word_1_8' title='bbox 655 399 771 466; x_wconf 73' lang='lat' dir='ltr'><strong>Paulos</strong></span> <span class='ocrx_word' id='word_1_9' title='bbox 785 397 958 488; x_wconf 70' lang='lat' dir='ltr'><strong>Apostolus</strong></span> <span class='ocrx_word' id='word_1_10' title='bbox 972 399 1065 464; x_wconf 72' lang='lat' dir='ltr'><strong>‹looet</strong></span> <span class='ocrx_word' id='word_1_11' title='bbox 1078 395 1247 486; x_wconf 74' lang='lat' dir='ltr'><strong>quemd-</strong></span> 
     </span>
     <span class='ocr_line' id='line_1_3' title="bbox 203 503 1250 599; baseline -0.009 -23"><span class='ocrx_word' id='word_1_12' title='bbox 203 511 363 578; x_wconf 82' lang='lat' dir='ltr'><strong>modum·</strong></span> <span class='ocrx_word' id='word_1_13' title='bbox 382 509 519 576; x_wconf 74' lang='lat' dir='ltr'><strong>revelata</strong></span> <span class='ocrx_word' id='word_1_14' title='bbox 541 510 622 576; x_wconf 75' lang='lat' dir='ltr'><strong>lucie</strong></span> <span class='ocrx_word' id='word_1_15' title='bbox 641 509 774 599; x_wconf 75' lang='lat' dir='ltr'><strong>glorium</strong></span> <span class='ocrx_word' id='word_1_16' title='bbox 794 510 923 576; x_wconf 82' lang='lat' dir='ltr'><strong>Domini</strong></span> <span class='ocrx_word' id='word_1_17' title='bbox 936 507 1183 594; x_wconf 53' lang='lat' dir='ltr'><strong>momphin,</strong></span> <span class='ocrx_word' id='word_1_18' title='bbox 1211 503 1250 568; x_wconf 72' lang='lat' dir='ltr'><strong>sil</strong></span> 
     </span>
    </p>
   </div>
   <div class='ocr_carea' id='block_1_3' title="bbox 204 615 1258 3846">
    <p class='ocr_par' dir='ltr' id='par_1_3' title="bbox 204 615 1258 3846">
     <span class='ocr_line' id='line_1_4' title="bbox 204 615 1251 706; baseline -0.008 -21"><span class='ocrx_word' id='word_1_19' title='bbox 204 648 218 680; x_wconf 81' lang='grc' dir='ltr'>ι</span> <span class='ocrx_word' id='word_1_20' title='bbox 233 619 379 686; x_wconf 71' lang='grc' dir='ltr'>ωιιιὼιιι</span> <span class='ocrx_word' id='word_1_21' title='bbox 391 619 561 706; x_wconf 65' lang='lat' dir='ltr'><strong>imaginem</strong></span> <span class='ocrx_word' id='word_1_22' title='bbox 572 619 763 705; x_wconf 72' lang='lat' dir='ltr'><strong>[mentesa</strong></span> <span class='ocrx_word' id='word_1_23' title='bbox 775 616 874 706; x_wconf 76' lang='lat' dir='ltr'><strong>gloria</strong></span> <span class='ocrx_word' id='word_1_24' title='bbox 885 621 918 682; x_wconf 95' lang='lat' dir='ltr'><strong>in</strong></span> <span class='ocrx_word' id='word_1_25' title='bbox 928 615 1072 705; x_wconf 66' lang='lat' dir='ltr'><strong>glorium¹</strong></span> <span class='ocrx_word' id='word_1_26' title='bbox 1085 629 1251 702; x_wconf 80' lang='lat' dir='ltr'><strong>tanquam</strong></span> 
     </span>
     <span class='ocr_line' id='line_1_5' title="bbox 204 725 1249 814; baseline -0.001 -27"><span class='ocrx_word' id='word_1_27' title='bbox 204 747 251 790; x_wconf 77' lang='lat' dir='ltr'><strong>»s</strong></span> <span class='ocrx_word' id='word_1_28' title='bbox 267 725 394 792; x_wconf 83' lang='lat' dir='ltr'><strong>Domini</strong></span> <span class='ocrx_word' id='word_1_29' title='bbox 409 725 550 814; x_wconf 85' lang='lat' dir='ltr'><strong>spiritu¹.</strong></span> <span class='ocrx_word' id='word_1_30' title='bbox 566 726 678 814; x_wconf 76' lang='lat' dir='ltr'><strong>»linge</strong></span> <span class='ocrx_word' id='word_1_31' title='bbox 692 728 790 792; x_wconf 83' lang='lat' dir='ltr'><strong>etiam</strong></span> <span class='ocrx_word' id='word_1_32' title='bbox 804 737 902 813; x_wconf 73' lang='lat' dir='ltr'><strong>ceput</strong></span> <span class='ocrx_word' id='word_1_33' title='bbox 912 737 1016 796; x_wconf 88' lang='lat' dir='ltr'><strong>tuum,</strong></span> <span class='ocrx_word' id='word_1_34' title='bbox 1032 725 1087 789; x_wconf 86' lang='lat' dir='ltr'><strong>sed</strong></span> <span class='ocrx_word' id='word_1_35' title='bbox 1102 727 1249 790; x_wconf 80' lang='lat' dir='ltr'><strong>obserrs</strong></span> 
     </span>
     <span class='ocr_line' id='line_1_6' title="bbox 205 833 1253 924; baseline -0.004 -22"><span class='ocrx_word' id='word_1_36' title='bbox 205 857 247 902; x_wconf 89' lang='lat' dir='ltr'><strong>ne</strong></span> <span class='ocrx_word' id='word_1_37' title='bbox 262 833 334 902; x_wconf 87' lang='lat' dir='ltr'><strong>eleo</strong></span> <span class='ocrx_word' id='word_1_38' title='bbox 349 836 473 924; x_wconf 71' lang='lat' dir='ltr'><strong>peccati</strong></span> <span class='ocrx_word' id='word_1_39' title='bbox 493 858 502 900; x_wconf 73' lang='grc' dir='ltr'>ι</span> <span class='ocrx_word' id='word_1_40' title='bbox 520 861 534 896; x_wconf 88' lang='grc' dir='ltr'>ι</span> <span class='ocrx_word' id='word_1_41' title='bbox 547 833 665 902; x_wconf 86' lang='lat' dir='ltr'><strong>Oleum</strong></span> <span class='ocrx_word' id='word_1_42' title='bbox 685 837 772 901; x_wconf 90' lang='lat' dir='ltr'><strong>enim</strong></span> <span class='ocrx_word' id='word_1_43' title='bbox 791 836 970 923; x_wconf 74' lang='lat' dir='ltr'><strong>peccatoris</strong></span> <span class='ocrx_word' id='word_1_44' title='bbox 982 857 1047 898; x_wconf 86' lang='lat' dir='ltr'><strong>nnn</strong></span> <span class='ocrx_word' id='word_1_45' title='bbox 1062 834 1253 920; x_wconf 80' lang='lat' dir='ltr'><strong>impinguet</strong></span> 
     </span>
     <span class='ocr_line' id='line_1_7' title="bbox 205 939 1253 1034; baseline -0.005 -25"><span class='ocrx_word' id='word_1_46' title='bbox 205 942 373 1032; x_wconf 74' lang='lat' dir='ltr'><strong>scspnt²r</strong></span> <span class='ocrx_word' id='word_1_47' title='bbox 390 955 490 1009; x_wconf 86' lang='lat' dir='ltr'><strong>tunm.</strong></span> <span class='ocrx_word' id='word_1_48' title='bbox 506 943 570 1008; x_wconf 77' lang='lat' dir='ltr'><strong>sed</strong></span> <span class='ocrx_word' id='word_1_49' title='bbox 587 968 669 1034; x_wconf 78' lang='lat' dir='ltr'><strong>unge</strong></span> <span class='ocrx_word' id='word_1_50' title='bbox 684 957 782 1032; x_wconf 80' lang='lat' dir='ltr'><strong>ceput</strong></span> <span class='ocrx_word' id='word_1_51' title='bbox 795 941 867 1007; x_wconf 87' lang='lat' dir='ltr'><strong>oleo</strong></span> <span class='ocrx_word' id='word_1_52' title='bbox 881 943 1092 1015; x_wconf 79' lang='lat' dir='ltr'><strong>exultationis,</strong></span> <span class='ocrx_word' id='word_1_53' title='bbox 1105 940 1192 1006; x_wconf 84' lang='lat' dir='ltr'><strong>oleo</strong></span> <span class='ocrx_word' id='word_1_54' title='bbox 1205 939 1253 1005; x_wconf 78' lang='lat' dir='ltr'><strong>lae·</strong></span> 
     </span>
     <span class='ocr_line' id='line_1_8' title="bbox 206 1049 1252 1129; baseline -0.004 -12"><span class='ocrx_word' id='word_1_55' title='bbox 206 1053 296 1127; x_wconf 76' lang='lat' dir='ltr'><strong>titios,</strong></span> <span class='ocrx_word' id='word_1_56' title='bbox 313 1051 384 1117; x_wconf 86' lang='lat' dir='ltr'><strong>olen</strong></span> <span class='ocrx_word' id='word_1_57' title='bbox 399 1053 635 1129; x_wconf 68' lang='lat' dir='ltr'><strong>misericordie,</strong></span> <span class='ocrx_word' id='word_1_58' title='bbox 655 1054 698 1116; x_wconf 81' lang='lat' dir='ltr'><strong>ita</strong></span> <span class='ocrx_word' id='word_1_59' title='bbox 718 1065 766 1126; x_wconf 85' lang='lat' dir='ltr'><strong>ut,</strong></span> <span class='ocrx_word' id='word_1_60' title='bbox 786 1051 964 1116; x_wconf 87' lang='lat' dir='ltr'><strong>secundum</strong></span> <span class='ocrx_word' id='word_1_61' title='bbox 979 1049 1171 1116; x_wconf 72' lang='lat' dir='ltr'><strong>nannum</strong></span> <span class='ocrx_word' id='word_1_62' title='bbox 1191 1049 1252 1114; x_wconf 84' lang='lat' dir='ltr'><strong>So-</strong></span> 
     </span>
     <span class='ocr_line' id='line_1_9' title="bbox 204 1158 1250 1250; baseline -0.003 -26"><span class='ocrx_word' id='word_1_63' title='bbox 204 1161 344 1250; x_wconf 77' lang='lat' dir='ltr'><strong>piontiae‚</strong></span> <span class='ocrx_word' id='word_1_64' title='bbox 362 1161 575 1228; x_wconf 70' lang='lat' dir='ltr'><strong>misericordia</strong></span> <span class='ocrx_word' id='word_1_65' title='bbox 598 1173 632 1226; x_wconf 88' lang='lat' dir='ltr'><strong>et</strong></span> <span class='ocrx_word' id='word_1_66' title='bbox 652 1161 733 1226; x_wconf 86' lang='lat' dir='ltr'><strong>fides</strong></span> <span class='ocrx_word' id='word_1_67' title='bbox 753 1184 818 1226; x_wconf 90' lang='lat' dir='ltr'><strong>non</strong></span> <span class='ocrx_word' id='word_1_68' title='bbox 839 1163 986 1226; x_wconf 81' lang='lat' dir='ltr'><strong>deserant</strong></span> <span class='ocrx_word' id='word_1_69' title='bbox 1005 1171 1047 1223; x_wconf 83' lang='lat' dir='ltr'><strong>te.</strong></span> <span class='ocrx_word' id='word_1_70' title='bbox 1067 1158 1250 1246; x_wconf 74' lang='lat' dir='ltr'><strong>Propterea</strong></span> 
     </span>
     <span class='ocr_line' id='line_1_10' title="bbox 206 1251 1251 1357; baseline 0 -26"><span class='ocrx_word' id='word_1_71' title='bbox 206 1267 340 1334; x_wconf 87' lang='lat' dir='ltr'><strong>enimet</strong></span> <span class='ocrx_word' id='word_1_72' title='bbox 354 1251 660 1357; x_wconf 38' lang='lat' dir='ltr'><strong>Apostolusssvolens</strong></span> <span class='ocrx_word' id='word_1_73' title='bbox 675 1267 860 1338; x_wconf 71' lang='lat' dir='ltr'><strong>abstrahere</strong></span> <span class='ocrx_word' id='word_1_74' title='bbox 875 1291 931 1334; x_wconf 86' lang='lat' dir='ltr'><strong>nos</strong></span> <span class='ocrx_word' id='word_1_75' title='bbox 946 1269 986 1332; x_wconf 77' lang='lat' dir='ltr'><strong>nb</strong></span> <span class='ocrx_word' id='word_1_76' title='bbox 1002 1267 1051 1332; x_wconf 91' lang='lat' dir='ltr'><strong>his</strong></span> <span class='ocrx_word' id='word_1_77' title='bbox 1064 1265 1251 1332; x_wconf 71' lang='lat' dir='ltr'><strong>visibilibus</strong></span> 
     </span>
     <span class='ocr_line' id='line_1_11' title="bbox 206 1376 1251 1466; baseline 0 -26"><span class='ocrx_word' id='word_1_78' title='bbox 206 1386 239 1442; x_wconf 87' lang='lat' dir='ltr'><strong>et</strong></span> <span class='ocrx_word' id='word_1_79' title='bbox 261 1377 408 1452; x_wconf 82' lang='lat' dir='ltr'><strong>terrenis,</strong></span> <span class='ocrx_word' id='word_1_80' title='bbox 421 1389 456 1441; x_wconf 84' lang='lat' dir='ltr'><strong>et</strong></span> <span class='ocrx_word' id='word_1_81' title='bbox 468 1377 590 1466; x_wconf 71' lang='lat' dir='ltr'><strong>erigere</strong></span> <span class='ocrx_word' id='word_1_82' title='bbox 605 1379 727 1442; x_wconf 83' lang='lat' dir='ltr'><strong>enimes</strong></span> <span class='ocrx_word' id='word_1_83' title='bbox 749 1400 923 1464; x_wconf 75' lang='lat' dir='ltr'><strong>sensusque</strong></span> <span class='ocrx_word' id='word_1_84' title='bbox 938 1389 1061 1441; x_wconf 84' lang='lat' dir='ltr'><strong>nostros</strong></span> <span class='ocrx_word' id='word_1_85' title='bbox 1074 1376 1115 1440; x_wconf 82' lang='lat' dir='ltr'><strong>sd</strong></span> <span class='ocrx_word' id='word_1_86' title='bbox 1130 1377 1251 1440; x_wconf 81' lang='lat' dir='ltr'><strong>coeler-</strong></span> 
     </span>
     <span class='ocr_line' id='line_1_12' title="bbox 206 1481 1253 1570; baseline 0 -22"><span class='ocrx_word' id='word_1_87' title='bbox 206 1482 263 1559; x_wconf 83' lang='lat' dir='ltr'><strong>tia,</strong></span> <span class='ocrx_word' id='word_1_88' title='bbox 276 1481 393 1550; x_wconf 73' lang='lat' dir='ltr'><strong>clamet</strong></span> <span class='ocrx_word' id='word_1_89' title='bbox 403 1498 435 1550; x_wconf 85' lang='lat' dir='ltr'><strong>et</strong></span> <span class='ocrx_word' id='word_1_90' title='bbox 447 1485 525 1551; x_wconf 86' lang='lat' dir='ltr'><strong>dicit</strong></span> <span class='ocrx_word' id='word_1_91' title='bbox 539 1507 548 1548; x_wconf 77' lang='lat' dir='ltr'><strong><em>z</em></strong></span> <span class='ocrx_word' id='word_1_92' title='bbox 562 1485 619 1550; x_wconf 74' lang='lat' dir='ltr'><strong>«Si</strong></span> <span class='ocrx_word' id='word_1_93' title='bbox 629 1485 843 1549; x_wconf 76' lang='lat' dir='ltr'><strong>resurrexistis</strong></span> <span class='ocrx_word' id='word_1_94' title='bbox 854 1507 929 1550; x_wconf 89' lang='lat' dir='ltr'><strong>eum</strong></span> <span class='ocrx_word' id='word_1_95' title='bbox 941 1484 1078 1557; x_wconf 87' lang='lat' dir='ltr'><strong>Christo,</strong></span> <span class='ocrx_word' id='word_1_96' title='bbox 1089 1505 1167 1570; x_wconf 75' lang='lat' dir='ltr'><strong>quse</strong></span> <span class='ocrx_word' id='word_1_97' title='bbox 1181 1507 1253 1548; x_wconf 73' lang='lat' dir='ltr'><strong>sur</strong></span> 
     </span>
     <span class='ocr_line' id='line_1_13' title="bbox 208 1593 1252 1682; baseline 0.004 -28"><span class='ocrx_word' id='word_1_98' title='bbox 208 1621 222 1654; x_wconf 75' lang='grc' dir='ltr'>ι</span> <span class='ocrx_word' id='word_1_99' title='bbox 235 1617 305 1660; x_wconf 86' lang='lat' dir='ltr'><strong>sum</strong></span> <span class='ocrx_word' id='word_1_100' title='bbox 317 1605 392 1660; x_wconf 87' lang='lat' dir='ltr'><strong>sunt</strong></span> <span class='ocrx_word' id='word_1_101' title='bbox 403 1596 548 1682; x_wconf 63' lang='lat' dir='ltr'><strong>quaerite,</strong></span> <span class='ocrx_word' id='word_1_102' title='bbox 559 1615 624 1660; x_wconf 90' lang='lat' dir='ltr'><strong>non</strong></span> <span class='ocrx_word' id='word_1_103' title='bbox 636 1617 708 1682; x_wconf 73' lang='lat' dir='ltr'><strong>quse</strong></span> <span class='ocrx_word' id='word_1_104' title='bbox 718 1617 813 1682; x_wconf 85' lang='lat' dir='ltr'><strong>super</strong></span> <span class='ocrx_word' id='word_1_105' title='bbox 824 1607 941 1660; x_wconf 82' lang='lat' dir='ltr'><strong>terrum</strong></span> <span class='ocrx_word' id='word_1_106' title='bbox 950 1594 973 1658; x_wconf 84' lang='lat'><strong>⁸.</strong></span> <span class='ocrx_word' id='word_1_107' title='bbox 988 1593 1119 1659; x_wconf 76' lang='lat' dir='ltr'><strong>»Nonne</strong></span> <span class='ocrx_word' id='word_1_108' title='bbox 1130 1597 1252 1680; x_wconf 79' lang='lat' dir='ltr'><strong>spei-te</strong></span> 
     </span>
     <span class='ocr_line' id='line_1_14' title="bbox 209 1700 1252 1789; baseline -0.003 -23"><span class='ocrx_word' id='word_1_109' title='bbox 209 1701 267 1768; x_wconf 89' lang='lat' dir='ltr'><strong>tibi</strong></span> <span class='ocrx_word' id='word_1_110' title='bbox 283 1702 381 1770; x_wconf 85' lang='lat' dir='ltr'><strong>dicit:</strong></span> <span class='ocrx_word' id='word_1_111' title='bbox 397 1700 468 1767; x_wconf 89' lang='lat' dir='ltr'><strong>Noli</strong></span> <span class='ocrx_word' id='word_1_112' title='bbox 484 1723 626 1789; x_wconf 67' lang='lat' dir='ltr'><strong>quarere</strong></span> <span class='ocrx_word' id='word_1_113' title='bbox 640 1702 674 1766; x_wconf 92' lang='lat' dir='ltr'><strong>in</strong></span> <span class='ocrx_word' id='word_1_114' title='bbox 689 1702 782 1767; x_wconf 91' lang='lat' dir='ltr'><strong>terris</strong></span> <span class='ocrx_word' id='word_1_115' title='bbox 792 1700 984 1775; x_wconf 75' lang='lat' dir='ltr'><strong>Jerusalem,</strong></span> <span class='ocrx_word' id='word_1_116' title='bbox 996 1721 1055 1764; x_wconf 90' lang='lat' dir='ltr'><strong>nec</strong></span> <span class='ocrx_word' id='word_1_117' title='bbox 1069 1700 1252 1766; x_wconf 69' lang='lat' dir='ltr'><strong>observan-</strong></span> 
     </span>
     <span class='ocr_line' id='line_1_15' title="bbox 209 1806 1251 1898; baseline -0.004 -23"><span class='ocrx_word' id='word_1_118' title='bbox 209 1810 268 1876; x_wconf 87' lang='lat' dir='ltr'><strong>tins</strong></span> <span class='ocrx_word' id='word_1_119' title='bbox 282 1809 388 1898; x_wconf 71' lang='lat' dir='ltr'><strong>Legis,</strong></span> <span class='ocrx_word' id='word_1_120' title='bbox 401 1832 462 1876; x_wconf 87' lang='lat' dir='ltr'><strong>nec</strong></span> <span class='ocrx_word' id='word_1_121' title='bbox 477 1810 636 1897; x_wconf 90' lang='lat' dir='ltr'><strong>jejunium</strong></span> <span class='ocrx_word' id='word_1_122' title='bbox 650 1810 851 1884; x_wconf 71' lang='lat' dir='ltr'><strong>iudeorum,</strong></span> <span class='ocrx_word' id='word_1_123' title='bbox 862 1808 919 1873; x_wconf 84' lang='lat' dir='ltr'><strong>sed</strong></span> <span class='ocrx_word' id='word_1_124' title='bbox 932 1809 1086 1896; x_wconf 90' lang='lat' dir='ltr'><strong>jejunium</strong></span> <span class='ocrx_word' id='word_1_125' title='bbox 1102 1806 1251 1873; x_wconf 82' lang='lat' dir='ltr'><strong>Christi?</strong></span> 
     </span>
     <span class='ocr_line' id='line_1_16' title="bbox 210 1917 1250 2006; baseline -0.002 -24"><span class='ocrx_word' id='word_1_126' title='bbox 210 1917 364 2004; x_wconf 85' lang='lat' dir='ltr'><strong>Jejunnns</strong></span> <span class='ocrx_word' id='word_1_127' title='bbox 379 1919 465 1984; x_wconf 91' lang='lat' dir='ltr'><strong>enim</strong></span> <span class='ocrx_word' id='word_1_128' title='bbox 480 1918 577 1983; x_wconf 81' lang='lat' dir='ltr'><strong>(lebes</strong></span> <span class='ocrx_word' id='word_1_129' title='bbox 592 1918 679 1982; x_wconf 82' lang='lat' dir='ltr'><strong>edire</strong></span> <span class='ocrx_word' id='word_1_130' title='bbox 693 1917 879 2006; x_wconf 88' lang='lat' dir='ltr'><strong>pontificem</strong></span> <span class='ocrx_word' id='word_1_131' title='bbox 893 1928 985 1982; x_wconf 89' lang='lat' dir='ltr'><strong>tuum</strong></span> <span class='ocrx_word' id='word_1_132' title='bbox 1000 1917 1176 1992; x_wconf 74' lang='lat' dir='ltr'><strong>Christum,</strong></span> <span class='ocrx_word' id='word_1_133' title='bbox 1192 1919 1250 2004; x_wconf 90' lang='lat' dir='ltr'><strong>qui</strong></span> 
     </span>
     <span class='ocr_line' id='line_1_17' title="bbox 211 2023 1251 2113; baseline 0.004 -27"><span class='ocrx_word' id='word_1_134' title='bbox 211 2024 319 2110; x_wconf 90' lang='lat' dir='ltr'><strong>utique</strong></span> <span class='ocrx_word' id='word_1_135' title='bbox 335 2047 399 2089; x_wconf 91' lang='lat' dir='ltr'><strong>non</strong></span> <span class='ocrx_word' id='word_1_136' title='bbox 415 2025 447 2090; x_wconf 95' lang='lat' dir='ltr'><strong>in</strong></span> <span class='ocrx_word' id='word_1_137' title='bbox 462 2025 554 2090; x_wconf 90' lang='lat' dir='ltr'><strong>terris</strong></span> <span class='ocrx_word' id='word_1_138' title='bbox 574 2026 784 2113; x_wconf 85' lang='lat' dir='ltr'><strong>requirendus</strong></span> <span class='ocrx_word' id='word_1_139' title='bbox 802 2035 862 2100; x_wconf 87' lang='lat' dir='ltr'><strong>est,</strong></span> <span class='ocrx_word' id='word_1_140' title='bbox 881 2025 938 2089; x_wconf 89' lang='lat' dir='ltr'><strong>sed</strong></span> <span class='ocrx_word' id='word_1_141' title='bbox 959 2026 993 2090; x_wconf 94' lang='lat' dir='ltr'><strong>in</strong></span> <span class='ocrx_word' id='word_1_142' title='bbox 1015 2023 1115 2097; x_wconf 67' lang='lat' dir='ltr'><strong>coelisz</strong></span> <span class='ocrx_word' id='word_1_143' title='bbox 1132 2037 1166 2089; x_wconf 75' lang='lat' dir='ltr'><strong>et</strong></span> <span class='ocrx_word' id='word_1_144' title='bbox 1184 2049 1251 2112; x_wconf 89' lang='lat' dir='ltr'><strong>per</strong></span> 
     </span>
     <span class='ocr_line' id='line_1_18' title="bbox 208 2133 1248 2222; baseline 0.001 -25"><span class='ocrx_word' id='word_1_145' title='bbox 208 2134 313 2222; x_wconf 90' lang='lat' dir='ltr'><strong>ipsum</strong></span> <span class='ocrx_word' id='word_1_146' title='bbox 324 2134 422 2198; x_wconf 89' lang='lat' dir='ltr'><strong>debes</strong></span> <span class='ocrx_word' id='word_1_147' title='bbox 437 2133 552 2199; x_wconf 78' lang='lat' dir='ltr'><strong>offerre</strong></span> <span class='ocrx_word' id='word_1_148' title='bbox 566 2133 704 2199; x_wconf 79' lang='lat' dir='ltr'><strong>hostiam</strong></span> <span class='ocrx_word' id='word_1_149' title='bbox 718 2135 797 2200; x_wconf 86' lang='lat' dir='ltr'><strong>Deo.</strong></span> <span class='ocrx_word' id='word_1_150' title='bbox 811 2133 866 2200; x_wconf 85' lang='lat' dir='ltr'><strong>Vis</strong></span> <span class='ocrx_word' id='word_1_151' title='bbox 882 2135 939 2198; x_wconf 87' lang='lat' dir='ltr'><strong>tibi</strong></span> <span class='ocrx_word' id='word_1_152' title='bbox 958 2133 1062 2200; x_wconf 77' lang='lat' dir='ltr'><strong>adbuc</strong></span> <span class='ocrx_word' id='word_1_153' title='bbox 1077 2134 1248 2198; x_wconf 83' lang='lat' dir='ltr'><strong>ostendum</strong></span> 
     </span>
     <span class='ocr_line' id='line_1_19' title="bbox 207 2238 1251 2330; baseline 0.004 -24"><span class='ocrx_word' id='word_1_154' title='bbox 207 2238 299 2330; x_wconf 82' lang='lat' dir='ltr'><strong>quole</strong></span> <span class='ocrx_word' id='word_1_155' title='bbox 315 2253 346 2306; x_wconf 86' lang='lat' dir='ltr'><strong>te</strong></span> <span class='ocrx_word' id='word_1_156' title='bbox 361 2254 487 2330; x_wconf 76' lang='lat' dir='ltr'><strong>oportet</strong></span> <span class='ocrx_word' id='word_1_157' title='bbox 500 2243 644 2330; x_wconf 78' lang='lat' dir='ltr'><strong>jejunare</strong></span> <span class='ocrx_word' id='word_1_158' title='bbox 666 2242 850 2329; x_wconf 83' lang='lat' dir='ltr'><strong>jejunium?</strong></span> <span class='ocrx_word' id='word_1_159' title='bbox 871 2242 986 2330; x_wconf 81' lang='lat' dir='ltr'><strong>Jejnns</strong></span> <span class='ocrx_word' id='word_1_160' title='bbox 1008 2243 1048 2307; x_wconf 86' lang='lat' dir='ltr'><strong>ob</strong></span> <span class='ocrx_word' id='word_1_161' title='bbox 1063 2243 1147 2306; x_wconf 90' lang='lat' dir='ltr'><strong>omni</strong></span> <span class='ocrx_word' id='word_1_162' title='bbox 1163 2263 1251 2330; x_wconf 85' lang='lat' dir='ltr'><strong>pec·</strong></span> 
     </span>
     <span class='ocr_line' id='line_1_20' title="bbox 209 2348 1253 2439; baseline 0.001 -23"><span class='ocrx_word' id='word_1_163' title='bbox 209 2361 294 2426; x_wconf 81' lang='lat' dir='ltr'><strong>coto,</strong></span> <span class='ocrx_word' id='word_1_164' title='bbox 315 2348 438 2420; x_wconf 82' lang='lat' dir='ltr'><strong>nullum</strong></span> <span class='ocrx_word' id='word_1_165' title='bbox 462 2351 571 2417; x_wconf 90' lang='lat' dir='ltr'><strong>cibum</strong></span> <span class='ocrx_word' id='word_1_166' title='bbox 593 2373 699 2416; x_wconf 83' lang='lat' dir='ltr'><strong>sumes</strong></span> <span class='ocrx_word' id='word_1_167' title='bbox 719 2350 858 2424; x_wconf 62' lang='lat' dir='ltr'><strong>melitite,</strong></span> <span class='ocrx_word' id='word_1_168' title='bbox 883 2349 987 2416; x_wconf 77' lang='lat' dir='ltr'><strong>nullas</strong></span> <span class='ocrx_word' id='word_1_169' title='bbox 1009 2352 1113 2439; x_wconf 85' lang='lat' dir='ltr'><strong>copins</strong></span> <span class='ocrx_word' id='word_1_170' title='bbox 1133 2349 1253 2437; x_wconf 75' lang='lat' dir='ltr'><strong>epulus</strong></span> 
     </span>
     <span class='ocr_line' id='line_1_21' title="bbox 209 2455 1257 2546; baseline 0.004 -22"><span class='ocrx_word' id='word_1_171' title='bbox 209 2455 391 2546; x_wconf 75' lang='lat' dir='ltr'><strong>voluptatis.</strong></span> <span class='ocrx_word' id='word_1_172' title='bbox 410 2457 498 2525; x_wconf 91' lang='lat' dir='ltr'><strong>nullo</strong></span> <span class='ocrx_word' id='word_1_173' title='bbox 514 2459 588 2523; x_wconf 81' lang='lat' dir='ltr'><strong>vino</strong></span> <span class='ocrx_word' id='word_1_174' title='bbox 604 2457 736 2524; x_wconf 75' lang='lat' dir='ltr'><strong>luxurie</strong></span> <span class='ocrx_word' id='word_1_175' title='bbox 755 2458 966 2526; x_wconf 81' lang='lat' dir='ltr'><strong>concelescns.</strong></span> <span class='ocrx_word' id='word_1_176' title='bbox 984 2460 1099 2546; x_wconf 83' lang='lat' dir='ltr'><strong>lejune</strong></span> <span class='ocrx_word' id='word_1_177' title='bbox 1114 2482 1132 2522; x_wconf 85' lang='lat' dir='ltr'><strong>n</strong></span> <span class='ocrx_word' id='word_1_178' title='bbox 1150 2459 1257 2528; x_wconf 79' lang='lat' dir='ltr'><strong>molis.</strong></span> 
     </span>
     <span class='ocr_line' id='line_1_22' title="bbox 209 2563 1251 2654; baseline 0 -22"><span class='ocrx_word' id='word_1_179' title='bbox 209 2567 347 2642; x_wconf 73' lang='lat' dir='ltr'><strong>actibus,</strong></span> <span class='ocrx_word' id='word_1_180' title='bbox 363 2566 517 2632; x_wconf 80' lang='lat' dir='ltr'><strong>abstines</strong></span> <span class='ocrx_word' id='word_1_181' title='bbox 533 2563 623 2631; x_wconf 84' lang='lat' dir='ltr'><strong>melis</strong></span> <span class='ocrx_word' id='word_1_182' title='bbox 637 2565 849 2639; x_wconf 87' lang='lat' dir='ltr'><strong>sermonibus.</strong></span> <span class='ocrx_word' id='word_1_183' title='bbox 862 2567 990 2632; x_wconf 82' lang='lat' dir='ltr'><strong>contine</strong></span> <span class='ocrx_word' id='word_1_184' title='bbox 1002 2578 1062 2631; x_wconf 81' lang='lat' dir='ltr'><strong>teo</strong></span> <span class='ocrx_word' id='word_1_185' title='bbox 1075 2567 1251 2654; x_wconf 76' lang='lat' dir='ltr'><strong>cogitatio-</strong></span> 
     </span>
     <span class='ocr_line' id='line_1_23' title="bbox 209 2670 1254 2761; baseline 0 -19"><span class='ocrx_word' id='word_1_186' title='bbox 209 2677 303 2742; x_wconf 83' lang='lat' dir='ltr'><strong>nibus</strong></span> <span class='ocrx_word' id='word_1_187' title='bbox 311 2675 464 2761; x_wconf 86' lang='lat' dir='ltr'><strong>pessimis.</strong></span> <span class='ocrx_word' id='word_1_188' title='bbox 477 2670 549 2739; x_wconf 87' lang='lat' dir='ltr'><strong>Noli</strong></span> <span class='ocrx_word' id='word_1_189' title='bbox 560 2672 744 2760; x_wconf 75' lang='lat' dir='ltr'><strong>contingere</strong></span> <span class='ocrx_word' id='word_1_190' title='bbox 755 2695 852 2760; x_wconf 85' lang='lat' dir='ltr'><strong>pones</strong></span> <span class='ocrx_word' id='word_1_191' title='bbox 863 2674 994 2739; x_wconf 79' lang='lat' dir='ltr'><strong>furtivos</strong></span> <span class='ocrx_word' id='word_1_192' title='bbox 1005 2697 1158 2761; x_wconf 73' lang='lat' dir='ltr'><strong>pervorse</strong></span> <span class='ocrx_word' id='word_1_193' title='bbox 1170 2675 1254 2742; x_wconf 90' lang='lat' dir='ltr'><strong>doe·</strong></span> 
     </span>
     <span class='ocr_line' id='line_1_24' title="bbox 209 2779 1254 2872; baseline 0 -21"><span class='ocrx_word' id='word_1_194' title='bbox 209 2785 317 2856; x_wconf 66' lang='lat' dir='ltr'><strong>trinas</strong></span> <span class='ocrx_word' id='word_1_195' title='bbox 336 2782 622 2868; x_wconf 82' lang='lat' dir='ltr'><strong>nonconcupisces</strong></span> <span class='ocrx_word' id='word_1_196' title='bbox 635 2779 760 2848; x_wconf 78' lang='lat' dir='ltr'><strong>fallaces</strong></span> <span class='ocrx_word' id='word_1_197' title='bbox 775 2781 983 2871; x_wconf 70' lang='lat' dir='ltr'><strong>philosophie</strong></span> <span class='ocrx_word' id='word_1_198' title='bbox 997 2785 1098 2858; x_wconf 91' lang='lat' dir='ltr'><strong>cibos,</strong></span> <span class='ocrx_word' id='word_1_199' title='bbox 1111 2785 1164 2872; x_wconf 86' lang='lat' dir='ltr'><strong>qui</strong></span> <span class='ocrx_word' id='word_1_200' title='bbox 1183 2797 1216 2850; x_wconf 84' lang='lat' dir='ltr'><strong>te</strong></span> <span class='ocrx_word' id='word_1_201' title='bbox 1233 2811 1254 2851; x_wconf 76' lang='lat' dir='ltr'><strong>a</strong></span> 
     </span>
     <span class='ocr_line' id='line_1_25' title="bbox 211 2887 1256 2979; baseline 0.003 -22"><span class='ocrx_word' id='word_1_202' title='bbox 211 2891 342 2958; x_wconf 82' lang='lat' dir='ltr'><strong>veritole</strong></span> <span class='ocrx_word' id='word_1_203' title='bbox 354 2890 517 2956; x_wconf 85' lang='lat' dir='ltr'><strong>seducent.</strong></span> <span class='ocrx_word' id='word_1_204' title='bbox 531 2887 608 2956; x_wconf 85' lang='lat' dir='ltr'><strong>Tale</strong></span> <span class='ocrx_word' id='word_1_205' title='bbox 619 2891 776 2977; x_wconf 86' lang='lat' dir='ltr'><strong>jejunium</strong></span> <span class='ocrx_word' id='word_1_206' title='bbox 788 2891 856 2957; x_wconf 89' lang='lat' dir='ltr'><strong>Deo</strong></span> <span class='ocrx_word' id='word_1_207' title='bbox 867 2890 981 2979; x_wconf 81' lang='lat' dir='ltr'><strong>placet.</strong></span> <span class='ocrx_word' id='word_1_208' title='bbox 994 2893 1160 2959; x_wconf 76' lang='lat' dir='ltr'><strong>Abstinere</strong></span> <span class='ocrx_word' id='word_1_209' title='bbox 1170 2917 1256 2960; x_wconf 81' lang='lat' dir='ltr'><strong>vere</strong></span> 
     </span>
     <span class='ocr_line' id='line_1_26' title="bbox 212 2997 1256 3090; baseline 0.003 -24"><span class='ocrx_word' id='word_1_210' title='bbox 212 3025 229 3066; x_wconf 86' lang='grc' dir='ltr'>ι</span> <span class='ocrx_word' id='word_1_211' title='bbox 242 2997 335 3072; x_wconf 87' lang='lat' dir='ltr'><strong>cibis,</strong></span> <span class='ocrx_word' id='word_1_212' title='bbox 350 3021 430 3086; x_wconf 84' lang='lat' dir='ltr'><strong>qnos</strong></span> <span class='ocrx_word' id='word_1_213' title='bbox 441 2999 526 3066; x_wconf 87' lang='lat' dir='ltr'><strong>Deus</strong></span> <span class='ocrx_word' id='word_1_214' title='bbox 538 3001 670 3076; x_wconf 77' lang='lat' dir='ltr'><strong>emerit,</strong></span> <span class='ocrx_word' id='word_1_215' title='bbox 682 3001 723 3065; x_wconf 86' lang='lat' dir='ltr'><strong>ed</strong></span> <span class='ocrx_word' id='word_1_216' title='bbox 735 3000 976 3088; x_wconf 88' lang='lat' dir='ltr'><strong>percipiendum</strong></span> <span class='ocrx_word' id='word_1_217' title='bbox 988 3024 1063 3066; x_wconf 87' lang='lat' dir='ltr'><strong>curn</strong></span> <span class='ocrx_word' id='word_1_218' title='bbox 1073 3003 1256 3090; x_wconf 75' lang='lat' dir='ltr'><strong>gratiarum</strong></span> 
     </span>
     <span class='ocr_line' id='line_1_27' title="bbox 212 3105 1258 3197; baseline 0.006 -27"><span class='ocrx_word' id='word_1_219' title='bbox 212 3108 337 3176; x_wconf 79' lang='lat' dir='ltr'><strong>notione</strong></span> <span class='ocrx_word' id='word_1_220' title='bbox 351 3105 512 3183; x_wconf 85' lang='lat' dir='ltr'><strong>fidelibus,</strong></span> <span class='ocrx_word' id='word_1_221' title='bbox 529 3119 561 3172; x_wconf 87' lang='lat' dir='ltr'><strong>et</strong></span> <span class='ocrx_word' id='word_1_222' title='bbox 575 3107 637 3174; x_wconf 88' lang='lat' dir='ltr'><strong>bec</strong></span> <span class='ocrx_word' id='word_1_223' title='bbox 654 3109 757 3174; x_wconf 84' lang='lat' dir='ltr'><strong>secere</strong></span> <span class='ocrx_word' id='word_1_224' title='bbox 772 3131 847 3174; x_wconf 90' lang='lat' dir='ltr'><strong>cum</strong></span> <span class='ocrx_word' id='word_1_225' title='bbox 863 3109 912 3180; x_wconf 83' lang='lat' dir='ltr'><strong>bis</strong></span> <span class='ocrx_word' id='word_1_226' title='bbox 926 3111 982 3197; x_wconf 87' lang='lat' dir='ltr'><strong>qui</strong></span> <span class='ocrx_word' id='word_1_227' title='bbox 998 3109 1160 3176; x_wconf 84' lang='lat' dir='ltr'><strong>Christum</strong></span> <span class='ocrx_word' id='word_1_228' title='bbox 1177 3133 1258 3178; x_wconf 90' lang='lat' dir='ltr'><strong>eru·</strong></span> 
     </span>
     <span class='ocr_line' id='line_1_28' title="bbox 211 3213 1255 3305; baseline 0.002 -23"><span class='ocrx_word' id='word_1_229' title='bbox 211 3213 391 3288; x_wconf 68' lang='lat' dir='ltr'><strong>cinxerunt,</strong></span> <span class='ocrx_word' id='word_1_230' title='bbox 413 3225 582 3302; x_wconf 80' lang='lat' dir='ltr'><strong>acceptum</strong></span> <span class='ocrx_word' id='word_1_231' title='bbox 601 3237 669 3280; x_wconf 84' lang='lat' dir='ltr'><strong>esse</strong></span> <span class='ocrx_word' id='word_1_232' title='bbox 690 3239 754 3280; x_wconf 89' lang='lat' dir='ltr'><strong>nen</strong></span> <span class='ocrx_word' id='word_1_233' title='bbox 769 3228 875 3304; x_wconf 82' lang='lat' dir='ltr'><strong>potest</strong></span> <span class='ocrx_word' id='word_1_234' title='bbox 895 3217 974 3282; x_wconf 91' lang='lat' dir='ltr'><strong>Deo.</strong></span> <span class='ocrx_word' id='word_1_235' title='bbox 992 3217 1149 3305; x_wconf 78' lang='lat' dir='ltr'><strong>indignati</strong></span> <span class='ocrx_word' id='word_1_236' title='bbox 1172 3233 1255 3286; x_wconf 84' lang='lat' dir='ltr'><strong>sunt</strong></span> 
     </span>
     <span class='ocr_line' id='line_1_29' title="bbox 211 3323 1258 3413; baseline 0.006 -25"><span class='ocrx_word' id='word_1_237' title='bbox 211 3323 380 3411; x_wconf 77' lang='lat' dir='ltr'><strong>aliquando</strong></span> <span class='ocrx_word' id='word_1_238' title='bbox 403 3335 435 3387; x_wconf 81' lang='lat' dir='ltr'><strong>et</strong></span> <span class='ocrx_word' id='word_1_239' title='bbox 456 3323 601 3388; x_wconf 82' lang='lat' dir='ltr'><strong>Pherisaei</strong></span> <span class='ocrx_word' id='word_1_240' title='bbox 617 3325 767 3400; x_wconf 88' lang='lat' dir='ltr'><strong>Domino,</strong></span> <span class='ocrx_word' id='word_1_241' title='bbox 787 3348 845 3390; x_wconf 89' lang='lat' dir='ltr'><strong>cur</strong></span> <span class='ocrx_word' id='word_1_242' title='bbox 868 3325 937 3391; x_wconf 90' lang='lat' dir='ltr'><strong>Non</strong></span> <span class='ocrx_word' id='word_1_243' title='bbox 952 3326 1134 3413; x_wconf 78' lang='lat' dir='ltr'><strong>jejunarent</strong></span> <span class='ocrx_word' id='word_1_244' title='bbox 1150 3329 1258 3394; x_wconf 87' lang='lat' dir='ltr'><strong>disei-</strong></span> 
     </span>
     <span class='ocr_line' id='line_1_30' title="bbox 210 3429 1257 3525; baseline 0.009 -30"><span class='ocrx_word' id='word_1_245' title='bbox 210 3429 277 3521; x_wconf 92' lang='lat' dir='ltr'><strong>puli</strong></span> <span class='ocrx_word' id='word_1_246' title='bbox 287 3431 367 3516; x_wconf 85' lang='lat' dir='ltr'><strong>ejus.</strong></span> <span class='ocrx_word' id='word_1_247' title='bbox 381 3431 505 3509; x_wconf 84' lang='lat' dir='ltr'><strong>Quibus</strong></span> <span class='ocrx_word' id='word_1_248' title='bbox 518 3430 570 3496; x_wconf 89' lang='lat' dir='ltr'><strong>ille</strong></span> <span class='ocrx_word' id='word_1_249' title='bbox 582 3434 757 3520; x_wconf 85' lang='lat' dir='ltr'><strong>respondit,</strong></span> <span class='ocrx_word' id='word_1_250' title='bbox 769 3434 842 3521; x_wconf 89' lang='lat' dir='ltr'><strong>quin</strong></span> <span class='ocrx_word' id='word_1_251' title='bbox 854 3455 918 3499; x_wconf 90' lang='lat' dir='ltr'><strong>nen</strong></span> <span class='ocrx_word' id='word_1_252' title='bbox 930 3447 1062 3522; x_wconf 88' lang='lat' dir='ltr'><strong>possunt</strong></span> <span class='ocrx_word' id='word_1_253' title='bbox 1073 3434 1130 3500; x_wconf 89' lang='lat' dir='ltr'><strong>filii</strong></span> <span class='ocrx_word' id='word_1_254' title='bbox 1140 3441 1257 3525; x_wconf 85' lang='lat' dir='ltr'><strong>sponsi</strong></span> 
     </span>
     <span class='ocr_line' id='line_1_31' title="bbox 211 3538 1258 3630; baseline 0.005 -24"><span class='ocrx_word' id='word_1_255' title='bbox 211 3541 355 3630; x_wconf 78' lang='lat' dir='ltr'><strong>jejunare</strong></span> <span class='ocrx_word' id='word_1_256' title='bbox 370 3538 522 3625; x_wconf 82' lang='lat' dir='ltr'><strong>quamdiu</strong></span> <span class='ocrx_word' id='word_1_257' title='bbox 537 3562 612 3605; x_wconf 89' lang='lat' dir='ltr'><strong>cnm</strong></span> <span class='ocrx_word' id='word_1_258' title='bbox 627 3541 701 3628; x_wconf 89' lang='lat' dir='ltr'><strong>ipsis</strong></span> <span class='ocrx_word' id='word_1_259' title='bbox 716 3552 763 3608; x_wconf 80' lang='lat' dir='ltr'><strong>est</strong></span> <span class='ocrx_word' id='word_1_260' title='bbox 778 3541 935 3628; x_wconf 78' lang='lat' dir='ltr'><strong>sponsus⁴.</strong></span> <span class='ocrx_word' id='word_1_261' title='bbox 953 3541 1000 3607; x_wconf 91' lang='lat' dir='ltr'><strong>llli</strong></span> <span class='ocrx_word' id='word_1_262' title='bbox 1013 3565 1089 3630; x_wconf 75' lang='lat' dir='ltr'><strong>ergo</strong></span> <span class='ocrx_word' id='word_1_263' title='bbox 1101 3543 1258 3629; x_wconf 85' lang='lat' dir='ltr'><strong>jejunent</strong></span> 
     </span>
     <span class='ocr_line' id='line_1_32' title="bbox 210 3646 1256 3740; baseline 0.007 -27"><span class='ocrx_word' id='word_1_264' title='bbox 210 3649 264 3736; x_wconf 89' lang='lat' dir='ltr'><strong>qni</strong></span> <span class='ocrx_word' id='word_1_265' title='bbox 276 3646 482 3737; x_wconf 85' lang='lat' dir='ltr'><strong>perdiderunt</strong></span> <span class='ocrx_word' id='word_1_266' title='bbox 497 3669 661 3734; x_wconf 86' lang='lat' dir='ltr'><strong>sponsum,</strong></span> <span class='ocrx_word' id='word_1_267' title='bbox 675 3671 731 3715; x_wconf 90' lang='lat' dir='ltr'><strong>nos</strong></span> <span class='ocrx_word' id='word_1_268' title='bbox 744 3649 896 3715; x_wconf 78' lang='lat' dir='ltr'><strong>habentes</strong></span> <span class='ocrx_word' id='word_1_269' title='bbox 908 3651 1076 3717; x_wconf 88' lang='lat' dir='ltr'><strong>nobiscum</strong></span> <span class='ocrx_word' id='word_1_270' title='bbox 1093 3675 1256 3740; x_wconf 88' lang='lat' dir='ltr'><strong>sponsum</strong></span> 
     </span>
     <span class='ocr_line' id='line_1_33' title="bbox 212 3755 1257 3846; baseline 0.009 -25"><span class='ocrx_word' id='word_1_271' title='bbox 212 3755 357 3846; x_wconf 72' lang='lat' dir='ltr'><strong>jejunare</strong></span> <span class='ocrx_word' id='word_1_272' title='bbox 376 3776 441 3818; x_wconf 90' lang='lat' dir='ltr'><strong>non</strong></span> <span class='ocrx_word' id='word_1_273' title='bbox 461 3776 638 3841; x_wconf 87' lang='lat' dir='ltr'><strong>possumus.</strong></span> <span class='ocrx_word' id='word_1_274' title='bbox 662 3755 728 3823; x_wconf 85' lang='lat' dir='ltr'><strong>Nec</strong></span> <span class='ocrx_word' id='word_1_275' title='bbox 749 3757 811 3824; x_wconf 91' lang='lat' dir='ltr'><strong>hoc</strong></span> <span class='ocrx_word' id='word_1_276' title='bbox 837 3770 943 3824; x_wconf 84' lang='lat' dir='ltr'><strong>temen</strong></span> <span class='ocrx_word' id='word_1_277' title='bbox 962 3759 1034 3824; x_wconf 85' lang='lat' dir='ltr'><strong>ideo</strong></span> <span class='ocrx_word' id='word_1_278' title='bbox 1057 3759 1195 3828; x_wconf 80' lang='lat' dir='ltr'><strong>dicimus</strong></span> <span class='ocrx_word' id='word_1_279' title='bbox 1214 3777 1257 3830; x_wconf 91' lang='lat' dir='ltr'><strong>ut</strong></span> 
     </span>
    </p>
   </div>
   <div class='ocr_carea' id='block_1_4' title="bbox 246 3881 1226 3952">
    <p class='ocr_par' dir='ltr' id='par_1_4' title="bbox 246 3881 1226 3952">
     <span class='ocr_line' id='line_1_34' title="bbox 246 3881 1226 3952; baseline 0.007 -18"><span class='ocrx_word' id='word_1_280' title='bbox 246 3885 256 3918; x_wconf 90' lang='lat'>¹</span> <span class='ocrx_word' id='word_1_281' title='bbox 271 3885 350 3934; x_wconf 78' lang='lat' dir='ltr'><strong>sCor.</strong></span> <span class='ocrx_word' id='word_1_282' title='bbox 365 3901 403 3941; x_wconf 87' lang='grc' dir='ltr'>ιιι,</span> <span class='ocrx_word' id='word_1_283' title='bbox 417 3881 453 3931; x_wconf 83' lang='lat'><strong>18.</strong></span> <span class='ocrx_word' id='word_1_284' title='bbox 464 3909 494 3920; x_wconf 92' lang='lat'>-</span> <span class='ocrx_word' id='word_1_285' title='bbox 506 3881 517 3916; x_wconf 83' lang='lat'><strong>¹</strong></span> <span class='ocrx_word' id='word_1_286' title='bbox 530 3883 621 3933; x_wconf 80' lang='lat' dir='ltr'><strong>Psnlm.</strong></span> <span class='ocrx_word' id='word_1_287' title='bbox 631 3899 696 3946; x_wconf 80' lang='lat' dir='ltr'><strong>esu,</strong></span> <span class='ocrx_word' id='word_1_288' title='bbox 708 3889 731 3936; x_wconf 83' lang='lat'><strong>5.</strong></span> <span class='ocrx_word' id='word_1_289' title='bbox 746 3915 776 3924; x_wconf 91' lang='lat'><em>-</em></span> <span class='ocrx_word' id='word_1_290' title='bbox 787 3887 796 3922; x_wconf 78' lang='lat'>⁸</span> <span class='ocrx_word' id='word_1_291' title='bbox 806 3886 863 3952; x_wconf 81' lang='lat' dir='ltr'><strong>Col.</strong></span> <span class='ocrx_word' id='word_1_292' title='bbox 875 3905 913 3948; x_wconf 82' lang='grc' dir='ltr'>ιιι,</span> <span class='ocrx_word' id='word_1_293' title='bbox 926 3905 946 3936; x_wconf 93' lang='grc' dir='ltr'>ι.</span> <span class='ocrx_word' id='word_1_294' title='bbox 962 3917 991 3925; x_wconf 97' lang='grc'>-</span> <span class='ocrx_word' id='word_1_295' title='bbox 1005 3887 1015 3922; x_wconf 74' lang='lat'><strong>⁴</strong></span> <span class='ocrx_word' id='word_1_296' title='bbox 1028 3887 1121 3948; x_wconf 66' lang='lat' dir='ltr'><strong>Maesti.</strong></span> <span class='ocrx_word' id='word_1_297' title='bbox 1133 3906 1168 3949; x_wconf 87' lang='grc' dir='ltr'><strong>ιι,</strong></span> <span class='ocrx_word' id='word_1_298' title='bbox 1185 3889 1226 3941; x_wconf 88' lang='grc' dir='ltr'>ι5.</span> 
     </span>
    </p>
   </div>
   <div class='ocr_carea' id='block_1_5' title="bbox 0 0 1363 4610">
    <p class='ocr_par' dir='ltr' id='par_1_5' title="bbox 0 0 1363 4610">
     <span class='ocr_line' id='line_1_35' title="bbox 0 0 1363 4610; baseline 0 0"><span class='ocrx_word' id='word_1_299' title='bbox 0 0 1363 4610; x_wconf 95' lang='lat' dir='ltr'><strong> </strong></span> 
     </span>
    </p>
   </div>
  </div>
 </body>
</html>
