2660 4610
250 174 314 250 tue
693 192 834 236 onsonuss

249 341 312 406 que
331 317 514 405 susciperet.
537 315 715 405 Antequam
729 340 807 406 ergo
821 329 943 406 tempus
956 275 1190 400 horsmidae,
1202 329 1224 392 in

247 424 356 492 multis
370 423 564 512 Angelorum
575 425 749 491 ministerio
764 424 966 492 excolebatur
979 451 1079 516 sponsa
1097 433 1141 519 qui
1154 457 1226 522 uppr-

247 531 364 596 rebant
380 541 456 594 tuno
472 529 653 596 hominibus
667 540 700 594 et
715 529 971 618 loquebanturea
985 557 1048 621 que
1059 540 1225 624 resposoebut

246 650 279 703 et
294 650 431 727 tempus.
444 638 513 706 Non
526 637 612 703 enim
628 649 664 700 tu
676 637 753 704 mihi
764 662 803 704 ex
815 639 950 706 adventu
961 639 1148 708 Salvatorisin
1158 669 1227 710 carue

247 770 398 838 sponsam
422 747 505 822 dici,
521 758 577 812 aut
592 744 766 813 Ecclesiam
790 761 899 836 putes,
919 748 974 814 sed
988 751 1025 815 ub
1038 751 1116 816 initio
1130 751 1225 818 humani

247 857 395 946 generis,
417 867 449 920 et
470 857 511 920 ub
532 855 598 943 ipsa
620 855 845 922 constitutione
865 857 976 922 mundi
991 907 1000 934 ,
1017 859 1094 934 imo,
1113 873 1141 924 ut
1157 860 1226 926 Paulo

249 966 331 1030 duce
356 963 448 1030 altius
466 963 607 1052 mysterii
630 962 726 1052 hujus
749 965 902 1054 originem
918 978 1068 1056 repetam,
1086 980 1145 1033 aute
1158 971 1225 1034 etiam

151 1083 155 1091 ’
249 1072 511 1162 constitutionem
531 1073 653 1140 mundi.
676 1073 729 1139 sio
750 1075 836 1140 enim
855 1075 933 1142 dicit
949 1075 1034 1164 ipse:
1055 1077 1147 1142 «Sicut
1160 1077 1223 1166 clegit

250 1203 329 1246 snos
347 1180 381 1246 in
404 1180 531 1246 Christo
555 1192 627 1246 ante
653 1182 912 1248 constitutionem
932 1184 1059 1260 mundi,
1082 1197 1111 1250 ut
1127 1209 1223 1252 essemus

253 1290 376 1357 »sancti
398 1301 430 1355 et
452 1290 645 1358 immaculati
663 1312 772 1356 coram
787 1291 855 1378 ipso
877 1290 911 1356 in
932 1291 1094 1367 charitate,
1109 1294 1222 1380 predesti

254 1420 353 1462 »nans
369 1420 426 1462 nos
448 1397 480 1461 in
504 1395 706 1485 adoptionem
731 1394 900 1462 filiorum¹.
924 1425 937 1458 ι
963 1397 1026 1464 Sed
1046 1408 1076 1462 et
1093 1398 1119 1463 in
1135 1397 1219 1464 Puluis

249 1505 417 1572 scribitur:
443 1504 623 1571 «Memento
647 1505 899 1593 congregationis
922 1517 1004 1581 tuae,
1020 1505 1216 1592 Domiuuqum

249 1613 466 1702 »congregasti
482 1614 523 1678 ub
544 1610 688 1678 initio².·
715 1613 820 1680 Prima
844 1613 963 1679 etenim
985 1613 1214 1680 fundamentum

247 1722 437 1811 gregationis
451 1720 603 1788 Ecclesiae
624 1723 729 1788 statim
748 1722 789 1786 ab
805 1721 894 1786 initio
915 1734 991 1787 sunt
1007 1723 1114 1811 posite,
1129 1720 1208 1786 undeet

249 1828 420 1919 Apostolus
437 1830 513 1895 dicit
534 1829 682 1918 aedificari
701 1827 876 1895 Ecclesiam
891 1853 958 1894 non
976 1830 1076 1896 solum
1090 1827 1200 1916 supulpe

248 1937 401 2004 stolorum
427 1937 688 2012 fundamentum,
715 1937 881 2004 sedetiam
910 1933 1201 2027 prophetarentur

248 2045 422 2135 Prophetas
435 2059 541 2112 autem
556 2057 742 2112 numeretur
757 2058 790 2111 et
801 2047 924 2123 Adam,
941 2049 1017 2135 quia
1033 2061 1211 2134 magnunute

249 2156 365 2222 terium
378 2155 577 2245 prophetavit
587 2156 620 2220 in
633 2155 759 2221 Christo
768 2167 800 2220 et
809 2156 841 2222 in
852 2154 997 2222 Ecclesia
1009 2206 1017 2233 ,
1029 2156 1133 2222 dicens:
1145 2149 1213 2234 slep

252 2275 322 2329 »ter
343 2263 407 2330 hoc
428 2261 585 2351 relinquet
600 2263 697 2330 homo
716 2275 839 2352 patrem
859 2287 956 2330 suum
977 2275 1010 2330 et
1027 2275 1219 2329 metensem,

251 2384 304 2437 set
320 2371 493 2437 udhaerebit
508 2373 597 2437 uxori
613 2395 697 2448 suae,
712 2384 745 2436 et
762 2383 856 2437 erunt
871 2373 970 2438 umbo
988 2372 1020 2438 iu
1035 2393 1117 2437 carne
1131 2363 1216 2430 unul·

251 2477 422 2544 Evidenter
445 2478 530 2544 enim
551 2480 593 2544 de
611 2479 659 2545 his
681 2479 774 2544 dictis
798 2481 868 2567 ejus
890 2479 972 2545 dicit
996 2475 1161 2568 Apostolus,
1177 2468 1223 2557 quit

260 2587 471 2674 «mysterium
490 2587 552 2654 hoc
573 2611 724 2676 magnum
742 2586 790 2652 sit.
809 2589 876 2676 Ego
895 2601 1005 2654 autem
1025 2586 1126 2653 dicoin
1138 2580 1224 2644 Christ

250 2706 305 2758 »et
321 2695 353 2759 in
369 2695 511 2761 Ecclesia
524 2695 572 2760 ⁵.»
596 2695 660 2762 Sed
677 2707 708 2761 ct
726 2695 810 2761 idem
826 2695 999 2784 Apostolus
1020 2718 1088 2762 oum
1101 2690 1176 2757 dicit:
1189 2683 1225 2750 «Si

247 2801 357 2865 »enim
379 2799 554 2867 Ecclesiam
575 2798 702 2876 dilexit,
728 2812 762 2865 ut
784 2802 991 2889 semetipsum
1015 2801 1135 2866 traderet
1146 2815 1188 2882 pro
1203 2811 1225 2853 u

246 2908 471 2976 »sanctificans
493 2908 617 2975 lavaclo
639 2909 804 2996 aquae⁶zs
833 2932 897 2975 non
918 2911 1028 2998 utique
1051 2904 1226 2974 ostendittur

244 3017 335 3100 prius
359 3041 423 3082 non
439 3016 551 3092 fuisse,
570 3016 731 3104 quomodo
747 3017 833 3082 enim
856 3016 1016 3084 dilexisset
1035 3037 1098 3082 eam
1113 3031 1168 3100 que
1183 3025 1222 3072 ¹¹⁰n

242 3125 339 3188 erait
354 3127 408 3192 sed
430 3149 501 3192 enm
520 3125 587 3190 sine
606 3124 703 3189 dubio
721 3123 829 3190 dilexit
850 3147 919 3212 quae
936 3137 1012 3192 erat.
1035 3125 1102 3188 Erat
1114 3112 1223 3186 suumin

242 3233 397 3300 omnibus
409 3233 525 3300 sanctis
540 3234 591 3321 qui
609 3233 647 3298 ah
660 3233 751 3299 initio
768 3231 873 3300 saeculi
892 3233 1021 3300 suerunt
1036 3231 1115 3297 lacti.
1129 3223 1228 3312 Diligens

238 3335 343 3425 igitur
358 3364 428 3408 enm
440 3391 449 3416 ,
462 3342 546 3408 venit
562 3341 603 3406 ad
619 3363 700 3406 eam.
717 3343 757 3407 Et
771 3341 854 3406 sieut
877 3343 989 3430 «pueri
1000 3340 1045 3406 rui
1060 3333 1230 3406 communica·

236 3469 254 3502 ι
264 3461 382 3514 verunt
394 3448 481 3516 carni
496 3459 529 3513 et
543 3448 703 3536 sanguini,
718 3446 862 3514 similiter
877 3459 909 3513 et
924 3449 991 3537 ipse
1007 3447 1145 3537 particeps
1157 3440 1230 3504 sactus

50 3615 60 3654 y
234 3569 318 3622 sest
338 3554 542 3623 eorumdem⁷
555 3585 589 3632 ,s
617 3579 653 3622 nc
679 3557 880 3644 semetipsum
902 3579 961 3645 pro
983 3558 1026 3622 eis
1050 3552 1166 3620 tradidit·
1187 3544 1229 3633 llll

281 3719 293 3753 ¹
306 3723 392 3786 Eplrus.
412 3739 436 3784 ι,
457 3727 480 3781 A.
491 3750 522 3758 —
534 3716 545 3751 ²
556 3719 643 3770 Paulus.
664 3737 752 3780 miv,
767 3739 790 3770 a.
801 3749 836 3758 -
848 3717 857 3750 ⁸
869 3722 958 3786 Epirus.
970 3739 997 3770 ιι.
1017 3749 1022 3754 -
1046 3717 1116 3769 ¹Gru.
1128 3717 1199 3773 Μαί·
1209 3735 1227 3746 ·“

230 3801 245 3832 ⁵
261 3803 356 3869 Alphos.
370 3806 444 3870 v,32.
458 3803 507 3846 -⁰
520 3807 584 3856 lbid.
600 3810 642 3870 25,
656 3801 843 3857 alie-’Hebe
859 3825 900 3872 ιι,
915 3814 953 3870 sd.
985 3863 987 3871 ἢ
