2702 4610
395 329 430 374 ιιι
453 329 577 374 ιιιιοιιιιιι
600 329 729 372 ιιοιιιιιι
754 328 796 370 ιιι.
1055 305 1113 370 ιόὀ

71 447 103 534 ej
110 471 161 521 us,
176 461 211 513 et
227 445 314 512 velut
332 448 473 534 quodam
496 445 686 512 intolerabili
701 445 857 510 desiderio
872 442 1029 510 resolutus
1044 444 1116 508 esti'

73 559 85 622 l
91 571 170 624 tane
184 558 519 624 tandemoredendum
530 570 591 632 est,
600 558 672 645 quia
685 556 770 622 istud
779 552 1020 621 tabernaculum
1029 553 1116 643 quod

74 691 117 731 ox
134 665 276 753 pellibus
296 679 326 732 et
345 669 489 742 cortinis,
510 680 603 762 atque
620 666 824 756 operimentis
842 665 964 742 ciliciis,
984 663 1116 750 aliisque

80 779 190 842 nostri
207 791 277 842 usus
292 779 429 843 materiis
447 780 626 854 constabat,
642 778 799 866 Propheta
815 776 997 843 desiderans
1012 775 1117 841 ell'un-

85 887 179 952 deret
190 889 334 960 unimam,
348 909 385 952 ac
398 899 464 952 tota
478 899 584 952 mente
599 871 860 952 converteretur?
871 883 929 952 Vel
942 896 1028 950 certe
1040 905 1118 971 quo-

86 997 183 1062 rnodo
195 1019 300 1060 rerum
312 997 373 1060 erit
388 997 430 1060 de
441 997 502 1062 isto
513 996 575 1062 dici
588 994 807 1073 tabernaculo,
819 996 906 1083 quod
917 1018 981 1086 pon
994 993 1116 1058 habitet

85 1105 116 1173 in
133 1127 171 1168 eo
186 1105 243 1168 nisi
261 1105 441 1170 «innocens
452 1105 599 1170 manibus
613 1116 646 1169 et
658 1103 779 1169 mundo
794 1104 903 1177 eorde,
916 1103 971 1190 qui
986 1126 1050 1168 non
1066 1123 1118 1167 ac·

77 1243 91 1274 ι
107 1214 194 1302 oepit
208 1213 242 1278 in
257 1235 378 1278 vanum
393 1213 533 1278 animam
551 1237 640 1278 suam
651 1213 676 1288 ¹,
689 1209 787 1279 »oum
802 1212 984 1300 Regnorum
1003 1211 1117 1299 prodat

72 1321 210 1387 historia
223 1323 386 1387 habitasse
402 1323 434 1386 in
454 1323 660 1388 tabernaculo
681 1323 740 1388 Dei
763 1321 942 1387 sacerdotes
963 1323 1114 1409 pessimos

75 1429 162 1494 salios
179 1428 390 1516 pestilentiae²,
409 1444 443 1495 ot
464 1431 564 1518 ipsam
580 1454 709 1519 quoque
732 1454 838 1496 arcam
859 1431 1051 1507 testamenti,
1075 1434 1115 1496 ab

81 1537 263 1626 Allophylis
284 1550 418 1627 captam,
437 1541 521 1627 apud
541 1540 655 1628 impios
674 1553 706 1605 et
727 1541 875 1628 profanos
896 1539 991 1605 luisse
1008 1540 1117 1605 deten-

84 1648 248 1714 tam⁸PEx
258 1649 371 1736 quibus
387 1649 536 1715 omnihus
549 1662 674 1716 constat
688 1648 781 1738 louge
792 1647 855 1714 alio
866 1671 960 1714 sensu
972 1649 1115 1738 Prophe·

82 1769 144 1822 tam
161 1759 280 1822 sentire
295 1757 336 1822 de
352 1757 560 1824 tabernaculo
575 1759 650 1833 hoc,
667 1759 700 1823 in
716 1781 780 1846 quo
797 1758 874 1823 dicit
888 1759 975 1846 quod
988 1782 1052 1824 non
1065 1758 1118 1824 ba-

77 1868 157 1932 bitet
172 1867 206 1932 iu
229 1889 270 1932 eo
284 1867 346 1934 nisi
369 1867 549 1933 «innocens
565 1870 713 1934 manibus
735 1880 768 1933 et
790 1868 912 1933 mundo
934 1867 1045 1944 eorde,
1061 1869 1116 1956 qui

76 2007 88 2036 ι
104 2000 172 2042 non
188 1977 315 2064 aceepit
331 1978 364 2042 in
381 2001 496 2043 vanum
510 1979 650 2045 animam
670 2002 759 2044 suam
770 1977 796 2053 ⁸,
810 2002 869 2044 neo
883 1978 957 2043 feeit
972 1979 1115 2066 proximo

78 2111 164 2151 asuo
188 2085 309 2151 malum
330 2100 363 2152 et
379 2088 584 2175 opprobrium
598 2112 673 2160 ¹nou
694 2089 817 2177 accepit
839 2088 987 2154 adversus
1008 2089 1116 2177 proxi-

82 2225 95 2256 »
108 2219 201 2260 mum
213 2195 332 2260 suum‘.
344 2195 476 2261 »Talem
489 2220 564 2284 argo
576 2210 701 2285 oportet
713 2220 782 2262 esse
792 2197 888 2285 hujus
901 2197 1112 2262 habitatorem

86 2302 296 2376 tabernaculi,
308 2305 392 2390 quod
403 2303 496 2369 linxit
507 2304 674 2380 Dominus,
687 2319 719 2370 ot
730 2328 795 2371 nou
811 2305 918 2372 homo.
934 2305 998 2370 Sed
1013 2305 1118 2372 veniass

82 2437 157 2479 mus
179 2412 327 2479 etiamad
345 2413 531 2503 Evangelia,
547 2416 572 2480 si
593 2416 671 2502 quid
690 2416 724 2481 in
745 2416 818 2503 ipsis
834 2415 897 2480 diei
913 2416 953 2480 de
968 2417 1116 2482 taberna·

77 2523 159 2589 culis
183 2523 375 2598 invenimus,
398 2534 433 2589 ut
456 2547 514 2612 per
537 2523 725 2590 sententiam
748 2524 876 2589 Domini
902 2524 1117 2588 indubitatum

73 2633 177 2722 possit
192 2655 264 2696 esso
279 2633 365 2719 quod
380 2633 560 2721 quaerimus.
584 2635 766 2700 invenimus
784 2656 861 2724 ergo
881 2635 984 2721 ipsum
1006 2630 1116 2698 Salva-

72 2755 180 2807 torem
197 2741 311 2806 Jesum
328 2740 490 2806 Christum
504 2741 745 2808 tabernaculum
757 2765 819 2809 uon
834 2767 946 2818 unum,
958 2742 1014 2808 sed
1025 2742 1114 2831 plara

74 2861 329 2925 memorantem,
351 2862 383 2915 et
404 2873 469 2916 non
492 2850 691 2940 temporalia,
712 2853 767 2917 sed
782 2864 898 2918 aeterna
915 2875 989 2918 oum
1009 2852 1087 2918 dicit
1104 2874 1112 2916 ι

81 2991 93 3020 ι
109 2963 225 3028 Facite
245 2959 334 3026 vobio
349 2961 468 3025 amicos
484 2961 523 3026 de
538 2961 647 3049 iniquo
662 2985 857 3038 mammona,
877 2975 911 3026 ut
932 2985 1007 3028 cum
1028 2962 1117 3027 dele·

76 3071 231 3145 scaritis,
257 3069 411 3157 recipiant
433 3093 486 3136 vos
508 3071 541 3136 in
560 3083 677 3136 aeterna
705 3069 908 3136 tabernaculo
925 3070 947 3135 ⁸.
962 3101 976 3134 ι
992 3072 1117 3138 Audisti

75 3179 344 3267 pronuntiantem
370 3179 543 3244 Dominum
567 3191 683 3245 aeterua
707 3203 776 3245 esse
802 3179 1018 3258 tabernacula,
1041 3182 1118 3248 audi

77 3313 164 3356 nune
186 3302 221 3355 ot
247 3286 436 3376 Apostolum
459 3287 619 3354 dicentem
636 3311 645 3354 ι
663 3317 676 3351 ι
692 3289 948 3358 'labernaoulum
972 3304 1116 3358 nostrum

82 3401 195 3485 »quod
209 3398 252 3464 de
269 3396 352 3464 eoelo
371 3411 433 3472 est,
453 3399 637 3486 superindui
653 3400 816 3488 cupientes
827 3399 872 3465 ’.ι
892 3401 1041 3468 Nondum
1060 3401 1117 3467 tibi

87 3531 126 3572 ex
140 3510 185 3574 his
198 3509 350 3575 omnibus
370 3508 430 3573 iter
451 3511 604 3596 aperitur,
625 3533 688 3596 quo
709 3509 859 3576 derelicto
880 3523 963 3576 terro
982 3533 1117 3597 sequens

85 3617 308 3707 Prophetieum
330 3627 364 3683 et
386 3616 604 3705 Apostolioum
628 3641 768 3694 sensum,
791 3631 824 3683 et
849 3618 949 3706 (quod
972 3620 1115 3684 omnium

82 3730 252 3795 ιιιιιιιίιιιιιιιι
270 3729 334 3816 est)
349 3717 484 3814 sequens
501 3729 634 3793 verbum
650 3727 780 3803 Christi,
797 3738 862 3794 tota
878 3739 985 3794 mente
999 3741 1032 3793 et
1048 3739 1116 3792 toto

113 3891 194 3940 'l'sab
210 3891 319 3948 strand.
333 3887 386 3926 -2
404 3905 412 3936 t
433 3890 494 3955 lleg.
508 3908 536 3938 ιι.
548 3889 596 3927 -i
613 3891 656 3941 ld.
676 3905 708 3940 ιι.
722 3919 752 3930 -·
763 3891 772 3922 l
785 3891 850 3941 Psal.
864 3892 976 3955 ιιιιιι,4.
987 3919 1016 3930 ·-
1028 3891 1037 3923 ⁵
1051 3890 1116 3942 Psal.

81 3985 130 4028 m,
140 3969 163 4016 b.
175 3997 206 4007 -
215 3967 225 4000 ⁰
235 3969 300 4018 buo.
311 3981 363 4025 ιιιι,
375 3981 399 4030 9.
411 3993 442 4004 -
454 3965 463 3998 ⁷
475 3984 488 4016 a
499 3965 559 4016 Gor.
571 3980 595 4025 ι,
610 3983 632 4016 a.
