<?xml version="1.0" encoding="UTF-8"?>
<!DOCTYPE html PUBLIC "-//W3C//DTD XHTML 1.0 Transitional//EN"
    "http://www.w3.org/TR/xhtml1/DTD/xhtml1-transitional.dtd">
<html xmlns="http://www.w3.org/1999/xhtml" xml:lang="en" lang="en">
 <head>
  <title>
</title>
<meta http-equiv="Content-Type" content="text/html;charset=utf-8" />
  <meta name='ocr-system' content='tesseract 3.04.00' />
  <meta name='ocr-capabilities' content='ocr_page ocr_carea ocr_par ocr_line ocrx_word'/>
</head>
<body>
  <div class='ocr_page' id='page_1' title='image "./collectioselect01guilgoog_0114.png"; bbox 0 0 2702 4610; ppageno 0'>
   <div class='ocr_carea' id='block_1_1' title="bbox 18 3977 20 4024">
    <p class='ocr_par' dir='ltr' id='par_1_1' title="bbox 18 3977 20 4024">
     <span class='ocr_line' id='line_1_1' title="bbox 18 3977 20 4024; baseline 0 0"><span class='ocrx_word' id='word_1_1' title='bbox 18 3977 20 4024; x_wconf 92' lang='lat' dir='ltr'><strong>l</strong></span> 
     </span>
    </p>
   </div>
   <div class='ocr_carea' id='block_1_2' title="bbox 236 205 820 304">
    <p class='ocr_par' dir='ltr' id='par_1_2' title="bbox 236 205 820 304">
     <span class='ocr_line' id='line_1_2' title="bbox 236 205 820 304; baseline -0.01 -4"><span class='ocrx_word' id='word_1_2' title='bbox 236 253 296 304; x_wconf 78' lang='lat' dir='ltr'><strong>uo</strong></span> <span class='ocrx_word' id='word_1_3' title='bbox 433 205 435 212; x_wconf 68' lang='lat'><em>,</em></span> <span class='ocrx_word' id='word_1_4' title='bbox 681 251 820 298; x_wconf 80' lang='lat' dir='ltr'><strong>ouonnrs</strong></span> 
     </span>
    </p>
   </div>
   <div class='ocr_carea' id='block_1_3' title="bbox 222 372 1331 2974">
    <p class='ocr_par' dir='ltr' id='par_1_3' title="bbox 227 372 1268 1774">
     <span class='ocr_line' id='line_1_3' title="bbox 231 372 1268 465; baseline -0.005 -23"><span class='ocrx_word' id='word_1_5' title='bbox 231 375 308 444; x_wconf 76' lang='lat' dir='ltr'><strong>linia</strong></span> <span class='ocrx_word' id='word_1_6' title='bbox 328 374 450 444; x_wconf 86' lang='lat' dir='ltr'><strong>mundo</strong></span> <span class='ocrx_word' id='word_1_7' title='bbox 468 388 504 439; x_wconf 89' lang='lat' dir='ltr'><strong>ut</strong></span> <span class='ocrx_word' id='word_1_8' title='bbox 517 397 593 440; x_wconf 84' lang='lat' dir='ltr'><strong>eum</strong></span> <span class='ocrx_word' id='word_1_9' title='bbox 605 375 717 444; x_wconf 81' lang='lat' dir='ltr'><strong>donem</strong></span> <span class='ocrx_word' id='word_1_10' title='bbox 732 376 842 465; x_wconf 84' lang='lat' dir='ltr'><strong>plagis,</strong></span> <span class='ocrx_word' id='word_1_11' title='bbox 855 375 887 441; x_wconf 92' lang='lat' dir='ltr'><strong>id</strong></span> <span class='ocrx_word' id='word_1_12' title='bbox 900 385 959 450; x_wconf 83' lang='lat' dir='ltr'><strong>est,</strong></span> <span class='ocrx_word' id='word_1_13' title='bbox 975 375 1084 442; x_wconf 79' lang='lat' dir='ltr'><strong>donem</strong></span> <span class='ocrx_word' id='word_1_14' title='bbox 1099 372 1268 439; x_wconf 73' lang='lat' dir='ltr'><strong>mandatis</strong></span> 
     </span>
     <span class='ocr_line' id='line_1_4' title="bbox 230 480 1267 576; baseline -0.004 -24"><span class='ocrx_word' id='word_1_15' title='bbox 230 507 301 576; x_wconf 70' lang='lat' dir='ltr'><strong>que</strong></span> <span class='ocrx_word' id='word_1_16' title='bbox 316 485 348 550; x_wconf 91' lang='lat' dir='ltr'><strong>in</strong></span> <span class='ocrx_word' id='word_1_17' title='bbox 367 480 527 572; x_wconf 75' lang='lat' dir='ltr'><strong>Decologa</strong></span> <span class='ocrx_word' id='word_1_18' title='bbox 541 487 759 561; x_wconf 81' lang='lat' dir='ltr'><strong>eontinentur,</strong></span> <span class='ocrx_word' id='word_1_19' title='bbox 774 486 921 576; x_wconf 84' lang='lat' dir='ltr'><strong>eorripiat</strong></span> <span class='ocrx_word' id='word_1_20' title='bbox 934 498 967 553; x_wconf 81' lang='lat' dir='ltr'><strong>et</strong></span> <span class='ocrx_word' id='word_1_21' title='bbox 979 485 1125 552; x_wconf 81' lang='lat' dir='ltr'><strong>emendet</strong></span> <span class='ocrx_word' id='word_1_22' title='bbox 1142 501 1161 551; x_wconf 72' lang='grc' dir='ltr'><strong>ε·</strong></span> <span class='ocrx_word' id='word_1_23' title='bbox 1172 485 1267 573; x_wconf 74' lang='lat' dir='ltr'><strong>virga</strong></span> 
     </span>
     <span class='ocr_line' id='line_1_5' title="bbox 230 591 1268 684; baseline -0.001 -24"><span class='ocrx_word' id='word_1_24' title='bbox 230 617 306 684; x_wconf 82' lang='lat' dir='ltr'><strong>orgo</strong></span> <span class='ocrx_word' id='word_1_25' title='bbox 327 616 495 683; x_wconf 82' lang='lat' dir='ltr'><strong>perquam</strong></span> <span class='ocrx_word' id='word_1_26' title='bbox 518 607 673 684; x_wconf 80' lang='lat' dir='ltr'><strong>geruntur</strong></span> <span class='ocrx_word' id='word_1_27' title='bbox 687 595 756 662; x_wconf 72' lang='lat' dir='ltr'><strong>hara</strong></span> <span class='ocrx_word' id='word_1_28' title='bbox 778 595 894 671; x_wconf 84' lang='lat' dir='ltr'><strong>omnia,</strong></span> <span class='ocrx_word' id='word_1_29' title='bbox 912 617 969 683; x_wconf 79' lang='lat' dir='ltr'><strong>pur</strong></span> <span class='ocrx_word' id='word_1_30' title='bbox 987 617 1082 683; x_wconf 83' lang='lat' dir='ltr'><strong>quarn</strong></span> <span class='ocrx_word' id='word_1_31' title='bbox 1102 591 1268 682; x_wconf 69' lang='lat' dir='ltr'><strong>AEgyptut</strong></span> 
     </span>
     <span class='ocr_line' id='line_1_6' title="bbox 229 702 1266 793; baseline -0.003 -23"><span class='ocrx_word' id='word_1_32' title='bbox 229 703 400 792; x_wconf 82' lang='lat' dir='ltr'><strong>subjicitur</strong></span> <span class='ocrx_word' id='word_1_33' title='bbox 416 716 448 768; x_wconf 82' lang='lat' dir='ltr'><strong>et</strong></span> <span class='ocrx_word' id='word_1_34' title='bbox 466 702 589 770; x_wconf 77' lang='lat' dir='ltr'><strong>Pharao</strong></span> <span class='ocrx_word' id='word_1_35' title='bbox 604 719 783 793; x_wconf 81' lang='lat' dir='ltr'><strong>superatur.</strong></span> <span class='ocrx_word' id='word_1_36' title='bbox 799 728 878 772; x_wconf 84' lang='lat' dir='ltr'><strong>orux</strong></span> <span class='ocrx_word' id='word_1_37' title='bbox 891 704 1003 770; x_wconf 78' lang='lat' dir='ltr'>Christi</span> <span class='ocrx_word' id='word_1_38' title='bbox 1022 707 1074 782; x_wconf 79' lang='lat' dir='ltr'><strong>sit,</strong></span> <span class='ocrx_word' id='word_1_39' title='bbox 1090 725 1266 793; x_wconf 75' lang='lat' dir='ltr'><strong>perquam</strong></span> 
     </span>
     <span class='ocr_line' id='line_1_7' title="bbox 230 810 1268 903; baseline -0.009 -19"><span class='ocrx_word' id='word_1_40' title='bbox 230 810 370 884; x_wconf 75' lang='lat' dir='ltr'><strong>muudus</strong></span> <span class='ocrx_word' id='word_1_41' title='bbox 383 811 599 888; x_wconf 62' lang='lat' dir='ltr'><strong>hiasiuodur,</strong></span> <span class='ocrx_word' id='word_1_42' title='bbox 610 825 644 880; x_wconf 84' lang='lat' dir='ltr'><strong>st</strong></span> <span class='ocrx_word' id='word_1_43' title='bbox 661 813 807 903; x_wconf 83' lang='lat' dir='ltr'><strong>princeps</strong></span> <span class='ocrx_word' id='word_1_44' title='bbox 820 814 915 903; x_wconf 82' lang='lat' dir='ltr'><strong>hujus</strong></span> <span class='ocrx_word' id='word_1_45' title='bbox 931 815 1037 880; x_wconf 90' lang='lat' dir='ltr'><strong>mundi</strong></span> <span class='ocrx_word' id='word_1_46' title='bbox 1052 837 1127 880; x_wconf 84' lang='lat' dir='ltr'><strong>oum</strong></span> <span class='ocrx_word' id='word_1_47' title='bbox 1142 812 1268 901; x_wconf 73' lang='lat' dir='ltr'><strong>prind-</strong></span> 
     </span>
     <span class='ocr_line' id='line_1_8' title="bbox 229 919 1266 1012; baseline -0.003 -24"><span class='ocrx_word' id='word_1_48' title='bbox 229 919 358 1012; x_wconf 81' lang='lat' dir='ltr'><strong>palibus</strong></span> <span class='ocrx_word' id='word_1_49' title='bbox 368 932 401 988; x_wconf 85' lang='lat' dir='ltr'><strong>ot</strong></span> <span class='ocrx_word' id='word_1_50' title='bbox 412 922 621 1010; x_wconf 68' lang='lat' dir='ltr'><strong>potestatibus</strong></span> <span class='ocrx_word' id='word_1_51' title='bbox 632 923 856 1011; x_wconf 80' lang='lat' dir='ltr'><strong>triumphatur.</strong></span> <span class='ocrx_word' id='word_1_52' title='bbox 868 923 962 1002; x_wconf 90' lang='lat' dir='ltr'><strong>Quod</strong></span> <span class='ocrx_word' id='word_1_53' title='bbox 971 935 1077 988; x_wconf 84' lang='lat' dir='ltr'><strong>autom</strong></span> <span class='ocrx_word' id='word_1_54' title='bbox 1088 923 1175 1010; x_wconf 77' lang='lat' dir='ltr'><strong>virga</strong></span> <span class='ocrx_word' id='word_1_55' title='bbox 1186 943 1266 1008; x_wconf 70' lang='lat' dir='ltr'><strong>pro</strong></span> 
     </span>
     <span class='ocr_line' id='line_1_9' title="bbox 230 1029 1262 1121; baseline -0.004 -23"><span class='ocrx_word' id='word_1_56' title='bbox 230 1032 313 1120; x_wconf 76' lang='lat' dir='ltr'><strong>jecta</strong></span> <span class='ocrx_word' id='word_1_57' title='bbox 329 1031 370 1096; x_wconf 84' lang='lat' dir='ltr'><strong>sit</strong></span> <span class='ocrx_word' id='word_1_58' title='bbox 384 1030 494 1106; x_wconf 84' lang='lat' dir='ltr'><strong>draco.</strong></span> <span class='ocrx_word' id='word_1_59' title='bbox 508 1029 556 1096; x_wconf 80' lang='lat' dir='ltr'><strong>rel</strong></span> <span class='ocrx_word' id='word_1_60' title='bbox 573 1054 715 1121; x_wconf 85' lang='lat' dir='ltr'><strong>serpens,</strong></span> <span class='ocrx_word' id='word_1_61' title='bbox 724 1043 758 1097; x_wconf 86' lang='lat' dir='ltr'><strong>et</strong></span> <span class='ocrx_word' id='word_1_62' title='bbox 768 1033 897 1098; x_wconf 79' lang='lat' dir='ltr'><strong>devorat</strong></span> <span class='ocrx_word' id='word_1_63' title='bbox 911 1029 1127 1120; x_wconf 79' lang='lat' dir='ltr'><strong>AEgyptiorum</strong></span> <span class='ocrx_word' id='word_1_64' title='bbox 1143 1053 1262 1119; x_wconf 83' lang='lat' dir='ltr'><strong>mago·</strong></span> 
     </span>
     <span class='ocr_line' id='line_1_10' title="bbox 230 1137 1261 1230; baseline -0.009 -20"><span class='ocrx_word' id='word_1_65' title='bbox 230 1165 303 1210; x_wconf 81' lang='lat' dir='ltr'><strong>rum</strong></span> <span class='ocrx_word' id='word_1_66' title='bbox 326 1151 502 1230; x_wconf 85' lang='lat' dir='ltr'><strong>serpentes,</strong></span> <span class='ocrx_word' id='word_1_67' title='bbox 525 1140 580 1228; x_wconf 83' lang='lat' dir='ltr'><strong>qui</strong></span> <span class='ocrx_word' id='word_1_68' title='bbox 605 1139 638 1210; x_wconf 88' lang='lat' dir='ltr'><strong>id</strong></span> <span class='ocrx_word' id='word_1_69' title='bbox 659 1137 805 1206; x_wconf 85' lang='lat' dir='ltr'><strong>similiter</strong></span> <span class='ocrx_word' id='word_1_70' title='bbox 824 1138 976 1212; x_wconf 78' lang='lat' dir='ltr'><strong>fecerant3</strong></span> <span class='ocrx_word' id='word_1_71' title='bbox 998 1149 1175 1228; x_wconf 74' lang='lat' dir='ltr'><strong>serpemem</strong></span> <span class='ocrx_word' id='word_1_72' title='bbox 1196 1161 1261 1225; x_wconf 82' lang='lat' dir='ltr'><strong>pro</strong></span> 
     </span>
     <span class='ocr_line' id='line_1_11' title="bbox 228 1243 1259 1341; baseline -0.01 -23"><span class='ocrx_word' id='word_1_73' title='bbox 228 1247 380 1341; x_wconf 75' lang='lat' dir='ltr'><strong>sapientia</strong></span> <span class='ocrx_word' id='word_1_74' title='bbox 395 1249 470 1338; x_wconf 89' lang='lat' dir='ltr'><strong>poni</strong></span> <span class='ocrx_word' id='word_1_75' title='bbox 480 1247 528 1314; x_wconf 77' lang='lat' dir='ltr'><strong>sel</strong></span> <span class='ocrx_word' id='word_1_76' title='bbox 540 1247 720 1338; x_wconf 80' lang='lat' dir='ltr'><strong>prudentia.</strong></span> <span class='ocrx_word' id='word_1_77' title='bbox 733 1247 852 1318; x_wconf 83' lang='lat' dir='ltr'><strong>indicat</strong></span> <span class='ocrx_word' id='word_1_78' title='bbox 859 1243 1053 1336; x_wconf 80' lang='lat' dir='ltr'><strong>evangelicus</strong></span> <span class='ocrx_word' id='word_1_79' title='bbox 1064 1268 1170 1310; x_wconf 81' lang='lat' dir='ltr'><strong>sonmo</strong></span> <span class='ocrx_word' id='word_1_80' title='bbox 1181 1266 1259 1310; x_wconf 86' lang='lat' dir='ltr'><strong>oum</strong></span> 
     </span>
     <span class='ocr_line' id='line_1_12' title="bbox 230 1351 1256 1446; baseline -0.008 -20"><span class='ocrx_word' id='word_1_81' title='bbox 230 1358 306 1428; x_wconf 83' lang='lat' dir='ltr'><strong>dicit</strong></span> <span class='ocrx_word' id='word_1_82' title='bbox 324 1381 357 1422; x_wconf 77' lang='lat' dir='ltr'><strong>:s</strong></span> <span class='ocrx_word' id='word_1_83' title='bbox 373 1359 483 1426; x_wconf 85' lang='lat' dir='ltr'><strong>Estote</strong></span> <span class='ocrx_word' id='word_1_84' title='bbox 499 1357 673 1446; x_wconf 82' lang='lat' dir='ltr'><strong>prudentes</strong></span> <span class='ocrx_word' id='word_1_85' title='bbox 695 1368 846 1445; x_wconf 62' lang='lat' dir='ltr'><strong>uoquun</strong></span> <span class='ocrx_word' id='word_1_86' title='bbox 863 1353 1058 1444; x_wconf 75' lang='lat' dir='ltr'><strong>serpoateo¹s</strong></span> <span class='ocrx_word' id='word_1_87' title='bbox 1071 1381 1084 1422; x_wconf 85' lang='grc' dir='ltr'>ι</span> <span class='ocrx_word' id='word_1_88' title='bbox 1099 1365 1131 1418; x_wconf 89' lang='lat' dir='ltr'><strong>ot</strong></span> <span class='ocrx_word' id='word_1_89' title='bbox 1148 1351 1225 1418; x_wconf 73' lang='lat' dir='ltr'><strong>aliisi</strong></span> <span class='ocrx_word' id='word_1_90' title='bbox 1245 1375 1256 1418; x_wconf 76' lang='grc' dir='ltr'><strong><em>ε</em></strong></span> 
     </span>
     <span class='ocr_line' id='line_1_13' title="bbox 237 1463 1257 1560; baseline -0.001 -28"><span class='ocrx_word' id='word_1_91' title='bbox 237 1469 402 1560; x_wconf 78' lang='lat' dir='ltr'><strong>«Serpens</strong></span> <span class='ocrx_word' id='word_1_92' title='bbox 421 1479 491 1536; x_wconf 88' lang='lat' dir='ltr'><strong>erat</strong></span> <span class='ocrx_word' id='word_1_93' title='bbox 503 1467 692 1556; x_wconf 76' lang='lat' dir='ltr'><strong>prudentior</strong></span> <span class='ocrx_word' id='word_1_94' title='bbox 705 1467 854 1536; x_wconf 82' lang='lat' dir='ltr'><strong>omuibus</strong></span> <span class='ocrx_word' id='word_1_95' title='bbox 869 1464 1078 1536; x_wconf 78' lang='lat' dir='ltr'><strong>animantibus</strong></span> <span class='ocrx_word' id='word_1_96' title='bbox 1097 1475 1131 1528; x_wconf 85' lang='lat' dir='ltr'><strong>et</strong></span> <span class='ocrx_word' id='word_1_97' title='bbox 1148 1463 1257 1531; x_wconf 78' lang='lat' dir='ltr'><strong>hostiis</strong></span> 
     </span>
     <span class='ocr_line' id='line_1_14' title="bbox 230 1573 1257 1674; baseline -0.004 -30"><span class='ocrx_word' id='word_1_98' title='bbox 230 1609 243 1644; x_wconf 89' lang='grc' dir='ltr'>ι</span> <span class='ocrx_word' id='word_1_99' title='bbox 257 1603 330 1670; x_wconf 72' lang='lat' dir='ltr'><strong>quse</strong></span> <span class='ocrx_word' id='word_1_100' title='bbox 341 1589 433 1644; x_wconf 87' lang='lat' dir='ltr'><strong>eraut</strong></span> <span class='ocrx_word' id='word_1_101' title='bbox 447 1577 480 1644; x_wconf 89' lang='lat' dir='ltr'><strong>ia</strong></span> <span class='ocrx_word' id='word_1_102' title='bbox 492 1575 641 1674; x_wconf 80' lang='lat' dir='ltr'><strong>Paradiso</strong></span> <span class='ocrx_word' id='word_1_103' title='bbox 648 1575 671 1642; x_wconf 83' lang='lat'><strong>².</strong></span> <span class='ocrx_word' id='word_1_104' title='bbox 690 1577 800 1644; x_wconf 75' lang='lat' dir='ltr'><strong>»Crux</strong></span> <span class='ocrx_word' id='word_1_105' title='bbox 817 1599 892 1665; x_wconf 87' lang='lat' dir='ltr'><strong>ergo</strong></span> <span class='ocrx_word' id='word_1_106' title='bbox 904 1573 1031 1650; x_wconf 79' lang='lat' dir='ltr'><strong>Christi,</strong></span> <span class='ocrx_word' id='word_1_107' title='bbox 1043 1574 1133 1663; x_wconf 84' lang='lat' dir='ltr'><strong>cujus</strong></span> <span class='ocrx_word' id='word_1_108' title='bbox 1147 1574 1257 1662; x_wconf 75' lang='lat' dir='ltr'><strong>praedi-</strong></span> 
     </span>
     <span class='ocr_line' id='line_1_15' title="bbox 227 1680 1243 1774; baseline -0.01 -16"><span class='ocrx_word' id='word_1_109' title='bbox 227 1689 311 1758; x_wconf 76' lang='lat' dir='ltr'><strong>ontio</strong></span> <span class='ocrx_word' id='word_1_110' title='bbox 326 1684 457 1758; x_wconf 78' lang='lat' dir='ltr'><strong>stultitia</strong></span> <span class='ocrx_word' id='word_1_111' title='bbox 469 1683 648 1764; x_wconf 77' lang='lat' dir='ltr'><strong>ridebatur,</strong></span> <span class='ocrx_word' id='word_1_112' title='bbox 660 1707 756 1774; x_wconf 81' lang='lat' dir='ltr'><strong>quarn</strong></span> <span class='ocrx_word' id='word_1_113' title='bbox 771 1683 908 1772; x_wconf 76' lang='lat' dir='ltr'><strong>Moyses,</strong></span> <span class='ocrx_word' id='word_1_114' title='bbox 919 1683 952 1749; x_wconf 91' lang='lat' dir='ltr'><strong>id</strong></span> <span class='ocrx_word' id='word_1_115' title='bbox 965 1692 1025 1758; x_wconf 81' lang='lat' dir='ltr'><strong>est.</strong></span> <span class='ocrx_word' id='word_1_116' title='bbox 1036 1680 1088 1748; x_wconf 82' lang='lat' dir='ltr'><strong>lex</strong></span> <span class='ocrx_word' id='word_1_117' title='bbox 1102 1682 1243 1756; x_wconf 65' lang='lat' dir='ltr'><strong>continet</strong></span> 
     </span>
    </p>

    <p class='ocr_par' dir='ltr' id='par_1_4' title="bbox 226 1791 1243 1882">
     <span class='ocr_line' id='line_1_16' title="bbox 226 1791 1243 1882; baseline -0.002 -18"><span class='ocrx_word' id='word_1_118' title='bbox 226 1797 311 1866; x_wconf 83' lang='lat' dir='ltr'><strong>sieut</strong></span> <span class='ocrx_word' id='word_1_119' title='bbox 331 1793 488 1879; x_wconf 78' lang='lat' dir='ltr'><strong>Dominus</strong></span> <span class='ocrx_word' id='word_1_120' title='bbox 504 1792 603 1866; x_wconf 64' lang='lat' dir='ltr'><strong>disits</strong></span> <span class='ocrx_word' id='word_1_121' title='bbox 622 1791 698 1859; x_wconf 80' lang='lat' dir='ltr'><strong>rllo</strong></span> <span class='ocrx_word' id='word_1_122' title='bbox 717 1815 770 1860; x_wconf 82' lang='lat' dir='ltr'><strong>me</strong></span> <span class='ocrx_word' id='word_1_123' title='bbox 789 1794 875 1860; x_wconf 84' lang='lat' dir='ltr'><strong>enim</strong></span> <span class='ocrx_word' id='word_1_124' title='bbox 896 1791 949 1860; x_wconf 85' lang='lat' dir='ltr'><strong>ille</strong></span> <span class='ocrx_word' id='word_1_125' title='bbox 972 1793 1129 1882; x_wconf 75' lang='lat' dir='ltr'><strong>scripsit⁸3</strong></span> <span class='ocrx_word' id='word_1_126' title='bbox 1145 1792 1243 1868; x_wconf 68' lang='lat' dir='ltr'><strong>»hoe</strong></span> 
     </span>
    </p>

    <p class='ocr_par' dir='ltr' id='par_1_5' title="bbox 224 1901 1255 2429">
     <span class='ocr_line' id='line_1_17' title="bbox 227 1901 1251 1994; baseline -0.004 -22"><span class='ocrx_word' id='word_1_127' title='bbox 227 1907 371 1994; x_wconf 82' lang='lat' dir='ltr'><strong>iuquam.</strong></span> <span class='ocrx_word' id='word_1_128' title='bbox 387 1925 467 1970; x_wconf 80' lang='lat' dir='ltr'><strong>crux</strong></span> <span class='ocrx_word' id='word_1_129' title='bbox 489 1901 529 1968; x_wconf 87' lang='lat' dir='ltr'><strong>do</strong></span> <span class='ocrx_word' id='word_1_130' title='bbox 547 1925 609 1990; x_wconf 78' lang='lat' dir='ltr'><strong>qua</strong></span> <span class='ocrx_word' id='word_1_131' title='bbox 630 1901 756 1992; x_wconf 71' lang='lat' dir='ltr'><strong>lloysos</strong></span> <span class='ocrx_word' id='word_1_132' title='bbox 776 1903 914 1992; x_wconf 75' lang='lat' dir='ltr'><strong>scripsit,</strong></span> <span class='ocrx_word' id='word_1_133' title='bbox 933 1915 1099 1992; x_wconf 84' lang='lat' dir='ltr'><strong>postquam</strong></span> <span class='ocrx_word' id='word_1_134' title='bbox 1118 1901 1152 1968; x_wconf 88' lang='lat' dir='ltr'><strong>in</strong></span> <span class='ocrx_word' id='word_1_135' title='bbox 1172 1913 1251 1968; x_wconf 82' lang='lat' dir='ltr'><strong>terra</strong></span> 
     </span>
     <span class='ocr_line' id='line_1_18' title="bbox 224 2010 1254 2104; baseline -0.002 -24"><span class='ocrx_word' id='word_1_136' title='bbox 224 2013 369 2104; x_wconf 78' lang='lat' dir='ltr'><strong>projecta</strong></span> <span class='ocrx_word' id='word_1_137' title='bbox 388 2025 450 2088; x_wconf 76' lang='lat' dir='ltr'><strong>est.</strong></span> <span class='ocrx_word' id='word_1_138' title='bbox 472 2010 506 2078; x_wconf 92' lang='lat' dir='ltr'><strong>id</strong></span> <span class='ocrx_word' id='word_1_139' title='bbox 519 2023 580 2088; x_wconf 79' lang='lat' dir='ltr'><strong>est.</strong></span> <span class='ocrx_word' id='word_1_140' title='bbox 596 2023 802 2104; x_wconf 77' lang='lat' dir='ltr'><strong>posteaquam</strong></span> <span class='ocrx_word' id='word_1_141' title='bbox 820 2013 861 2080; x_wconf 84' lang='lat' dir='ltr'><strong>ad</strong></span> <span class='ocrx_word' id='word_1_142' title='bbox 882 2012 1099 2080; x_wconf 77' lang='lat' dir='ltr'><strong>credulitatem</strong></span> <span class='ocrx_word' id='word_1_143' title='bbox 1113 2024 1145 2076; x_wconf 84' lang='lat' dir='ltr'><strong>et</strong></span> <span class='ocrx_word' id='word_1_144' title='bbox 1160 2011 1254 2078; x_wconf 79' lang='lat' dir='ltr'><strong>fidem</strong></span> 
     </span>
     <span class='ocr_line' id='line_1_19' title="bbox 226 2121 1255 2210; baseline -0.005 -21"><span class='ocrx_word' id='word_1_145' title='bbox 226 2122 393 2189; x_wconf 88' lang='lat' dir='ltr'><strong>hominum</strong></span> <span class='ocrx_word' id='word_1_146' title='bbox 409 2121 509 2198; x_wconf 78' lang='lat' dir='ltr'><strong>venit.</strong></span> <span class='ocrx_word' id='word_1_147' title='bbox 525 2143 677 2190; x_wconf 75' lang='lat' dir='ltr'><strong>convorsa</strong></span> <span class='ocrx_word' id='word_1_148' title='bbox 691 2135 741 2189; x_wconf 82' lang='lat' dir='ltr'><strong>est</strong></span> <span class='ocrx_word' id='word_1_149' title='bbox 756 2123 789 2188; x_wconf 94' lang='lat' dir='ltr'><strong>in</strong></span> <span class='ocrx_word' id='word_1_150' title='bbox 808 2123 1005 2210; x_wconf 82' lang='lat' dir='ltr'><strong>sapientiam.</strong></span> <span class='ocrx_word' id='word_1_151' title='bbox 1024 2133 1058 2188; x_wconf 86' lang='lat' dir='ltr'><strong>et</strong></span> <span class='ocrx_word' id='word_1_152' title='bbox 1071 2131 1190 2186; x_wconf 85' lang='lat' dir='ltr'><strong>tantam</strong></span> <span class='ocrx_word' id='word_1_153' title='bbox 1204 2141 1255 2185; x_wconf 79' lang='lat' dir='ltr'><strong>ss—</strong></span> 
     </span>
     <span class='ocr_line' id='line_1_20' title="bbox 225 2227 1250 2321; baseline -0.001 -24"><span class='ocrx_word' id='word_1_154' title='bbox 225 2231 391 2321; x_wconf 81' lang='lat' dir='ltr'><strong>pientiam,</strong></span> <span class='ocrx_word' id='word_1_155' title='bbox 406 2253 479 2320; x_wconf 74' lang='lat' dir='ltr'><strong>quat</strong></span> <span class='ocrx_word' id='word_1_156' title='bbox 494 2251 623 2304; x_wconf 79' lang='lat' dir='ltr'><strong>ornnem</strong></span> <span class='ocrx_word' id='word_1_157' title='bbox 642 2228 877 2319; x_wconf 74' lang='lat' dir='ltr'><strong>Egyptiorum‚</strong></span> <span class='ocrx_word' id='word_1_158' title='bbox 892 2230 926 2296; x_wconf 92' lang='lat' dir='ltr'><strong>id</strong></span> <span class='ocrx_word' id='word_1_159' title='bbox 941 2241 1002 2302; x_wconf 80' lang='lat' dir='ltr'><strong>est.</strong></span> <span class='ocrx_word' id='word_1_160' title='bbox 1017 2228 1113 2316; x_wconf 85' lang='lat' dir='ltr'><strong>hujus</strong></span> <span class='ocrx_word' id='word_1_161' title='bbox 1130 2227 1250 2300; x_wconf 85' lang='lat' dir='ltr'><strong>mundi.</strong></span> 
     </span>
     <span class='ocr_line' id='line_1_21' title="bbox 225 2335 1246 2429; baseline -0.006 -23"><span class='ocrx_word' id='word_1_162' title='bbox 225 2340 410 2429; x_wconf 76' lang='lat' dir='ltr'><strong>sapientiam</strong></span> <span class='ocrx_word' id='word_1_163' title='bbox 434 2339 609 2405; x_wconf 82' lang='lat' dir='ltr'><strong>devoraret.</strong></span> <span class='ocrx_word' id='word_1_164' title='bbox 628 2339 758 2406; x_wconf 84' lang='lat' dir='ltr'><strong>latuere</strong></span> <span class='ocrx_word' id='word_1_165' title='bbox 771 2361 847 2428; x_wconf 82' lang='lat' dir='ltr'><strong>ergo</strong></span> <span class='ocrx_word' id='word_1_166' title='bbox 863 2338 1021 2427; x_wconf 87' lang='lat' dir='ltr'><strong>quomodo</strong></span> <span class='ocrx_word' id='word_1_167' title='bbox 1035 2335 1163 2406; x_wconf 75' lang='lat' dir='ltr'><strong>stulnn</strong></span> <span class='ocrx_word' id='word_1_168' title='bbox 1175 2336 1246 2404; x_wconf 77' lang='lat' dir='ltr'><strong>lesit</strong></span> 
     </span>
    </p>

    <p class='ocr_par' dir='ltr' id='par_1_6' title="bbox 222 2446 1331 2974">
     <span class='ocr_line' id='line_1_22' title="bbox 223 2446 1331 2540; baseline -0.005 -24"><span class='ocrx_word' id='word_1_169' title='bbox 223 2450 309 2516; x_wconf 84' lang='lat' dir='ltr'><strong>Deus</strong></span> <span class='ocrx_word' id='word_1_170' title='bbox 332 2449 518 2540; x_wconf 83' lang='lat' dir='ltr'><strong>sapientiam</strong></span> <span class='ocrx_word' id='word_1_171' title='bbox 546 2448 642 2539; x_wconf 85' lang='lat' dir='ltr'><strong>hujus</strong></span> <span class='ocrx_word' id='word_1_172' title='bbox 670 2448 795 2528; x_wconf 80' lang='lat' dir='ltr'><strong>mundi.</strong></span> <span class='ocrx_word' id='word_1_173' title='bbox 816 2462 1022 2540; x_wconf 85' lang='lat' dir='ltr'><strong>posteaquam</strong></span> <span class='ocrx_word' id='word_1_174' title='bbox 1046 2446 1249 2514; x_wconf 74' lang='lat' dir='ltr'><strong>manifestavit</strong></span> <span class='ocrx_word' id='word_1_175' title='bbox 1327 2470 1331 2478; x_wconf 85' lang='grc'><em>·</em></span> 
     </span>
     <span class='ocr_line' id='line_1_23' title="bbox 224 2557 1254 2648; baseline -0.003 -24"><span class='ocrx_word' id='word_1_176' title='bbox 224 2557 653 2648; x_wconf 80' lang='lat' dir='ltr'><strong>Christum.quioruoifixus</strong></span> <span class='ocrx_word' id='word_1_177' title='bbox 672 2561 807 2634; x_wconf 80' lang='lat' dir='ltr'><strong>est,1)ei</strong></span> <span class='ocrx_word' id='word_1_178' title='bbox 823 2560 972 2626; x_wconf 77' lang='lat' dir='ltr'><strong>virtutem</strong></span> <span class='ocrx_word' id='word_1_179' title='bbox 985 2579 1054 2622; x_wconf 81' lang='lat' dir='ltr'><strong>esse</strong></span> <span class='ocrx_word' id='word_1_180' title='bbox 1076 2569 1109 2622; x_wconf 82' lang='lat' dir='ltr'><strong>et</strong></span> <span class='ocrx_word' id='word_1_181' title='bbox 1129 2557 1186 2622; x_wconf 89' lang='lat' dir='ltr'><strong>Dei</strong></span> <span class='ocrx_word' id='word_1_182' title='bbox 1200 2578 1254 2621; x_wconf 80' lang='lat' dir='ltr'><strong>sa-</strong></span> 
     </span>
     <span class='ocr_line' id='line_1_24' title="bbox 222 2667 1252 2756; baseline 0.001 -24"><span class='ocrx_word' id='word_1_183' title='bbox 222 2669 390 2756; x_wconf 68' lang='lat' dir='ltr'><strong>pientiam</strong></span> <span class='ocrx_word' id='word_1_184' title='bbox 413 2679 446 2732; x_wconf 84' lang='lat' dir='ltr'><strong>ot</strong></span> <span class='ocrx_word' id='word_1_185' title='bbox 462 2669 625 2732; x_wconf 81' lang='lat' dir='ltr'><strong>universus</strong></span> <span class='ocrx_word' id='word_1_186' title='bbox 644 2669 711 2755; x_wconf 80' lang='lat' dir='ltr'><strong>jam</strong></span> <span class='ocrx_word' id='word_1_187' title='bbox 727 2669 867 2734; x_wconf 86' lang='lat' dir='ltr'><strong>mundus</strong></span> <span class='ocrx_word' id='word_1_188' title='bbox 882 2667 1128 2756; x_wconf 79' lang='lat' dir='ltr'><strong>comprehensus</strong></span> <span class='ocrx_word' id='word_1_189' title='bbox 1146 2681 1194 2734; x_wconf 87' lang='lat' dir='ltr'><strong>est</strong></span> <span class='ocrx_word' id='word_1_190' title='bbox 1213 2668 1252 2733; x_wconf 83' lang='lat' dir='ltr'><strong>uh</strong></span> 
     </span>
     <span class='ocr_line' id='line_1_25' title="bbox 222 2773 1255 2865; baseline 0.003 -26"><span class='ocrx_word' id='word_1_191' title='bbox 222 2799 261 2839; x_wconf 83' lang='lat' dir='ltr'><strong>oo</strong></span> <span class='ocrx_word' id='word_1_192' title='bbox 284 2775 338 2860; x_wconf 88' lang='lat' dir='ltr'><strong>qui</strong></span> <span class='ocrx_word' id='word_1_193' title='bbox 353 2773 430 2839; x_wconf 84' lang='lat' dir='ltr'><strong>dicit</strong></span> <span class='ocrx_word' id='word_1_194' title='bbox 449 2795 457 2838; x_wconf 72' lang='grc' dir='ltr'>ι</span> <span class='ocrx_word' id='word_1_195' title='bbox 477 2799 490 2832; x_wconf 81' lang='grc' dir='ltr'>ι</span> <span class='ocrx_word' id='word_1_196' title='bbox 507 2773 787 2864; x_wconf 71' lang='lat' dir='ltr'><strong>comprehendens</strong></span> <span class='ocrx_word' id='word_1_197' title='bbox 808 2777 1077 2865; x_wconf 77' lang='lat' dir='ltr'><strong>comprehendam</strong></span> <span class='ocrx_word' id='word_1_198' title='bbox 1098 2777 1255 2865; x_wconf 79' lang='lat' dir='ltr'><strong>sapientes</strong></span> 
     </span>
     <span class='ocr_line' id='line_1_26' title="bbox 223 2879 1257 2974; baseline 0.007 -31"><span class='ocrx_word' id='word_1_199' title='bbox 223 2883 280 2945; x_wconf 76' lang='lat' dir='ltr'><strong>sin</strong></span> <span class='ocrx_word' id='word_1_200' title='bbox 299 2880 413 2945; x_wconf 85' lang='lat' dir='ltr'><strong>astutia</strong></span> <span class='ocrx_word' id='word_1_201' title='bbox 429 2904 540 2947; x_wconf 86' lang='lat' dir='ltr'><strong>eorum</strong></span> <span class='ocrx_word' id='word_1_202' title='bbox 548 2879 571 2949; x_wconf 85' lang='lat'><strong>¹.</strong></span> <span class='ocrx_word' id='word_1_203' title='bbox 589 2911 602 2946; x_wconf 86' lang='grc' dir='ltr'>ι</span> <span class='ocrx_word' id='word_1_204' title='bbox 622 2884 718 2963; x_wconf 87' lang='lat' dir='ltr'><strong>Quod</strong></span> <span class='ocrx_word' id='word_1_205' title='bbox 733 2907 809 2950; x_wconf 80' lang='lat' dir='ltr'><strong>vero</strong></span> <span class='ocrx_word' id='word_1_206' title='bbox 825 2909 915 2974; x_wconf 77' lang='lat' dir='ltr'><strong>nquae</strong></span> <span class='ocrx_word' id='word_1_207' title='bbox 934 2885 1074 2952; x_wconf 81' lang='lat' dir='ltr'><strong>lluminis</strong></span> <span class='ocrx_word' id='word_1_208' title='bbox 1088 2898 1257 2952; x_wconf 82' lang='lat' dir='ltr'><strong>vertuntur</strong></span> 
     </span>
    </p>
   </div>
   <div class='ocr_carea' id='block_1_4' title="bbox 151 2989 1255 3086">
    <p class='ocr_par' dir='ltr' id='par_1_7' title="bbox 151 2989 1255 3086">
     <span class='ocr_line' id='line_1_27' title="bbox 151 2989 1255 3086; baseline 0.01 -33"><span class='ocrx_word' id='word_1_209' title='bbox 151 3035 155 3044; x_wconf 73' lang='lat'><em>,</em></span> <span class='ocrx_word' id='word_1_210' title='bbox 222 2991 254 3054; x_wconf 91' lang='lat' dir='ltr'><strong>in</strong></span> <span class='ocrx_word' id='word_1_211' title='bbox 277 2989 476 3076; x_wconf 81' lang='lat' dir='ltr'><strong>sanguinem,</strong></span> <span class='ocrx_word' id='word_1_212' title='bbox 493 2991 567 3057; x_wconf 80' lang='lat' dir='ltr'><strong>eatis</strong></span> <span class='ocrx_word' id='word_1_213' title='bbox 588 2995 814 3061; x_wconf 80' lang='lat' dir='ltr'><strong>convenienter</strong></span> <span class='ocrx_word' id='word_1_214' title='bbox 835 3009 972 3086; x_wconf 86' lang='lat' dir='ltr'><strong>aptatur.</strong></span> <span class='ocrx_word' id='word_1_215' title='bbox 995 2997 1102 3063; x_wconf 88' lang='lat' dir='ltr'><strong>Primo</strong></span> <span class='ocrx_word' id='word_1_216' title='bbox 1123 2997 1255 3084; x_wconf 81' lang='lat' dir='ltr'><strong>quidem</strong></span> 
     </span>
    </p>
   </div>
   <div class='ocr_carea' id='block_1_5' title="bbox 219 3095 1257 3849">
    <p class='ocr_par' dir='ltr' id='par_1_8' title="bbox 219 3095 1257 3849">
     <span class='ocr_line' id='line_1_28' title="bbox 222 3095 1257 3192; baseline 0.012 -34"><span class='ocrx_word' id='word_1_217' title='bbox 222 3107 258 3162; x_wconf 88' lang='lat' dir='ltr'><strong>nt</strong></span> <span class='ocrx_word' id='word_1_218' title='bbox 279 3096 305 3160; x_wconf 88' lang='lat' dir='ltr'><strong>is</strong></span> <span class='ocrx_word' id='word_1_219' title='bbox 319 3095 433 3161; x_wconf 86' lang='lat' dir='ltr'><strong>fluvius</strong></span> <span class='ocrx_word' id='word_1_220' title='bbox 454 3101 507 3164; x_wconf 87' lang='lat' dir='ltr'><strong>oui</strong></span> <span class='ocrx_word' id='word_1_221' title='bbox 524 3101 729 3168; x_wconf 68' lang='lat' dir='ltr'><strong>Hebraeorum</strong></span> <span class='ocrx_word' id='word_1_222' title='bbox 753 3103 898 3192; x_wconf 84' lang='lat' dir='ltr'><strong>parvulos</strong></span> <span class='ocrx_word' id='word_1_223' title='bbox 918 3105 1040 3172; x_wconf 86' lang='lat' dir='ltr'><strong>crudeli</strong></span> <span class='ocrx_word' id='word_1_224' title='bbox 1059 3129 1137 3172; x_wconf 83' lang='lat' dir='ltr'><strong>noue</strong></span> <span class='ocrx_word' id='word_1_225' title='bbox 1160 3105 1257 3170; x_wconf 83' lang='lat' dir='ltr'><strong>tradi·</strong></span> 
     </span>
     <span class='ocr_line' id='line_1_29' title="bbox 221 3203 1254 3302; baseline 0.009 -30"><span class='ocrx_word' id='word_1_226' title='bbox 221 3203 346 3281; x_wconf 85' lang='lat' dir='ltr'><strong>derant,</strong></span> <span class='ocrx_word' id='word_1_227' title='bbox 365 3208 548 3274; x_wconf 85' lang='lat' dir='ltr'><strong>auctoribus</strong></span> <span class='ocrx_word' id='word_1_228' title='bbox 564 3211 692 3277; x_wconf 82' lang='lat' dir='ltr'><strong>senioris</strong></span> <span class='ocrx_word' id='word_1_229' title='bbox 707 3213 858 3302; x_wconf 86' lang='lat' dir='ltr'><strong>poculum</strong></span> <span class='ocrx_word' id='word_1_230' title='bbox 875 3215 1034 3302; x_wconf 77' lang='lat' dir='ltr'><strong>sanguinis</strong></span> <span class='ocrx_word' id='word_1_231' title='bbox 1048 3215 1208 3289; x_wconf 81' lang='lat' dir='ltr'><strong>redderet.</strong></span> <span class='ocrx_word' id='word_1_232' title='bbox 1221 3227 1254 3288; x_wconf 84' lang='lat' dir='ltr'><strong>et</strong></span> 
     </span>
     <span class='ocr_line' id='line_1_30' title="bbox 221 3315 1251 3413; baseline 0.012 -35"><span class='ocrx_word' id='word_1_233' title='bbox 221 3335 367 3378; x_wconf 83' lang='lat' dir='ltr'><strong>cruorem</strong></span> <span class='ocrx_word' id='word_1_234' title='bbox 382 3315 494 3403; x_wconf 83' lang='lat' dir='ltr'><strong>polluti</strong></span> <span class='ocrx_word' id='word_1_235' title='bbox 510 3321 652 3408; x_wconf 81' lang='lat' dir='ltr'><strong>gurgitis,</strong></span> <span class='ocrx_word' id='word_1_236' title='bbox 665 3345 760 3410; x_wconf 83' lang='lat' dir='ltr'><strong>quem</strong></span> <span class='ocrx_word' id='word_1_237' title='bbox 776 3323 955 3413; x_wconf 75' lang='lat' dir='ltr'><strong>parricidali</strong></span> <span class='ocrx_word' id='word_1_238' title='bbox 971 3324 1057 3390; x_wconf 82' lang='lat' dir='ltr'><strong>caede</strong></span> <span class='ocrx_word' id='word_1_239' title='bbox 1076 3324 1251 3392; x_wconf 74' lang='lat' dir='ltr'><strong>maculare</strong></span> 
     </span>
     <span class='ocr_line' id='line_1_31' title="bbox 221 3425 1250 3522; baseline 0.014 -38"><span class='ocrx_word' id='word_1_240' title='bbox 221 3434 304 3497; x_wconf 85' lang='lat' dir='ltr'><strong>rant,</strong></span> <span class='ocrx_word' id='word_1_241' title='bbox 320 3425 459 3510; x_wconf 85' lang='lat' dir='ltr'><strong>potando</strong></span> <span class='ocrx_word' id='word_1_242' title='bbox 474 3429 643 3502; x_wconf 84' lang='lat' dir='ltr'><strong>sentirent;</strong></span> <span class='ocrx_word' id='word_1_243' title='bbox 663 3444 732 3500; x_wconf 86' lang='lat' dir='ltr'><strong>tum</strong></span> <span class='ocrx_word' id='word_1_244' title='bbox 748 3432 875 3508; x_wconf 87' lang='lat' dir='ltr'><strong>deindo,</strong></span> <span class='ocrx_word' id='word_1_245' title='bbox 889 3443 924 3496; x_wconf 83' lang='lat' dir='ltr'><strong>nl</strong></span> <span class='ocrx_word' id='word_1_246' title='bbox 941 3429 1115 3522; x_wconf 79' lang='lat' dir='ltr'><strong>allegoricis</strong></span> <span class='ocrx_word' id='word_1_247' title='bbox 1128 3431 1250 3522; x_wconf 76' lang='lat' dir='ltr'><strong>legibus</strong></span> 
     </span>
     <span class='ocr_line' id='line_1_32' title="bbox 219 3528 1251 3634; baseline 0.016 -42"><span class='ocrx_word' id='word_1_248' title='bbox 219 3528 297 3594; x_wconf 89' lang='lat' dir='ltr'><strong>nihil</strong></span> <span class='ocrx_word' id='word_1_249' title='bbox 316 3530 408 3608; x_wconf 81' lang='lat' dir='ltr'><strong>desit,</strong></span> <span class='ocrx_word' id='word_1_250' title='bbox 427 3555 517 3620; x_wconf 84' lang='lat' dir='ltr'><strong>aquae</strong></span> <span class='ocrx_word' id='word_1_251' title='bbox 534 3548 700 3604; x_wconf 85' lang='lat' dir='ltr'><strong>vertuntur</strong></span> <span class='ocrx_word' id='word_1_252' title='bbox 715 3541 748 3606; x_wconf 88' lang='lat' dir='ltr'><strong>in</strong></span> <span class='ocrx_word' id='word_1_253' title='bbox 770 3542 1018 3634; x_wconf 81' lang='lat' dir='ltr'><strong>sanguinem..ot</strong></span> <span class='ocrx_word' id='word_1_254' title='bbox 1034 3543 1161 3631; x_wconf 80' lang='lat' dir='ltr'><strong>sanguis</strong></span> <span class='ocrx_word' id='word_1_255' title='bbox 1176 3567 1251 3608; x_wconf 82' lang='lat' dir='ltr'><strong>suus</strong></span> 
     </span>
     <span class='ocr_line' id='line_1_33' title="bbox 220 3635 1253 3740; baseline 0.015 -39"><span class='ocrx_word' id='word_1_256' title='bbox 220 3635 357 3728; x_wconf 80' lang='lat' dir='ltr'><strong>AEgypto</strong></span> <span class='ocrx_word' id='word_1_257' title='bbox 372 3642 567 3729; x_wconf 85' lang='lat' dir='ltr'><strong>propinatur.</strong></span> <span class='ocrx_word' id='word_1_258' title='bbox 583 3646 681 3734; x_wconf 71' lang='lat' dir='ltr'><strong>Aquae</strong></span> <span class='ocrx_word' id='word_1_259' title='bbox 691 3649 832 3740; x_wconf 84' lang='lat' dir='ltr'><strong>AEgypti‚</strong></span> <span class='ocrx_word' id='word_1_260' title='bbox 847 3651 982 3718; x_wconf 84' lang='lat' dir='ltr'><strong>erratica</strong></span> <span class='ocrx_word' id='word_1_261' title='bbox 999 3663 1032 3716; x_wconf 83' lang='lat' dir='ltr'><strong>et</strong></span> <span class='ocrx_word' id='word_1_262' title='bbox 1048 3650 1169 3719; x_wconf 75' lang='lat' dir='ltr'><strong>lubrica</strong></span> <span class='ocrx_word' id='word_1_263' title='bbox 1181 3653 1253 3740; x_wconf 83' lang='lat' dir='ltr'><strong>phi-</strong></span> 
     </span>
     <span class='ocr_line' id='line_1_34' title="bbox 219 3743 1253 3849; baseline 0.013 -38"><span class='ocrx_word' id='word_1_264' title='bbox 219 3743 423 3838; x_wconf 88' lang='lat' dir='ltr'><strong>losophorum</strong></span> <span class='ocrx_word' id='word_1_265' title='bbox 437 3764 511 3816; x_wconf 86' lang='lat' dir='ltr'><strong>sunt</strong></span> <span class='ocrx_word' id='word_1_266' title='bbox 523 3751 681 3844; x_wconf 81' lang='lat' dir='ltr'><strong>dogmata,</strong></span> <span class='ocrx_word' id='word_1_267' title='bbox 695 3780 766 3844; x_wconf 80' lang='lat' dir='ltr'><strong>quae</strong></span> <span class='ocrx_word' id='word_1_268' title='bbox 780 3757 926 3846; x_wconf 83' lang='lat' dir='ltr'><strong>parvulos</strong></span> <span class='ocrx_word' id='word_1_269' title='bbox 942 3783 1084 3849; x_wconf 81' lang='lat' dir='ltr'><strong>quosque</strong></span> <span class='ocrx_word' id='word_1_270' title='bbox 1095 3784 1202 3836; x_wconf 83' lang='lat' dir='ltr'><strong>sensu,</strong></span> <span class='ocrx_word' id='word_1_271' title='bbox 1219 3773 1253 3832; x_wconf 83' lang='lat' dir='ltr'><strong>rt</strong></span> 
     </span>
    </p>
   </div>
   <div class='ocr_carea' id='block_1_6' title="bbox 252 3873 1235 3952">
    <p class='ocr_par' dir='ltr' id='par_1_9' title="bbox 252 3873 1235 3952">
     <span class='ocr_line' id='line_1_35' title="bbox 252 3873 1235 3952; baseline 0.017 -31"><span class='ocrx_word' id='word_1_272' title='bbox 252 3873 259 3905; x_wconf 83' lang='lat'>¹</span> <span class='ocrx_word' id='word_1_273' title='bbox 274 3875 364 3924; x_wconf 77' lang='lat' dir='ltr'><strong>Manli.</strong></span> <span class='ocrx_word' id='word_1_274' title='bbox 375 3893 400 3936; x_wconf 79' lang='lat' dir='ltr'><strong>x,</strong></span> <span class='ocrx_word' id='word_1_275' title='bbox 413 3877 450 3926; x_wconf 74' lang='lat'><strong>16.</strong></span> <span class='ocrx_word' id='word_1_276' title='bbox 463 3905 493 3918; x_wconf 89' lang='lat'><strong>·-</strong></span> <span class='ocrx_word' id='word_1_277' title='bbox 504 3877 515 3911; x_wconf 82' lang='lat'><strong>²</strong></span> <span class='ocrx_word' id='word_1_278' title='bbox 525 3879 588 3930; x_wconf 83' lang='lat' dir='ltr'><strong>Gen.</strong></span> <span class='ocrx_word' id='word_1_279' title='bbox 602 3901 640 3942; x_wconf 80' lang='grc' dir='ltr'>ιιι,</span> <span class='ocrx_word' id='word_1_280' title='bbox 656 3899 715 3934; x_wconf 76' lang='grc'><strong>1.-</strong></span> <span class='ocrx_word' id='word_1_281' title='bbox 727 3883 737 3917; x_wconf 83' lang='lat'><strong>¹</strong></span> <span class='ocrx_word' id='word_1_282' title='bbox 749 3885 825 3934; x_wconf 75' lang='lat' dir='ltr'><strong>inan.</strong></span> <span class='ocrx_word' id='word_1_283' title='bbox 837 3903 862 3944; x_wconf 82' lang='lat' dir='ltr'><strong>v,</strong></span> <span class='ocrx_word' id='word_1_284' title='bbox 871 3887 912 3946; x_wconf 71' lang='grc'><strong>46.</strong></span> <span class='ocrx_word' id='word_1_285' title='bbox 923 3887 973 3924; x_wconf 67' lang='lat' dir='ltr'><strong>-l</strong></span> <span class='ocrx_word' id='word_1_286' title='bbox 988 3905 996 3936; x_wconf 90' lang='grc' dir='ltr'>ι</span> <span class='ocrx_word' id='word_1_287' title='bbox 1008 3889 1068 3936; x_wconf 87' lang='lat' dir='ltr'><strong>Cor.</strong></span> <span class='ocrx_word' id='word_1_288' title='bbox 1081 3905 1120 3946; x_wconf 86' lang='grc' dir='ltr'>ιιι,</span> <span class='ocrx_word' id='word_1_289' title='bbox 1134 3906 1172 3952; x_wconf 73' lang='lat'><strong>¹9·</strong></span> <span class='ocrx_word' id='word_1_290' title='bbox 1226 3913 1235 3926; x_wconf 79' lang='lat'>=</span> 
     </span>
    </p>
   </div>
   <div class='ocr_carea' id='block_1_7' title="bbox 0 0 1356 4610">
    <p class='ocr_par' dir='ltr' id='par_1_10' title="bbox 0 0 1356 4610">
     <span class='ocr_line' id='line_1_36' title="bbox 0 0 1356 4610; baseline 0 3"><span class='ocrx_word' id='word_1_291' title='bbox 0 0 1356 4610; x_wconf 95' lang='lat' dir='ltr'><strong> </strong></span> 
     </span>
    </p>
   </div>
  </div>
 </body>
</html>
