2632 4600
353 242 384 282 ru
411 239 552 282 rsrsuuu
579 241 671 282 ων(
696 242 769 284 uou.
796 242 824 284 v.
1049 220 1110 286 see

75 390 147 442 eos,
168 377 201 430 et
218 363 405 429 ausereteos
421 363 696 452 spectatoribus,
713 387 776 433 uon
792 363 895 438 solum
914 341 954 430 ab
974 365 1113 432 homini-

80 477 140 541 bus
154 471 396 563 peccatoribus,
412 471 578 538 sedetiam
596 497 614 538 a
630 472 796 538 contrariis
818 472 1042 560 potestatibus,
1063 473 1112 540 vel

82 591 215 646 certeco
231 589 374 664 tempore
391 599 464 644 cum
478 577 581 642 anima
593 589 755 664 separatur
767 601 784 642 6
796 599 945 665 corpore,
958 590 991 642 et
1002 601 1113 646 occur-

79 696 154 763 runt
168 684 196 749 61
212 694 396 771 peccatores
416 681 593 756 daemones,
614 681 761 747 adversus
779 692 968 770 potestates,
986 684 1111 771 spiritus

79 794 158 858 aiiris
175 791 270 880 hujus
289 790 343 878 qui
359 812 430 856 eam
451 788 559 856 volunt
574 789 739 866 detinere,
763 803 796 856 61
814 814 963 856 revocare
977 792 1019 856 ad
1037 794 1112 858 sesi

80 900 156 988 quid
167 900 199 964 in
210 923 248 964 ea
259 921 390 964 suorum
403 920 535 986 operum
551 909 774 986 gestorumque
790 898 1004 987 cognoverint.
1020 898 1115 964 Venit

76 1008 162 1074 enim
177 1007 217 1072 ad
237 1026 493 1092 unamquamque
510 1005 648 1072 animam
667 1006 707 1070 (16
723 1005 785 1072 boc
808 1007 930 1072 mundo
947 1018 1116 1072 exeuntem
1159 1027 1164 1034 ·

77 1117 229 1207 princeps
241 1114 338 1201 hujus
351 1114 482 1189 mundi,
498 1126 530 1180 et
547 1121 646 1180 6116666
660 1126 850 1204 potestates,
866 1128 898 1180 et
909 1116 1073 1203 requirunt
1089 1116 1115 1180 si

74 1223 281 1288 invenientia
298 1245 335 1288 ca
354 1219 472 1309 aliquid
486 1241 580 1287 suum
595 1245 603 1288 τ
618 1223 643 1288 si
659 1222 1033 1300 avaritiaminveuerint,
1051 1246 1115 1290 suae

78 1330 175 1418 partis
196 1342 244 1395 est
258 1353 267 1394 ι
283 1330 308 1394 si
328 1329 427 1405 iram,
449 1329 474 1392 si
495 1326 670 1404 luxuriam,
694 1329 719 1394 si
742 1329 910 1405 invidiam,
934 1342 966 1394 et
993 1328 1113 1418 singula

80 1460 213 1524 quaeque
226 1459 336 1502 eorum
352 1434 464 1501 similia
481 1436 506 1500 si
525 1436 718 1513 invenerint,
735 1461 798 1502 suae
817 1438 912 1525 partis
927 1451 992 1512 est,
1009 1449 1041 1502 et
1056 1438 1115 1503 sibi

82 1568 154 1609 eam
171 1544 361 1618 defendunt,
384 1556 416 1608 et
432 1542 519 1608 adse
540 1567 610 1608 eam
631 1543 778 1619 trahunt,
793 1556 825 1609 61
848 1545 888 1610 ad
905 1556 1027 1632 partem
1044 1569 1114 1614 eam

81 1663 286 1741 peccatorum
302 1650 470 1717 declinant.
486 1650 520 1717 Si
533 1674 606 1716 vero
619 1650 729 1738 aliquis
742 1653 882 1718 imitatus
897 1663 944 1718 est
957 1650 1047 1718 illum
1058 1653 1113 1742 qui

80 1760 176 1826 dixit:
188 1761 288 1825 «Ecce
297 1759 551 1847 venietprinceps
559 1760 670 1825 mundi
678 1759 773 1847 hujus
783 1811 793 1836 ,
803 1762 874 1826 etin
885 1784 938 1826 me
946 1785 1010 1827 uon
1020 1763 1115 1828 habet

80 1868 276 1956 »quidquam
286 1866 310 1944 ¹,
326 1895 339 1927 s
354 1867 379 1931 si
398 1890 431 1960 se
447 1863 557 1955 aliquis
574 1867 616 1932 116
632 1867 827 1944 observavit,
842 1869 972 1934 veniunt
986 1871 1115 1956 quidem

78 1976 132 2040 isti
148 1986 351 2064 peccatores,
369 1986 401 2039 et
416 1971 610 2063 requirentes
630 1974 663 2040 in
680 1998 719 2040 eo
734 1998 803 2062 quae
819 1999 874 2042 sua
890 1990 983 2053 sunt,
1004 1990 1036 2050 61
1050 2001 1115 2044 non

74 2085 271 2148 invenientes
287 2083 457 2148 tentabunt
469 2081 678 2174 ‘nihssominus
692 2083 732 2149 ad
753 2107 842 2149 suam
857 2097 980 2173 partem
994 2084 1115 2155 violen-

76 2204 126 2256 ter
141 2215 214 2256 eum
228 2191 437 2278 detorquere,
455 2190 509 2254 sed
526 2190 679 2254 Dominus
694 2190 806 2278 eripiet
819 2213 895 2255 eum
911 2215 928 2256 6
942 2181 1115 2280 peccatori-

78 2300 151 2364 bus.
178 2300 217 2364 Et
240 2298 321 2362 sorte
341 2309 508 2386 propterea
535 2298 684 2384 jubemur
707 2319 780 2363 cum
803 2297 942 2385 quodam
965 2299 1115 2386 mysterio

77 2402 174 2467 etiam
198 2402 230 2466 in
257 2401 399 2466 oratione
421 2412 547 2488 petere,
576 2401 716 2465 dicentes
737 2422 745 2465 :
767 2428 780 2461 ι
803 2401 868 2466 Sed
889 2399 987 2466 libera
1012 2426 1067 2466 nos
1096 2427 1114 2468 a

76 2508 216 2576 smalo².
237 2510 327 2576 »Sed
349 2531 477 2575 causam
493 2531 555 2596 qua
577 2507 690 2597 eripiat
708 2509 808 2595 justos
830 2532 904 2573 suos
920 2505 1074 2574 Dominus
1097 2535 1114 2574 a

73 2617 320 2708 peccatoribus,
334 2618 397 2682 sive
413 2615 446 2680 in
463 2628 604 2704 tempore
619 2616 739 2692 exitus,
756 2617 819 2680 sive
836 2617 867 2682 in
881 2629 1022 2705 tempore
1033 2617 1114 2705 judi-

76 2726 137 2802 cii,
154 2749 231 2791 cnm
246 2725 312 2790 dies
332 2722 383 2788 1116
400 2723 577 2789 secundum
593 2721 783 2811 Prophetam
799 2724 993 2789 necessitatis
1009 2737 1040 2790 et
1057 2749 1114 2790 an-

78 2834 209 2922 gustis,
227 2832 293 2898 dies
307 2832 508 2897 obscuritatis
523 2842 555 2895 61
576 2830 779 2918 perditionis,
795 2831 905 2918 judicii
929 2831 994 2896 dies
1019 2834 1114 2898 adve-
1194 2811 1197 2820 Δ

78 2941 185 3006 norit:
205 2952 283 3005 tunc
298 2961 373 3028 ergo
389 2961 516 3004 causam
533 2958 595 3025 qua
611 2938 688 3027 eripi
704 2961 884 3003 mereamur
902 2940 1064 3030 subjungit
1082 2953 1115 3007 et

77 3049 176 3125 dicit,
193 3049 266 3136 quin
276 3057 500 3136 «speraverunt
512 3045 544 3110 in
556 3069 631 3111 eum
644 3045 666 3109 ⁸.
680 3046 870 3133 »Sperantes
881 3068 956 3134 ergo
968 3047 1000 3111 in
1015 3049 1116 3113 secri-

73 3161 146 3250 piet
167 3172 199 3225 et
222 3159 261 3225 de
282 3155 484 3224 tribulatione
499 3165 531 3218 et
552 3153 591 3218 (16
607 3153 802 3219 necessitate.
822 3153 992 3232 Quomodo
1009 3166 1114 3220 nutem

75 3291 206 3356 sperare
225 3267 357 3341 debeat,
374 3261 445 3328 vnio
465 3261 522 3326 tibi
548 3260 589 3326 de
607 3261 777 3349 Scripturis
800 3259 914 3326 sanctis
935 3261 1111 3327 ostendere.

77 3377 198 3442 Siout«
217 3397 312 3440 nemo
334 3382 438 3460 potest
464 3369 589 3434 duobus
612 3367 747 3433 dominis
762 3368 912 3445 servire⁴,
929 3371 995 3434 sita
1020 3393 1114 3435 nemo

72 3497 183 3574 potest
198 3485 230 3548 in
250 3483 373 3548 duobus
390 3477 525 3543 dominis
545 3498 680 3564 sperare.
700 3475 801 3542 Nemo
819 3487 925 3567 potest
943 3478 975 3543 in
990 3479 1112 3543 incerto

72 3591 259 3658 divitiarum
275 3609 421 3678 sperare,
438 3596 470 3650 et
485 3584 517 3649 in
533 3583 681 3649 Domino.
699 3583 801 3649 Nemo
819 3597 923 3673 potest
938 3607 1063 3674 sperare
1080 3583 1112 3647 in

113 3755 122 3788 ¹
137 3759 211 3806 Joan.
228 3771 288 3810 xre,
310 3757 348 3802 bo.
365 3779 397 3788 -
410 3747 518 3798 21161116.
539 3765 583 3810 vr,
609 3747 648 3799 13.
658 3775 690 3786 -··
703 3745 712 3778 ⁸
725 3750 784 3798 rut.
799 3767 889 3812 xxxva,
905 3748 1115 3811 46-111161111.

73 3847 211 3906 uerat.
