2744 4600
387 266 418 308 ro·
444 266 584 308 nonunos
608 265 737 307 nonunt
762 265 854 305 xxnt.
1068 237 1132 302 505

101 398 172 442 cum
187 377 344 464 abjecerit
359 389 498 449 veterem
513 379 687 451 hominem,
705 391 738 445 et
754 378 864 444 induta
886 376 982 442 fuerit
1002 395 1134 448 novum,

101 486 152 571 qui
165 487 343 552 secundum
355 487 458 552 Deum
471 500 596 553 creatus
605 488 669 554 est¹
687 513 695 552 :
710 499 804 576 etque
817 487 858 551 itu
876 485 989 550 merito
1002 484 1135 548 innove-

102 595 195 660 tionis
215 593 465 670 solemnitatem,
489 621 560 684 quse
581 608 630 664 est
652 595 826 664 neomeniae
848 594 1011 667 festivitas,
1026 602 1131 680 ¹geret.

103 701 194 768 Tunc
209 703 344 790 denique
359 717 407 774 est
419 705 547 791 quondo
559 728 662 793 neque
678 705 778 772 rideri
786 727 892 792 neque
908 698 1137 790 comprehendi

103 812 253 878 humanis
267 814 446 902 aspectibus
462 827 576 902 potest.
592 814 703 882 Anime
721 815 894 881 enimcum
908 824 974 878 totu
990 834 1023 876 se
1039 810 1138 876 sociu-

108 923 188 988 rerit
198 922 345 998 Domino,
358 935 392 989 et
403 921 562 1012 splendori
578 923 658 990 lucis
670 926 739 1010 ejus
749 935 816 990 tote
828 921 1033 994 concesserit,
1048 916 1139 984 nibil·

105 1053 168 1118 que
191 1031 319 1098 omnino
342 1043 505 1098 terrenum
527 1033 657 1121 cogitet.
677 1031 756 1102 nibil
777 1031 975 1098 mundanum
994 1026 1140 1116 requirit,

102 1166 165 1210 nec
179 1143 363 1210 bominibus
378 1142 503 1231 placere
519 1144 643 1216 studetr
661 1144 717 1210 sed
731 1153 834 1208 totum
848 1165 882 1206 se
896 1141 1072 1230 supientiae,
1090 1151 1141 1203 to·

104 1265 169 1318 tam
181 1250 308 1328 lumini,
323 1263 422 1318 totum
437 1249 535 1320 calori
551 1252 651 1319 sancti
666 1250 803 1339 Spiritus
815 1249 1055 1338 mancipaverit.
1069 1249 1140 1313 sub-

105 1362 168 1428 tilis
183 1375 216 1430 et
237 1360 407 1452 spiritualis
430 1361 543 1434 effectu
564 1386 571 1427 :
594 1359 755 1449 quomodo
773 1360 861 1427 cerni
885 1361 926 1424 eb
945 1357 1140 1431 hominibus,

106 1483 164 1536 ant
178 1473 218 1536 ub
234 1472 380 1541 humenis
395 1483 500 1560 potest
514 1471 738 1558 conspectibus
754 1465 974 1557 apprehendi?
989 1463 1144 1533 Animalis

106 1601 245 1666 nemque
259 1578 355 1647 homo
372 1576 548 1667 intelligere
564 1589 600 1650 et„
610 1579 792 1645 discernere
805 1599 868 1644 non
879 1575 1145 1666 potestspiritun-

106 1689 182 1756 lem.
200 1690 241 1756 Et
255 1690 326 1756 ideo
343 1689 525 1777 dignissime
541 1689 626 1757 diem
645 1688 762 1756 festum
777 1698 862 1776 eget,
875 1699 907 1753 et
922 1687 1059 1754 hostiam
1071 1705 1144 1750 neo·
1255 1730 1262 1739 -

102 1801 218 1866 meniae
231 1799 380 1875 Domino,
394 1810 503 1886 utpote
520 1821 577 1886 per
591 1799 695 1886 ipsum
711 1798 872 1872 innovate,
886 1794 1053 1885 jugulabit.

150 1908 205 1977 VI.
227 1908 351 1989 Quarto
366 1909 397 1974 in
415 1906 487 1976 loco
502 1907 631 1994 ponitur
647 1908 729 1978 inter
744 1905 929 1994 festivitates
944 1905 1002 1971 Dei
1019 1901 1146 1970 Paschae

102 2015 304 2091 solemnitas,
324 2017 355 2084 in
378 2038 439 2104 qua
457 2013 624 2082 festivitate
640 2037 740 2103 eguus
756 2013 922 2082 occiditur.
945 2012 1009 2082 Sed
1026 2012 1145 2079 videtu

105 2146 225 2212 egnum
236 2147 360 2199 verum,
372 2147 489 2213 egnum
501 2124 572 2200 Dei,
585 2147 702 2212 agnum
712 2123 767 2212 qui
780 2122 862 2192 tollit
873 2127 1005 2212 peccate
1021 2122 1146 2200 mundi,

107 2245 143 2298 et
156 2234 266 2308 dicito.
279 2235 351 2320 quin
365 2234 483 2322 pasche
500 2247 644 2304 nostrum
662 2233 842 2302 immoletur
858 2247 905 2300 est
922 2233 1077 2298 Christus.
1092 2234 1148 2298 Ju-

109 2340 174 2405 daei
187 2339 303 2406 carneli
318 2365 410 2407 sensu
426 2343 597 2408 comedant
613 2365 725 2411 cernes
741 2343 827 2430 egui,
848 2365 905 2408 nos
919 2355 1029 2408 nutem
1041 2364 1149 2407 come·

107 2451 225 2516 dumus
240 2473 366 2518 curnem
384 2451 479 2518 Verbi
496 2453 564 2517 Dei.
585 2452 656 2540 lpse
675 2452 761 2518 enim
777 2452 902 2520 dircite«
919 2452 984 2518 Nisi
1000 2451 1149 2517 comede-

104 2587 120 2620 »
134 2557 204 2624 ritis
224 2582 341 2626 mmor
354 2579 456 2634 meas,
479 2581 543 2626 non
566 2558 723 2626 babebitis
741 2560 837 2626 ritem
854 2561 887 2626 in
905 2560 992 2626 vobis
1009 2559 1141 2646 ipsis2.»

107 2669 182 2734 Hoc
193 2668 280 2756 quod
292 2667 388 2734 modo
399 2665 573 2754 loquimur,
586 2691 698 2736 cernes
714 2679 789 2736 sunt
804 2667 901 2737 Verbi
917 2668 989 2744 Dei,
1002 2669 1029 2734 si
1042 2681 1149 2734 tumen

107 2800 176 2844 non
192 2778 282 2863 qussi
298 2776 431 2852 infirmis
448 2776 547 2855 olere,
560 2790 616 2844 eut
631 2778 719 2865 quusi
733 2778 839 2866 pueris
859 2776 948 2846 luctis
968 2776 1151 2846 elimonient

108 2888 321 2977 proferemus.
337 2885 370 2952 Si
394 2887 534 2976 perfectu
555 2885 728 2974 toqutmur,
748 2887 773 2954 si
798 2889 942 2962 robuste,
962 2888 987 2952 si
1007 2886 1150 2966 fortiore,

108 3019 224 3065 cernes
240 2995 329 3085 robis
344 2995 442 3062 Verbi
459 2996 517 3061 Dei
531 2996 721 3086 opponimus
744 2995 966 3062 comedendus.
984 2996 1043 3062 Ubi
1066 2998 1177 3064 enim.
1209 3069 1223 3078 ,

109 3105 267 3192 mysticus
282 3126 401 3180 sermo,
419 3105 474 3172 ubi
490 3103 688 3192 dogmaticus
703 3116 736 3169 ct
750 3103 912 3171 Trinitatis
929 3103 993 3170 fide
1014 3104 1151 3193 repletus

109 3215 273 3304 profertur
287 3238 324 3280 oc
339 3210 471 3292 solidus,
494 3214 547 3280 ubi
570 3214 668 3283 futuri
682 3212 787 3284 seculi
803 3225 912 3282 enroto
930 3213 1085 3280 velamine
1100 3213 1154 3280 lit-

106 3337 191 3392 terae
201 3322 278 3412 legis
289 3322 459 3412 spiritualis
472 3337 669 3396 sacramente
681 3323 879 3413 penduntur,
891 3324 946 3389 ubi
957 3346 1029 3412 spes
1041 3324 1154 3391 enimse

108 3430 225 3500 avulso
242 3433 279 3498 de
290 3433 385 3504 ¹terris
400 3433 538 3520 jactetur
551 3432 584 3498 in
594 3431 706 3508 coelos,
719 3445 751 3497 et
764 3431 868 3500 inillis
881 3431 1069 3509 collocetur,
1082 3457 1152 3523 qun

105 3540 229 3610 oculus
245 3565 307 3607 non
323 3543 412 3617 vidit,
430 3566 489 3609 nec
503 3544 587 3608 euris
605 3543 739 3618 audivit,
756 3543 865 3609 necin
881 3565 937 3608 cor
952 3542 1089 3609 bominis
1102 3567 1155 3610 es-

106 3646 337 3722 cenderunt⁸;
353 3648 421 3714 haec
438 3648 542 3716 omnis
555 3671 665 3716 carnes
681 3662 753 3717 sunt
766 3648 862 3720 Verbi
878 3650 958 3716 Dei:
973 3651 1089 3738 quihus
1101 3652 1155 3742 spui

104 3770 219 3854 potest
230 3757 372 3847 perfecto
382 3755 546 3824 intellectu
559 3758 656 3832 vesci,
668 3769 701 3822 et
714 3756 811 3848 corde
823 3756 1005 3844 purificato,
1019 3756 1069 3829 itte
1083 3780 1154 3823 sere

142 3892 152 3927 ¹
166 3891 264 3954 Epiros.
282 3905 317 3944 tv,
331 3889 368 3946 ad.
380 3916 409 3926 -·
421 3889 431 3922 ²
443 3890 518 3938 donn.
532 3905 566 3948 rr,
578 3889 617 3946 56.
633 3915 661 3926 ι·-
674 3886 683 3920 ⁸
698 3905 705 3936 r
719 3886 778 3936 Gor.
793 3904 821 3946 u,
834 3903 859 3950 9.
