2660 4610
295 350 326 393 ιιι
352 349 514 394 caurrcuu
538 348 741 393 caurrconuu
763 352 824 393 ιιιι.
853 352 885 394 ιι.
1047 331 1111 409 455

72 477 155 531 nent
166 465 204 530 iu
214 463 278 529 lide
289 475 322 528 et
334 464 488 530 charitate
502 485 577 530 cum
589 465 785 530 sanctitate¹.'
802 467 870 531 Hoc
885 489 961 554 ergo
977 468 1063 555 quod
1074 470 1113 534 de

76 574 183 642 Adam
199 585 232 638 et
248 573 312 637 Eva
329 572 491 647 scribitur,
510 572 554 637 sic
572 584 728 636 asseverat
744 570 913 661 Apostolus
935 597 943 638 ε
971 574 1116 664 ‹Myste-

78 681 189 746 »rium
206 701 355 768 maguum
369 690 417 743 est
432 679 465 744 in
484 677 611 744 Christo
629 690 662 743 et
682 679 714 744 in
729 677 891 746 Ecclesia²
910 705 917 745 ε
939 709 952 742 ι
972 684 1025 769 qui
1044 707 1115 749 eam

79 790 127 854 ita
142 787 248 856 dilexit
262 798 297 850 ut
308 785 514 874 semetipsum
521 775 664 852 'traderet
675 807 734 873 pro
750 810 807 863 ea,
825 811 898 854 cum
914 799 995 854 esset
1011 790 1117 856 adhue

81 899 179 985 impia
190 898 258 963 baec
268 893 356 984 ipsa,
373 896 455 961 siout
467 896 532 983 ipse
544 894 643 959 dixit:
662 894 770 960 «Cum
785 896 871 963 enim
887 898 992 964 adbuc
1009 920 1118 964 secun·

81 1001 182 1070 »dum
201 1015 327 1091 tempus
347 1003 434 1091 impii
455 1024 612 1077 essemus,
629 999 775 1067 Christus
794 1027 852 1091 pro
868 1007 958 1070 uobis
974 1016 1119 1070 mortuus

79 1111 189 1176 »est².
213 1139 226 1172 ι
245 1112 286 1176 Et
306 1110 422 1175 iterum
438 1133 446 1173 ι
470 1109 580 1189 «Quia
596 1127 670 1174 eum
688 1109 792 1176 adhue
804 1133 943 1178 essemus
957 1111 1119 1188 infideles,
1234 1199 1238 1206 ι

78 1218 249 1285 »Christus
265 1241 324 1307 pro
339 1217 431 1283 nobis
446 1227 591 1281 mortuus
609 1215 688 1281 θεῖ’.
708 1244 720 1277 ι
741 1217 811 1284 Νοιι
827 1242 902 1308 ergo
918 1220 1036 1285 mirum
1051 1234 1119 1298 est,

79 1329 106 1393 si
121 1327 192 1392 baee
207 1347 278 1414 quae
293 1325 441 1398 seducta,
458 1335 490 1386 et
505 1323 538 1388 in
552 1323 810 1411 prevaricatione
825 1325 927 1400 sacta,
944 1349 1013 1414 quae
1025 1327 1122 1416 impia

82 1433 262 1501 secuudum
277 1445 402 1519 tempus
417 1430 476 1495 fuit
490 1442 523 1495 et
537 1431 718 1519 peccatrix,
739 1426 835 1497 tale'm
855 1434 980 1499 dicatur
997 1435 1122 1501 vineam

84 1541 218 1609 coluisse
233 1562 273 1605 eo
288 1551 451 1627 tempore,
473 1557 549 1603 cum
570 1537 675 1602 adhuc
691 1537 785 1626 impia
802 1551 889 1614 erat,
912 1564 1007 1628 quam
1026 1541 1123 1607 relin-

88 1671 186 1738 quero
207 1647 370 1721 debuerit,
386 1657 419 1710 et
433 1667 635 1733 nequaquam
650 1646 781 1709 omnino
802 1669 935 1713 servare.

136 1753 230 1836 Quod
238 1756 261 1820 si
270 1755 366 1820 etiam
378 1753 508 1819 tertium
520 1750 747 1840 explanationis
759 1751 865 1820 locum
876 1753 981 1842 placet
992 1757 1124 1844 exequi,

87 1859 259 1926 reseramus
276 1857 346 1922 baee
364 1856 404 1922 ad
427 1877 685 1944 unamquamque
705 1855 864 1932 animam,
885 1881 954 1946 quas
975 1881 1126 1928 conversa

85 1969 128 2035 ad
139 1967 241 2034 Βοιιιιι
252 2013 261 2042 ,
274 1977 306 2031 et
318 1965 359 2030 ad
371 1963 468 2030 fidem
482 1963 610 2030 veniens
622 2013 630 2038 ‚
643 1963 763 2051 patitur
774 1965 841 2029 sine
853 1965 952 2031 dubio
964 1967 1127 2056 cogitatio-

84 2097 166 2143 num
193 2097 335 2163 pugnas,
363 2085 396 2138 et
422 2070 653 2137 obluctationes
680 2070 862 2138 daemonum
884 2097 1033 2142 revocare
1057 2099 1127 2143 eam

86 2181 259 2250 nitentium
280 2177 320 2247 ad
338 2178 451 2268 prioris
468 2177 537 2244 vitae
556 2173 741 2252 illecebras,
762 2178 811 2243 vel
828 2178 1020 2246 infidelitatis
1039 2206 1129 2247 erro—

1 2343 2 2364 ι
84 2312 167 2357 rem.
185 2288 250 2357 Sed
265 2311 307 2356 na
321 2288 384 2354 hoc
400 2285 474 2362 liat,
492 2307 571 2351 neve
586 2307 713 2349 rursum
726 2284 922 2351 daemonibus
934 2288 966 2353 in
978 2311 1049 2354 eam
1063 2301 1130 2355 tan·

87 2412 161 2463 tum
181 2395 294 2472 liceat,
317 2393 477 2484 prospexit
499 2391 604 2458 divina
626 2391 822 2480 providentia
847 2405 880 2458 ut
899 2394 1036 2481 parvulis
1058 2397 1131 2483 qui-

87 2507 233 2592 busque,
257 2515 290 2568 et
304 2501 353 2568 his
369 2501 423 2589 qui
437 2522 496 2590 pro
511 2499 685 2586 semetipsis
702 2499 849 2564 adversus
867 2501 996 2566 astutias
1013 2499 1130 2567 diaboli

4 2671 9 2700 ,
86 2625 121 2679 et
138 2613 321 2678 demonum
333 2631 454 2697 pugnas
467 2605 618 2672 dimicare
630 2628 694 2671 non
706 2619 857 2694 possunt,
871 2619 980 2696 utpote
997 2608 1131 2674 infantes

4 2703 6 2710 Ι
87 2719 198 2786 adbuc
213 2729 245 2781 et
261 2715 414 2781 lactentes
430 2715 462 2779 in
478 2711 624 2788 Christo,
641 2713 717 2778 dare
731 2712 865 2802 Angelos
881 2723 1132 2804 propugnatores

87 2839 124 2893 et
140 2824 322 2891 defensores
340 2846 348 2886 ε
366 2822 419 2910 qui
434 2818 520 2886 velut
536 2832 657 2885 tutores
677 2832 709 2884 et
727 2833 949 2908 procuratores
968 2823 1131 2888 constituti

6 2923 12 3028 ὲ
86 2945 168 3001 sunt
184 2932 283 2997 aDeo
297 2951 410 2995 eorum
420 2976 429 3005 ,
450 2928 503 3015 qui
519 2928 551 2992 in
567 2927 695 2992 infirma
713 2939 806 2992 aetate
827 2928 918 3015 positi
938 2952 996 3016 pro
1016 2944 1133 2996 semet-

7 3029 17 3125 ’,
87 3042 168 3132 ipsis
192 3039 241 3125 (ut
264 3038 411 3125 diximus)
437 3057 578 3123 pugnare
602 3056 665 3099 non
689 3045 831 3122 possunt.
857 3035 897 3100 Et
917 3047 951 3099 ut
973 3036 1036 3103 hoc
1057 3061 1132 3105 cum

9 3140 17 3250 ζ
87 3148 208 3236 majori
224 3145 340 3211 fiducia
359 3155 471 3231 agant,
488 3142 676 3208 conceditur
691 3141 736 3206 eis
752 3164 878 3231 semper
896 3143 1001 3209 videre
1020 3145 1133 3211 faeiem

89 3256 196 3325 Patris
210 3254 263 3342 qui
285 3254 319 3318 in
335 3251 421 3317 coelis
443 3249 512 3315 est⁵
532 3273 540 3314 τ
562 3261 594 3314 et
613 3249 688 3314 istos
706 3261 784 3339 puto
804 3273 871 3314 esse
893 3251 1039 3338 parvulos
1055 3279 1134 3341 quos

94 3363 208 3429 venire
219 3363 258 3427 ad
273 3385 307 3426 se
323 3358 468 3425 Christus
482 3357 592 3446 jussit,
609 3369 640 3421 et
655 3381 719 3423 non
735 3357 805 3423 sivit
817 3355 995 3446 prohiberi,
1010 3374 1042 3426 et
1057 3386 1134 3450 quos

11 3479 15 3510 ³
91 3491 225 3556 semper
241 3468 319 3534 dixit
334 3465 441 3532 videre
456 3464 569 3530 faeiem
585 3464 696 3530 Patris.
716 3464 781 3529 Nec
800 3465 857 3529 tibi
876 3467 1071 3532 eontrarium
1088 3470 1131 3533 vi-

12 3557 18 3658 f
91 3579 225 3651 deatur,
243 3575 267 3639 si
283 3597 337 3640 cos
352 3572 421 3639 haec
437 3572 540 3638 anima
557 3595 626 3659 quae
642 3571 682 3636 ad
695 3569 798 3636 Deum
814 3573 934 3649 tendit,
951 3575 1136 3641 matrissuae

18 3692 23 3702 '
90 3683 181 3753 lilios
199 3679 343 3772 appellat.
364 3681 397 3747 Si
413 3681 497 3747 enim
514 3679 691 3745 animarum
706 3690 809 3744 mater
823 3679 1018 3746 Hierusalem
1034 3679 1137 3746 eaeles-

135 3847 146 3882 ¹
163 3861 172 3895 ι
190 3846 300 3905 rimu,
326 3839 402 3891 15.-
418 3841 569 3904 ’Ephrem
589 3836 821 3901 32.-⁸rom.v,
841 3841 901 3889 6.-
917 3840 1001 3889 *lbid
1020 3839 1050 3902 8,
1066 3859 1139 3906 9...

15 3940 23 3968 ¹
91 3929 302 4004 6Μιίιὶιχινιιι.

234 4038 262 4078 x.
294 4075 298 4082 ,
991 4013 1031 4072 98
