2682 4594
204 257 264 320 ude
647 257 788 320 eumenis
850 271 853 279 ’
965 279 968 290 ·

199 425 302 467 sermo
316 405 442 468 divinus
458 403 640 491 quuiessint
654 403 792 466 honores
807 401 903 488 hujus
919 401 1037 466 saeculi.
1057 403 1142 466 Cum
1154 401 1242 466 enim

199 511 313 577 uideris
334 511 424 577 iilum
448 499 587 600 acceptis
610 510 693 576 illius
714 510 885 600 provinciae
902 511 1040 575 fascibus
1056 511 1240 580 tumidum.
1332 551 1333 554 =

199 615 295 682 elium
320 617 534 683 consulatibus
555 615 673 681 elutum
694 665 702 691 ‚
727 615 824 681 ulium
849 615 979 681 diversis
1001 616 1240 704 magistratibus

198 723 376 799 elevatum,
393 747 467 790 cum
479 746 555 813 ergo
572 745 698 788 omnem
717 723 808 787 istam
824 723 939 788 videris
956 721 1148 798 clationem,
1166 745 1245 787 con-

198 831 300 896 sidera
320 834 393 920 quia
420 832 604 898 deficientes
627 833 708 896 sicut
731 831 837 895 sumus
865 829 1043 895 deficient:
1070 830 1243 894 recordare
1332 823 1333 831 ¹

197 939 293 1005 etiem
312 951 446 1026 quantos
468 940 501 1004 in
528 939 577 1004 his
599 938 776 1003 honoribus
802 938 938 1013 videris,
963 949 996 1001 et
1021 959 1122 1024 usque
1150 935 1190 1002 ed
1212 948 1243 1000 te

198 1059 316 1134 queutu
330 1049 521 1138 eos‘sastigie
539 1047 759 1114 conscendisse
774 1047 977 1126 memineris,
994 1058 1027 1110 et
1043 1046 1115 1111 vide
1132 1047 1157 1109 si
1172 1069 1239 1111 non
1332 1119 1333 1142 ἦ

199 1179 308 1219 omnes
332 1157 431 1232 bene,
454 1169 659 1244 posteaquam
686 1153 814 1219 exaltati
838 1166 932 1229 sunt,
949 1153 1067 1240 dejecti
1086 1154 1197 1218 denuo
1211 1167 1243 1218 et

197 1264 345 1352 prostrati
366 1264 447 1329 sicut
467 1264 573 1330 fumus
589 1263 784 1329 deiecerunt.
805 1262 959 1326 «Inimici
980 1274 1086 1326 autem
1111 1263 1241 1326 Domini

198 1372 324 1436 »statim
346 1383 381 1436 ut
401 1371 646 1436 honorabuntur
667 1383 699 1434 et
719 1369 971 1444 exultabuntur,
994 1368 1183 1433 deficientes
1209 1382 1243 1432 ut

199 1480 324 1544 »sumus
342 1479 500 1544 deficient.
518 1477 738 1544 »econtrario
753 1487 826 1541 vero
839 1476 931 1540 amici
944 1475 1071 1540 Domini
1087 1477 1197 1540 statim
1208 1489 1243 1539 nt

202 1587 376 1675 contempti
395 1586 512 1651 suerint
527 1597 560 1650 et
571 1586 709 1673 despecti
721 1596 753 1648 et
767 1585 806 1648 eb
824 1583 1007 1648 hominibus
1025 1581 1210 1656 humiliati,
1225 1607 1241 1647 e
1259 1629 1264 1636 -

201 1696 269 1759 Deo
296 1693 521 1759 exaltabuntur
546 1706 578 1757 et
600 1693 783 1781 erigentur:
807 1691 957 1779 quoniam
992 1691 1194 1778 «omnisqui
1210 1713 1242 1755 se

204 1801 341 1867 »exaltat
357 1800 595 1874 humiliabitur,
606 1811 638 1863 et
652 1800 706 1887 qui
720 1821 755 1862 se
767 1797 912 1863 humiliat
927 1797 1176 1862 exaltabitur¹.»

245 1909 304 1974 XI·
322 1909 397 1986 Post
411 1907 480 1972 haec
497 1909 656 1972 adduntur
671 1907 814 1994 quiedam
831 1929 901 1994 quae
912 1929 977 1970 non
989 1929 1087 1993 parve
1100 1907 1241 1994 indigent

202 2017 417 2104 expositione,
435 2016 477 2080 eit
495 2017 603 2080 enim:
627 2015 848 2079 «hiutuebitur
863 2026 1014 2102 peccator
1035 2028 1069 2079 et
1089 2039 1147 2079 non
1166 2015 1239 2077 red·

203 2123 298 2197 sidet,
314 2103 416 2209 justus
437 2135 542 2187 antem
561 2122 727 2187 miseretur
746 2135 778 2186 et
793 2121 1009 2187 commodnt².
1032 2123 1156 2188 »Etiam
1169 2121 1235 2187 hoc

202 2232 227 2294 si
250 2231 425 2295 secundum
447 2229 583 2294 litteram
611 2211 821 2318 accipiemus,
845 2253 909 2295 non
931 2231 1093 2298 videbitur
1118 2253 1239 2297 verum.

201 2336 291 2406 Mutii
307 2338 425 2402 etenim
441 2351 622 2426 peccatores
638 2351 750 2403 mutuo
764 2339 1112 2426 accipiuntpecuniam
1129 2352 1162 2405 et
1176 2341 1247 2404 red·

203 2447 283 2510 siunt
294 2468 367 2511 cum
379 2446 516 2522 soenore,
529 2448 571 2512 ite
585 2459 663 2510 utet
675 2447 732 2535 ipsi
745 2448 905 2512 interdum
918 2447 1042 2514 lucrum
1056 2474 1094 2513 ex
1107 2453 1246 2539 pecunia

204 2577 300 2641 quem
319 2568 518 2641 sumpserant
535 2557 685 2642 ceperint.
711 2555 829 2620 Definit
846 2568 952 2621 autem
964 2557 1017 2622 hic
1028 2557 1191 2646 Propheta
1206 2560 1249 2624 di·

205 2685 278 2728 cens
298 2685 305 2728 ι
330 2662 527 2730 Μαιιιαόἱιιιν
540 2676 690 2748 peccator,
711 2677 739 2727 et
757 2689 818 2728 nou
837 2667 937 2729 solvet.
960 2665 1023 2730 Sed
1043 2666 1069 2729 si
1090 2664 1248 2755 intelliges

206 2768 278 2853 quis
289 2778 337 2832 est
350 2768 404 2856 qui
417 2768 566 2843 soenerat,
581 2780 612 2835 ct
628 2768 697 2856 quis
709 2780 756 2832 est
772 2768 825 2856 qui
838 2769 953 2856 accipit
965 2769 1086 2845 smnus,
1100 2783 1134 2834 et
1146 2773 1250 2858 requi·

208 2897 259 2940 res
271 2873 341 2961 quis
353 2887 400 2939 est
415 2887 564 2962 peccator
579 2877 631 2962 qui
647 2898 710 2940 non
725 2876 829 2940 reddit
841 2877 1009 2964 pecuniam
1021 2899 1120 2965 quum
1136 2901 1251 2968 sump-

209 2983 268 3057 sit,
292 2981 446 3070 intelliges
475 2984 734 3070 consequentium
762 2985 880 3050 hebere
903 2984 989 3070 quod
1012 2987 1170 3073 scriptum
1192 3002 1248 3052 est.

207 3089 304 3155 Vcrhi
326 3091 443 3179 gretia,
465 3113 539 3156 cum
561 3091 655 3155 docet
676 3089 790 3156 Paulus
805 3102 839 3156 et
855 3092 1002 3157 assistunt
1015 3093 1044 3157 ei
1062 3093 1249 3169 auditores,

206 3197 320 3263 Penius
335 3200 447 3287 estqui
461 3199 629 3288 pecuniam
645 3199 777 3264 foenerat
790 3199 1004 3275 dominicam,
1023 3202 1188 3267 auditores
1203 3228 1252 3269 nn·

207 3316 270 3368 tem
288 3315 362 3367 sunt
377 3305 429 3390 qui
445 3327 484 3368 ex
502 3327 557 3368 ore
573 3303 642 3390 ejus
661 3304 830 3391 pecuniam
848 3304 937 3368 verbi
956 3306 1134 3392 suscipiunt
1153 3306 1254 3372 soene-

209 3422 319 3475 retem.
335 3412 373 3474 Et
386 3411 411 3473 si
421 3412 548 3497 quidem
561 3412 663 3498 justus
676 3412 715 3474 sit
727 3412 780 3498 qui
793 3411 943 3498 suscipiet
956 3413 1047 3476 abeo
1059 3415 1250 3500 pecuniam,

208 3517 320 3584 reddet
340 3517 498 3606 integrum
520 3519 621 3583 hunus
635 3531 667 3582 et
689 3519 774 3583 dicet
791 3541 799 3582 :
818 3518 958 3605 quinque
979 3542 1069 3585 mnes
1090 3521 1171 3586 mihi
1195 3524 1253 3589 de-

208 3628 299 3704 disti,
321 3651 397 3694 ecce
421 3629 568 3716 acquisivi
590 3627 664 3694 alias
683 3627 854 3716 qninque⁸.
878 3629 911 3694 si
934 3631 1035 3714 justus
1057 3644 1125 3706 est,
1146 3633 1250 3699 dicit:

212 3738 361 3826 quinque
390 3735 506 3802 talenta
530 3735 607 3801 mihi
627 3736 759 3812 dedisti,
776 3758 851 3802 ecce
866 3736 965 3802 hebes
980 3738 1111 3804 decem:
1129 3739 1179 3804 sel
1196 3741 1260 3806 duo

247 3874 322 3928 ¹i.uc.
335 3895 437 3944 nv,11.
452 3909 481 3916 —
495 3879 679 3941 1Ριιιιαιινι,
690 3895 733 3928 21.
748 3908 778 3916 νυ
794 3875 942 3942 ³Luc.xrx‚
955 3879 993 3931 18.
