2682 4594
343 338 375 382 ιιι
399 335 539 382 rsannnu
561 335 654 395 xxxvi
677 335 750 378 nou.
779 335 799 375 ι.
1025 309 1084 397 ¹95

71 493 129 536 rom
152 467 311 533 dieentes:
330 463 512 529 «Percussit
538 460 614 529 Saul
637 462 669 528 iu
691 459 850 537 millibus,
878 473 912 527 et
935 461 1036 527 David
1054 461 1087 526 in

72 579 184 643 »docem
199 570 370 639 millibus¹.
387 599 400 632 a
424 571 520 651 Quod
538 571 645 658 utique
661 569 686 635 si
701 569 806 634 studio
822 592 879 633 suo
894 570 1008 658 egisset
1022 571 1088 636 Da-

72 687 130 762 rid,
143 681 302 750 aemulatus
326 681 434 746 fuisset
455 680 487 745 in
509 678 702 768 malignitate
721 675 807 743 Saul.
838 678 902 744 Sed
919 702 1004 745 nunc
1024 701 1089 744 non

10 841 12 848 ·
74 819 122 862 suo
132 795 229 860 studio
244 781 425 858 factumest
441 801 476 854 ut
490 790 613 855 exirent
623 788 714 854 chori
724 784 902 877 puellarum
912 837 922 864 ,
934 800 967 853 ct
982 788 1092 877 hujus-

74 903 183 970 cemodi
196 902 353 990 hymnum
370 900 530 974 dicerent,
554 898 627 984 quia
645 897 745 962 David
761 897 917 985 percussit
931 897 964 961 in
980 894 1092 962 decem

74 1012 213 1086 millibus,
229 1021 263 1076 et
278 1005 354 1075 Saul
366 1009 399 1073 iu
414 1005 564 1072 millibus.
580 1007 650 1092 Hoc
663 1018 798 1094 astorgo
810 1006 896 1093 quod
911 1029 969 1071 nos
980 1006 1092 1071 edocet

72 1118 213 1208 psalmus,
236 1129 270 1181 ut
293 1116 444 1202 quoniam
464 1137 563 1203 genus
584 1113 753 1179 hominum
767 1113 907 1202 proclive
922 1126 969 1179 est
984 1114 1024 1181 ad
1041 1135 1094 1178 ze-

72 1227 231 1314 lotypiam,
248 1235 281 1288 et
296 1221 446 1312 perfacile
470 1221 509 1288 ad
530 1221 641 1287 vitium
656 1221 740 1286 istud
755 1220 944 1297 inclinatur,
964 1223 1095 1287 observa

73 1358 109 1399 no
123 1334 152 1398 id
161 1355 251 1421 agas,
265 1330 351 1420 quod
363 1327 463 1395 malos
473 1328 619 1412 homiues
631 1328 663 1393 in
675 1327 910 1394 aemulationem
922 1329 968 1394 tui
981 1330 1095 1405 irritet,

75 1453 106 1508 et
120 1441 155 1505 ad
165 1439 374 1505 insidiandum
390 1437 447 1502 tibi
465 1437 620 1511 concitet,
638 1435 687 1501 vel
702 1438 743 1503 ad
766 1437 874 1502 odium
898 1437 946 1506 tui
967 1438 1093 1502 excitet.

76 1551 113 1613 Et
123 1559 166 1612 est
179 1547 243 1612 hoc
257 1546 452 1633 totumquod
461 1543 696 1634 significaturin
706 1544 755 1610 his
768 1545 934 1620 omnibus,
948 1557 983 1609 ut
995 1569 1099 1634 nequo

76 1657 138 1743 ipso
161 1675 310 1742 provoces
335 1651 409 1718 mali
433 1649 667 1719 aemulationem
690 1654 856 1719 adversum
876 1665 925 1729 te,
943 1675 1045 1742 neque
1063 1664 1099 1717 tu

74 1762 240 1850 nequitiam
254 1759 409 1825 aemuleris
426 1759 571 1825 alienam.
597 1759 768 1840 Quomodo
782 1783 859 1848 ergo
873 1760 971 1826 homo
989 1760 1101 1849 nequi-

73 1871 145 1935 tiam
159 1866 325 1934 ,emulatur
339 1867 490 1934 alterius?
506 1868 581 1933 Sine
597 1868 695 1933 dubio
708 1891 783 1934 cum
795 1869 907 1933 eadem
916 1871 988 1958 agit.
1005 1869 1101 1949 Quod

73 1991 174 2044 autem
190 1977 280 2052 dico,
293 1973 356 2041 tale
369 1987 428 2040 ost.
451 1975 484 2041 Si
500 1975 570 2062 quis
586 1976 625 2040 sit
641 1999 697 2064 per
712 1976 910 2063 iniquitatem
932 1977 1020 2042 dives
1035 1976 1103 2043 fac-

71 2101 120 2152 tus
135 2110 173 2150 ex
187 2106 342 2173 paupere,
355 2083 380 2147 si
395 2084 436 2147 sit
461 2083 581 2149 vicinus
606 2085 675 2171 ejus
697 2108 811 2174 egens,
829 2096 862 2150 ct
887 2076 995 2152 videat
1013 2085 1102 2151 illum

71 2194 124 2282 qui
140 2193 178 2258 de
192 2204 276 2257 terra
291 2191 443 2266 surrexit,
460 2204 492 2255 et
506 2192 547 2256 ad
563 2191 743 2257 divitiarum
755 2191 882 2258 culmen
895 2195 1056 2270 ascendit,
1073 2206 1105 2259 et

73 2301 201 2389 incipiat
215 2296 355 2365 oemulari
373 2310 406 2362 ut
423 2297 567 2363 similiter
581 2300 677 2364 etiam
692 2301 758 2386 ipsc
773 2323 812 2365 ex
826 2302 992 2388 iniquitate
1009 2303 1105 2367 dites-

2 2465 5 2504 2
72 2420 143 2483 cut,
157 2409 215 2473 hoc
236 2420 281 2472 est
297 2405 438 2472 aemulari
454 2407 604 2472 facientes
620 2407 828 2496 iniquitatem.
852 2409 916 2474 sed
938 2411 1013 2474 etsi
1037 2411 1106 2499 quis

4 2569 7 2612 Ι
70 2540 147 2582 eum
158 2516 211 2604 qui
227 2514 275 2582 vel
290 2515 412 2580 furtivis
428 2516 562 2604 stupris,
580 2515 626 2580 vel
641 2514 756 2582 illicitis
773 2519 941 2583 conatibus
958 2518 1040 2586 ultra
1059 2518 1108 2584 lo-

5 2682 9 2722 3
69 2648 146 2691 cum
159 2636 190 2688 et
205 2646 385 2688 mensuram
402 2619 491 2689 suain
513 2624 633 2689 invadit
655 2625 799 2712 nuptias,
816 2626 946 2702 domos,
968 2628 1106 2706 divitias,

7 2790 11 2830 Ι
67 2730 214 2798 aemulnri
225 2729 316 2807 velit,
328 2729 492 2796 aemulatus
508 2743 555 2795 est
567 2731 717 2797 faciontes
728 2733 936 2822 iniquitatem.
949 2734 968 2800 J
971 2759 1021 2800 nm
1034 2759 1109 2801 voro

10 2895 13 2936 Ξ
68 2840 193 2928 eosqui
208 2861 266 2927 per
277 2839 397 2904 diversa
412 2837 552 2928 flagitia,
568 2838 617 2905 vel
629 2840 773 2929 indignas
788 2852 882 2929 atquo
902 2841 1025 2908 illicitas
1041 2867 1110 2910 am-

10 3013 12 3034 ,
70 2948 212 3014 bitiones
234 2946 274 3012 ad
296 2947 453 3012 immerita
477 2949 635 3012 honorum
660 2948 799 3014 culmina
820 2963 1055 3038 pervenerunt,
1078 2965 1111 3016 ot

11 3114 17 3154 ι
66 3055 192 3142 iniquis
207 3053 395 3120 factionibus
415 3053 463 3120 vel
487 3057 626 3121 eruentis
648 3057 795 3128 manibus
816 3059 952 3124 honores
971 3062 1110 3128 nonsibi

13 3225 17 3266 ε
62 3164 199 3232 debitos
213 3175 428 3252 occuparunt,
444 3162 502 3228 hos
526 3164 551 3228 si
567 3165 637 3252 quis
652 3165 760 3229 ridens
780 3165 968 3233 adsimilem
985 3167 1112 3236 inflam-

15 3332 19 3372 ἶ
60 3283 182 3338 ruetur
198 3271 371 3347 insaniam,
389 3269 555 3336 aeurulatus
569 3282 617 3335 ost
633 3272 781 3337 facientes
798 3273 1005 3361 iniquitatem.

17 3435 19 3474 3
114 3377 160 3442 ll.
180 3379 351 3466 Propterea
366 3402 442 3467 crgo
458 3379 609 3444 mandato
624 3380 751 3444 Domini
762 3377 976 3458 illuminatur,
991 3396 1026 3450 ut
1038 3409 1112 3452 cunr
1137 3389 1140 3396 ’

17 3542 20 3582 Ι
56 3481 287 3551 aemulationis
304 3484 419 3551 illicitae
435 3486 561 3551 flamma
581 3509 638 3551 cor
657 3498 799 3551 nostrum
817 3501 1019 3577 mentemque
1041 3492 1115 3581 pul-

19 3655 21 3688 ?
54 3593 209 3668 severit,
228 3616 286 3657 nos
301 3595 404 3658 verbis
419 3594 523 3659 edocti
545 3593 706 3659 dicamus:
724 3594 749 3658 si
764 3593 905 3660 aemulari
921 3596 1049 3664 voluero
1065 3601 1115 3665 in·

20 3761 21 3774 ,
52 3718 114 3769 ter
133 3699 370 3789 malignantes,
383 3713 438 3766 aut
448 3700 614 3766 aemulatus
631 3701 721 3766 fuaro
736 3701 885 3768 facientes
896 3705 1115 3793 iniquitatem,

49 3811 139 3879 vide
158 3808 241 3894 quid
258 3819 429 3896 sequatur:
449 3810 563 3876 «Sicut
579 3810 719 3885 foenum,
738 3809 850 3895 iraquit,
872 3813 936 3877 cito
956 3829 1116 3890 arescent,

93 3957 105 3992 ¹
122 3968 134 4001 1
154 3954 222 4015 fleg.
234 3967 315 4012 xvsrr,
329 3969 351 4012 7.
