2682 4594
369 265 404 306 ιιι
430 263 569 306 ιιιιιιιιιι
591 262 683 312 ιιιιιιι
708 262 779 304 ιιοιι.
808 263 854 303 ιιι.
1073 241 1134 302 225

104 381 280 448 reconditos
298 380 339 468 et:
350 382 503 447 obscuros
518 391 686 469 penetrare
705 379 891 445 thesauros:
916 380 975 444 iste
990 379 1054 466 jam
1076 403 1140 444 uon

103 488 262 556 confertur
276 488 470 577 sapientibus
484 488 579 576 hujus
595 487 728 563 muudi,
745 498 781 551 ut
796 483 909 576 melior
923 485 983 552 illis
1001 486 1137 563 dicatur,

103 595 229 662 sediliis
246 595 345 684 magis
361 607 543 683 exsequatur
558 596 611 682 qui
629 595 796 670 dicebant,
808 621 820 654 ι
832 595 905 681 quin
931 593 1042 658 divites
1065 594 1140 660 facti

106 705 197 768 uestis
209 704 242 768 in
254 703 340 770 omni
356 704 454 770 verbo
466 714 498 767 et
512 703 545 766 in
556 702 644 768 omni
656 700 806 768 scientie¹
819 725 827 766 :
843 701 962 789 »etqui
977 702 1142 766 destruen-

108 823 150 876 tes
166 810 261 899 hujus
282 809 395 874 mundi
414 809 620 897 sapientiam,
643 821 676 873 et
694 806 779 874 velut
798 809 931 874 victores
945 809 1013 896 ejus
1036 808 1141 874 effecti

108 921 213 986 dicunt
231 941 264 984 se
278 929 404 1010 paratos
423 941 491 982 esse
506 916 546 982 nd
561 915 785 1005 captivandum
799 939 927 983 omnem
942 915 1141 982 intellectum

105 1025 306 1094 extollentem
322 1050 356 1092 se
367 1038 399 1090 et
410 1026 584 1113 erigentem
594 1025 742 1090 adversus
756 1025 920 1090 scientiam
936 1022 1063 1090 Christi.
1075 1025 1144 1090 Etsi

1 1135 2 1222 J
105 1135 231 1222 quidem
247 1133 299 1200 ille
314 1135 355 1199 sit
371 1156 468 1222 quem
482 1133 625 1222 superius
646 1133 781 1199 diximus
798 1133 962 1221 imperitus
977 1145 1009 1198 et
1025 1132 1141 1209 idiota,

1 1245 2 1248 ’
105 1243 159 1308 sed
169 1240 271 1307 fidelis
282 1253 316 1307 et
330 1242 445 1306 timens
457 1240 579 1315 Deum,
591 1266 604 1299 ι
615 1238 728 1306 melius
745 1252 792 1306 est
805 1240 968 1306 modicum
980 1240 1060 1305 iilud
1070 1240 1143 1328 fidei

1 1327 2 1346 Χ
107 1348 196 1414 »huic
210 1350 296 1436 justo
315 1371 409 1437 super
423 1347 546 1414 divitias
569 1359 775 1435 peecatorum
792 1346 927 1424 multas,
946 1372 1044 1434 »qnos
1066 1371 1144 1414 eum

1 1461 2 1470 ’
106 1457 202 1544 hujus
224 1454 329 1520 saeouli
347 1456 497 1543 supientia
519 1468 754 1542 compererunt.
781 1457 883 1544 Super
902 1457 1012 1522 umbos
1035 1468 1143 1522 autom

1 1569 2 1580 ¹
106 1565 182 1634 istos
195 1574 242 1628 est
261 1563 314 1650 qui
331 1563 415 1628 dives
431 1575 480 1626 est
498 1564 530 1627 in
546 1564 644 1628 verbo
655 1564 713 1628 Dei
731 1576 763 1628 et
784 1565 913 1628 seientia
934 1565 1090 1640 veritatis,
1110 1565 1143 1630 id

1 1652 3 1668 Ι
105 1683 172 1746 est,
192 1672 245 1758 qui
267 1670 441 1736 seeundum
458 1670 591 1736 Pnulum
610 1671 695 1737 dives
710 1684 756 1736 est
778 1673 811 1736 in
833 1673 919 1738 omni
934 1673 1032 1738 verbo
1056 1685 1087 1737 et
1110 1673 1142 1738 in

105 1781 190 1846 omni
206 1780 353 1855 scientia,
371 1793 403 1844 et
422 1779 631 1846 nihilominus
647 1781 733 1846 dives
749 1794 798 1845 est
819 1782 851 1846 iu
867 1782 1017 1869 operibus
1037 1784 1139 1847 bouis.

101 1879 136 1956 Si
154 1901 262 1956 nutem
282 1891 327 1954 vis
348 1890 430 1954 seire
450 1890 525 1976 quid
546 1903 593 1954 est
616 1890 745 1955 divitem
768 1913 835 1956 esse
860 1890 1001 1962 inomni
1023 1894 1140 1967 verbo,

101 1998 240 2064 berriter
259 2010 290 2062 te
312 1997 445 2062 docebo.
465 1997 574 2085 lneipe
591 1997 749 2064 discutere
768 1999 899 2086 aprime
919 2001 1016 2064 verbo
1034 2002 1142 2066 Gene-

99 2116 190 2181 sees;
215 2104 289 2170 inde
306 2105 339 2168 in
353 2105 452 2186 verbo
468 2105 586 2179 Exodi,
602 2118 673 2192 post
695 2105 763 2170 haee
779 2106 811 2170 in
833 2107 931 2171 verbo
946 2108 1075 2172 Levitiei
1087 2159 1096 2183 ,
1109 2109 1141 2173 in

100 2203 247 2276 Nrimeris
257 2230 270 2285 ,‘
282 2209 315 2274 in
330 2209 600 2282 Deuteronomio,
618 2209 735 2272 ditesce
750 2208 790 2274 de
804 2209 881 2274 Jesu
898 2210 1000 2286 Naue,
1022 2212 1140 2279 ditesco

103 2318 143 2382 de
162 2319 307 2382 omuibus
323 2314 417 2382 simul
431 2316 599 2381 dudioibus
615 2365 624 2392 ‚
640 2328 672 2380 et
689 2315 752 2400 jam
772 2317 845 2381 inde
865 2341 922 2405 per
941 2341 1140 2408 consequen·
1244 2345 1249 2356 ·

101 2424 179 2489 tiam
198 2423 237 2489 de
252 2423 381 2514 singulis
402 2423 581 2510 quibusque
594 2423 765 2510 Scripturae
787 2424 900 2488 diviuae
920 2423 1008 2490 libris
1026 2452 1141 2516 usque-

97 2555 163 2620 quo
175 2533 338 2620 pervenies
351 2533 391 2597 ad
403 2529 606 2620 Evangeliees
621 2530 872 2618 apostolicosque
885 2533 1016 2598 divitius.
1038 2536 1136 2612 Nam,

96 2641 186 2706 verbi
201 2664 316 2714 causa,
331 2640 355 2704 si
372 2639 441 2726 quis
461 2640 514 2704 uni
530 2640 627 2704 verbo
648 2638 847 2705 Psalmorum
869 2664 998 2728 opernm
1016 2642 1139 2708 dederit

93 2758 131 2810 et
151 2746 310 2834 integrum
325 2742 509 2832 psalterium
529 2766 605 2808 eum
624 2741 758 2808 voluerit
777 2745 880 2818 canit,
897 2743 983 2810 dives
1002 2758 1049 2810 est
1067 2749 1138 2834 qui-

96 2853 172 2917 dem
184 2903 192 2928 ,
205 2853 260 2918 sed
275 2876 340 2918 non
356 2852 387 2916 in
412 2851 499 2916 omni
511 2851 608 2915 verbo
633 2863 725 2938 utque
746 2853 831 2916 omni
850 2835 998 2929 seientia,
1016 2857 1071 2920 sed
1090 2870 1136 2921 est

95 2958 186 3024 dives
206 2959 238 3024 in
259 2956 326 3022 solo
347 2958 444 3032 verbo
460 2955 609 3045 psalterii·
627 2956 686 3021 Vel
710 2959 734 3022 si
755 2959 824 3045 quis
839 2959 1026 3048 evangelion
1042 2974 1137 3051 utque

93 3064 276 3154 apostolice
298 3064 426 3130 lectioni
449 3063 589 3128 studium
609 3065 752 3141 tribuat,
777 3078 809 3131 et
831 3066 863 3130 iu
882 3068 1037 3134 mandetis
1061 3073 1134 3138 nori

89 3173 287 3240 Testamenti
303 3173 509 3262 semetipsum
524 3183 687 3248 exerceat,
706 3173 790 3238 dives
806 3185 900 3239 estet
917 3173 987 3252 hie,
1002 3178 1133 3244 sednon

86 3283 124 3347 in
142 3281 228 3346 omni
243 3282 360 3356 verbo,
373 3281 431 3344 nisi
446 3278 627 3368 evangelieo
643 3291 765 3344 tantum
779 3292 811 3344 et
821 3281 1003 3390 npoqtolieo.
1016 3287 1049 3351 Si
1059 3310 1132 3354 vero

3 3430 6 3432 -
84 3389 232 3477 potuerit
246 3409 365 3454 novum
380 3412 417 3454 eo
432 3399 521 3452 vetus
534 3399 757 3452 testamentum
774 3389 840 3475 pari
855 3390 960 3454 studio
976 3391 1130 3469 ediscere,

84 3509 188 3584 atque
206 3519 244 3561 ex
266 3497 353 3562 omni
375 3496 444 3582 ejus
465 3495 644 3560 eruditione
666 3495 796 3572 instrui,
822 3495 921 3561 itaut
944 3512 1071 3586 paratus
1090 3504 1130 3568 sit

2 3649 5 3658 =
77 3605 224 3670 reddere
243 3606 399 3670 rationem
414 3603 454 3667 de
474 3602 604 3692 singulis
622 3604 802 3690 quibusque
817 3628 886 3691 quae
901 3607 1015 3694 scripta
1033 3622 1127 3684 sunt,

70 3725 115 3778 et
125 3713 227 3778 vitam
239 3735 329 3778 suam
343 3711 517 3778 seeundum
526 3714 659 3777 verbum
671 3711 809 3776 veritatis
817 3712 886 3800 ejus
893 3737 962 3802 quae
975 3715 1007 3778 in
1020 3717 1128 3804 Scrip-

119 3853 310 3916 ¹1Cor.1‚5.

223 3971 253 4010 ιι.
982 3949 1016 4010 ι5
1072 4020 1075 4025 ¹
