2744 4624
390 311 423 357 ur
448 311 579 358 asaneus
601 310 729 359 nonaum
754 316 829 360 xvu.
1084 297 1123 382 75

80 428 212 496 »tulum
227 431 410 519 saginatum
420 428 443 493 ¹.
457 458 471 490 ι
486 431 585 499 istum
597 457 673 522 ergo
688 445 815 498 taurum
830 433 894 499 sire
907 433 1039 499 vitulum
1051 457 1124 499 eon·

78 541 151 608 silio
163 565 224 606 suo
239 536 361 605 Scribas
377 552 411 604 st
426 540 574 606 Pharisaei
585 544 791 607 subnervasse
803 541 953 606 dicuntur
966 565 974 605 ε
989 565 1124 631 quorum

81 650 276 717 maledictus
291 651 392 726 furor,
409 651 486 738 quia
501 651 687 717 temerarius
703 664 768 725 estr
786 663 820 716 et
835 654 881 718 ira
894 651 1033 728 illorum,
1050 653 1123 738 qnia

84 761 238 825 indurata
251 771 307 824 est.
327 757 501 824 «Dividam
517 757 586 824 ilios
601 760 634 824 in
649 760 764 835 Jacob,
779 773 811 826 et
826 761 1003 850 dispergam
1016 782 1070 824 eos
1082 759 1122 846 „in

90 899 104 929 »
119 869 226 935 lsraiil.
239 867 445 936 »Videndum
461 880 511 934 est
528 891 568 934 ue
589 868 671 935 sorte
690 871 800 936 divisio
815 872 872 936 ista
887 895 958 959 quae
972 869 1026 936 hic
1040 893 1125 936 com-

90 991 295 1055 memoratur,
308 978 381 1044 telis
397 979 438 1044 sit
452 977 553 1065 qualis
568 992 601 1045 ct
615 978 666 1045 iiia
684 979 723 1043 de
736 1002 797 1066 qua
815 981 847 1044 in
861 978 1029 1068 Evangelio
1045 979 1125 1044 dici-

90 1101 151 1163 tur,
168 1088 242 1174 quie
261 1109 338 1153 cum
359 1085 482 1151 venerit
500 1085 656 1152 Dominus
671 1087 752 1152 servi
770 1084 1018 1163 iliius,«dividet
1033 1107 1121 1161 eum,

81 1209 304 1285 »partemque
323 1193 407 1260 iilius
423 1215 500 1259 eum
519 1192 700 1260 infidelibus
719 1194 856 1283 ponet²3
871 1223 885 1258 r
898 1194 947 1262 vel
968 1207 1067 1271 certe,
1087 1207 1123 1259 ut

83 1303 192 1372 audiri
207 1302 383 1390 quemdam
401 1324 441 1366 ex
459 1301 577 1366 sanctis
596 1301 738 1389 patribus
754 1301 973 1376 disserentem,
990 1302 1063 1388 qaria
1080 1301 1124 1366 di·

85 1416 168 1480 visio
186 1410 286 1476 simul
303 1423 336 1474 et
356 1409 502 1502 dispersio
525 1411 720 1485 nominatur,
739 1431 798 1497 pro
817 1432 857 1475 eo
877 1411 963 1497 quod
982 1407 1124 1474 nonnulii

93 1546 136 1587 ox
149 1522 229 1609 ipsis
241 1519 380 1586 Domino
394 1519 605 1596 crediderunt,
618 1531 650 1584 et
665 1518 717 1584 elii
735 1520 767 1584 in
783 1517 967 1585 infidelitate
982 1540 1124 1607 perman·

97 1645 222 1707 serunt,
243 1631 331 1697 dirisi
346 1630 484 1696 dieantur
503 1632 537 1698 hi
553 1632 608 1719 qui
623 1634 664 1697 ab
682 1632 726 1697 eis
746 1645 933 1720 separentur
945 1643 978 1696 et
996 1630 1126 1696 veniunt

92 1743 133 1807 ad
152 1741 266 1816 iidem,
284 1751 316 1805 et
335 1741 464 1828 dispersi
483 1741 518 1806 hi
534 1764 671 1828 quorum
687 1741 787 1830 patria
806 1741 989 1830 temploque
1004 1763 1060 1828 per
1076 1763 1124 1804 or·

88 1853 164 1917 hem
187 1862 281 1915 ten-se
301 1847 503 1914 incredulum
526 1849 717 1938 dispergitur
739 1872 848 1938 genus.
866 1848 999 1918 Videtur
1016 1859 1050 1912 et
1068 1859 1127 1936 per

87 1962 174 2051 ipsos
189 1959 367 2048 tripartitus
381 1957 441 2022 iste
455 1969 561 2022 motus
580 1957 676 2024 totius
695 1958 808 2024 enimae
823 1957 990 2047 designari.
1008 1957 1044 2022 ln
1060 1956 1126 2043 qui-

90 2073 150 2136 bus
174 2069 290 2135 Ruhen
310 2079 414 2133 servat
436 2065 572 2154 primum
594 2080 704 2132 notam
724 2066 881 2154 sanguinis
902 2089 977 2134 cum
1000 2064 1125 2133 maculo
1158 2111 1168 2120 -

90 2179 195 2246 effmi.
211 2177 393 2244 Secundum
404 2175 459 2240 irae
472 2173 521 2240 rei
532 2175 646 2242 furoris
657 2176 796 2264 speciem
808 2189 894 2242 tenet
906 2177 1059 2264 Symeon,
1071 2176 1125 2264 qui

99 2291 220 2376 etipse
240 2311 277 2352 ex
296 2286 412 2352 furoris
434 2287 504 2374 ejus
526 2286 760 2352 demonstratur
778 2287 961 2375 opprobrio.
985 2285 1125 2351 Tertia!

96 2401 234 2466 termam
250 2409 350 2462 motus
372 2393 595 2462 irrationabilis
618 2407 705 2460 tenet
726 2394 814 2470 Levi,
832 2395 949 2483 quippe
964 2395 1015 2460 eui
1030 2395 1126 2460 etiem

91 2508 197 2600 legem
211 2530 334 2573 serrare
349 2505 538 2594 permissum
549 2516 607 2570 est.
622 2504 687 2572 Has
699 2526 776 2591 ergo
791 2515 855 2569 tres
870 2504 990 2590 species
1005 2502 1128 2568 videtur

90 2619 170 2686 mihi
186 2619 290 2684 omnis
310 2639 410 2706 prope
425 2615 530 2681 anima
544 2635 615 2702 quae
634 2614 667 2679 in
686 2613 775 2680 hune
792 2612 950 2678 mundum
965 2612 1050 2678 seuit
1067 2612 1129 2699 pri-

90 2731 151 2798 mis
167 2729 310 2795 mutibus
322 2723 639 2814 culpabiliteragere,
654 2745 817 2811 usquequo
831 2725 1036 2812 peecatorum
1046 2721 1128 2786 vitiis

89 2851 287 2930 praegravata
298 2833 497 2901 etmalorum
509 2833 662 2901 societate
672 2833 766 2908 sessa,
778 2831 820 2898 ad
831 2831 938 2897 iocum
949 2833 1046 2919 possit
1056 2853 1131 2920 poe-·

90 2951 235 3017 nitentia,
246 2946 423 3036 pervenire.
438 2943 538 3010 Judas
550 2944 635 3009 enim
652 2955 722 3032 post
733 2943 803 3008 haec
817 2943 970 3030 sequitur,
985 2943 1039 3030 qui
1053 2965 1128 3031 pur

90 3073 142 3150 gat
156 3056 368 3126 consessionis
382 3065 526 3143 peecata,
539 3054 612 3141 qnia
624 3053 644 3119 J
646 3052 722 3120 udas
736 3051 891 3118 consessio
904 3053 1130 3140 interpretetur
1144 3100 1148 3112 .,

92 3171 197 3260 lingua
213 3169 361 3235 Hebraea.

134 3269 189 3346 lv.
201 3278 366 3364 nitergo:
379 3274 497 3350 «Judn,
510 3286 542 3339 te
553 3255 735 3340 collaudent
744 3272 855 3338 iratres
868 3271 913 3337 tui
919 3295 930 3345 ι
941 3295 1053 3336 manus
1064 3283 1127 3336 tuae
1229 3342 1233 3348 ⁸

62 3446 65 3452 .
99 3411 216 3476 nuper
239 3386 373 3452 dorsum
394 3383 597 3450 inimicorum
617 3381 924 3448 tuorum⁸.nPotest
944 3380 1007 3448 hoc
1023 3379 1072 3447 vel
1087 3380 1128 3445 od
1156 3459 1157 3464 ἵ

104 3496 340 3585 ipsumdudem‚
355 3491 404 3559 rel
420 3494 459 3557 sd
475 3515 528 3557 eos
540 3492 594 3579 qui
609 3515 648 3556 ex
663 3492 759 3579 ipsius
775 3491 920 3558 videntur
936 3513 1003 3555 esse
1017 3513 1128 3579 proge

101 3607 150 3672 nie
167 3605 287 3681 referri,
304 3603 361 3692 qui
377 3625 510 3690 regnum
527 3601 629 3690 gentis
647 3599 729 3666 illius
747 3600 1014 3674 administrantes,
1027 3600 1128 3666 inimi

95 3739 201 3783 rorum
226 3729 317 3803 terge
343 3713 547 3778 domuerunt.
568 3711 633 3778 Sed
652 3724 685 3776 et
708 3711 740 3778 in
763 3711 890 3776 Christo
912 3720 1129 3798 competenter

93 3829 258 3917 accipitur,
272 3825 330 3913 qui
347 3847 365 3888 a
381 3821 530 3888 fratribus
545 3822 621 3898 suis,
633 3819 667 3886 id
681 3834 728 3886 est
743 3822 782 3886 ab
796 3819 953 3912 Apostolis
968 3843 1047 3908 qrros
1063 3819 1130 3910 ipse

124 3955 132 3984 ¹
146 3952 206 4001 Luc.
219 3967 264 4010 nr,
277 3965 318 4013 ις),
330 3947 370 3998 30.
384 3975 414 3984 -
424 3947 435 3980 ²
446 3946 485 3997 ld.
497 3963 544 4006 ιιι,
555 3946 595 4004 46.
607 3946 654 3986 -3
669 3947 733 3997 Gon.
748 3961 814 4008 xcix,
827 3947 853 3996 8.
925 3931 933 3947 ⁰
