2604 4614
210 225 273 288 558
452 287 455 292 ,
652 252 795 312 oniensis

205 369 384 456 peccatrix,
405 371 460 435 sed
478 384 605 447 sancta,
629 372 667 437 da
683 394 746 458 qua
760 395 848 437 nuno
859 373 938 438 mihi
952 395 1059 437 sermo
1078 370 1156 436 αι’.
1174 371 1240 437 Soio

206 475 322 565 quippe
345 478 464 543 Lucam
481 479 519 544 de
541 480 740 566 peccatrice,
764 479 936 544 Mathaeum
953 502 1028 544 vero
1042 490 1076 542 et
1096 479 1239 545 Joannen

206 596 239 648 et
256 584 399 652 Marcum
415 611 479 652 non
497 589 538 653 de
558 589 736 676 peccatrice
752 586 805 653 illa
824 589 947 654 dixisse.
972 587 1075 654 Venit
1096 611 1172 674 ergo
1188 611 1241 652 non

204 694 387 780 peccatrix,
405 696 460 760 sed
475 708 600 771 sancta,
619 697 710 783 cujus
725 717 842 762 nomen
856 719 986 784 quoque
1005 696 1155 760 loannes
1173 695 1240 760 inse·

205 798 280 866 ruit.
301 801 397 869 lllaria
417 805 533 892 quippe
549 817 617 869 erat
632 805 752 869 habens
776 803 970 870 alabastrum
989 805 1152 892 unguenti
1167 803 1241 873 aaut

204 909 308 995 pistici
323 912 451 998 pretiosi
466 961 476 986 ,
494 923 526 976 ot
544 911 656 978 effudit
672 934 766 1000 super
785 924 882 1000 caput
900 912 987 976 Jesn.
1008 912 1142 976 Deinde
1163 933 1238 998 saper

207 1017 269 1082 hoo
295 1018 531 1107 indignantibus
550 1043 615 1084 non
631 1020 779 1084 omnibus
797 1017 980 1110 discipulis,
999 1019 1059 1083 scd
1079 1018 1102 1082 J
1106 1019 1168 1084 uda
1188 1016 1239 1082 solo

206 1125 351 1191 dicente:
379 1128 512 1193 «Potuit
532 1128 706 1193 venundari
722 1127 795 1194 hoo
809 1127 959 1192 trecentis
977 1127 1126 1192 denariis
1148 1138 1177 1192 et
1189 1127 1238 1192 dari

206 1261 219 1293 ι
227 1235 420 1322 pauperibus
431 1234 441 1271 ²
447 1259 457 1307 ς
473 1236 660 1325 »respondit
671 1237 821 1323 magister
839 1246 935 1322 atque
951 1233 1132 1299 Salvator:
1150 1233 1240 1298 «Sen-

146 1367 151 1374 ·
206 1365 449 1431 »perpauperes
463 1343 620 1408 habebitis
637 1344 820 1418 vobiscum,
838 1365 890 1407 me
907 1354 1016 1406 autem
1035 1366 1106 1406 non
1123 1363 1234 1428 semper.

207 1450 423 1516 »Praereniens
432 1451 548 1539 quippe
566 1451 635 1516 haec
646 1452 678 1516 in
687 1451 772 1516 diem
785 1448 1049 1539 sepultnraemeae
1062 1449 1172 1515 secit¹.
1183 1449 1238 1513 ldeo

204 1558 419 1646 ,ubicumque
431 1559 636 1646 praedicatum
651 1559 746 1623 suerit
757 1556 955 1646 evangelium
966 1557 1059 1622 istud
1070 1607 1079 1630 ‚
1089 1557 1232 1622 dieetrrat

203 1665 395 1752 »quodlecit
414 1665 483 1730 haec
494 1667 527 1731 in
539 1664 727 1731 memoriam
747 1663 851 1751 ejus‘.
870 1664 934 1727 »ln
951 1663 1063 1751 ligura
1080 1686 1156 1750 ergo
1167 1663 1234 1726 atior

205 1796 275 1859 quae
290 1795 375 1838 nunc
386 1771 538 1860 loquitur,
557 1801 569 1832 a
587 1773 710 1838 Nardus
723 1795 793 1838 mea
805 1771 891 1836 dedit
902 1771 1044 1836 odorem
1058 1767 1223 1844 suum,n'llr

205 1903 300 1968 super
315 1892 412 1968 caput
427 1881 553 1946 Domini
565 1881 646 1946 ludit
660 1891 875 1968 unguentum:
890 1889 922 1944 et
934 1890 968 1942 tu
988 1897 1221 1966 quoqaeassume

206 1988 360 2063 nardum,
378 2000 413 2052 ut
432 2000 599 2076 postquam
614 1999 711 2077 caput
732 1989 810 2053 Jesu
826 1987 913 2052 suari
936 1986 1043 2051 odore
1068 1983 1221 2074 perlatlerist

203 2098 302 2186 possis
314 2097 465 2162 audacter
479 2097 587 2172 effari,
602 2125 615 2157 s
632 2096 754 2163 Nardus
770 2119 839 2160 mea
858 2094 945 2160 dedit
962 2096 1106 2160 odorem
1122 2117 1220 2167 suurn.»

205 2217 237 2270 et
254 2205 359 2271 adesa
381 2205 582 2292 reciprocum
596 2205 705 2269 audire
721 2224 919 2277 sermonem,
939 2204 1014 2289 quia
1032 2229 1047 2262 ι
1065 2203 1233 2288 ubicumque

206 2313 435 2403 »predicatum
451 2313 545 2377 luerit
560 2311 622 2378 hoc
635 2311 832 2400 evangelium
844 2312 878 2376 in
891 2323 959 2375 toto
970 2311 1116 2389 mundo,
1132 2311 1236 2376 dioetar

206 2433 260 2486 »et
276 2420 362 2508 quod
377 2420 452 2485 fecit
467 2420 536 2484 haec
551 2425 583 2488 in
596 2421 784 2485 memoriam
798 2420 878 2507 ejus.
899 2446 911 2480 r
927 2420 978 2483 Tu
994 2443 1130 2507 quoque
1141 2418 1237 2489 facito,

204 2531 237 2597 in
249 2529 400 2595 universis
413 2529 558 2616 gentibus
574 2529 754 2617 praedicato.
775 2527 913 2608 Quaado
929 2539 1040 2592 autem
1056 2527 1123 2592 hoc
1134 2524 1237 2592 iacies?

205 2639 239 2706 Si
248 2639 348 2704 factus
358 2637 453 2702 fueris
469 2648 503 2701 ut
514 2627 702 2725 Apostolus,
715 2648 747 2700 et
758 2636 871 2701 dixeris
883 2659 891 2700 ε
904 2635 1048 2700 «christi
1061 2637 1164 2700 houm
1174 2639 1241 2700 odat·

206 2769 337 2812 »sumus
351 2745 482 2811 inomni
497 2743 568 2810 loco
588 2745 619 2809 ia
635 2744 684 2808 his
699 2744 752 2831 qui
764 2742 945 2819 salvantur,
961 2755 995 2806 et
1013 2743 1048 2807 in
1062 2743 1114 2808 his
1129 2745 1179 2831 qui
1191 2765 1240 2830 po-

209 2853 342 2919 »reunt⁶
350 2878 360 2927 3
381 2854 492 2918 »bone
505 2875 600 2940 opera
612 2864 666 2917 tua
683 2853 801 2916 nardus
813 2863 896 2916 sunt.
912 2850 945 2916 si
961 2873 1041 2916 vero
1052 2850 1239 2940 peccaveris,

179 2970 337 3050 'peccata
363 2973 444 3025 tetro
467 2960 565 3025 odore
588 2955 805 3032 redolebunt,
830 2957 906 3024 dicit
925 2958 1047 3046 quippe
1071 2960 1237 3047 poeniteas:

215 3069 514 3156 «computruerunt
529 3078 561 3130 et
575 3065 740 3154 corruptas¹
757 3077 830 3130 sunt
850 3064 1015 3130 cicatrices
1036 3089 1120 3132 meae
1138 3066 1235 3132 aucte

207 3179 415 3266 »insipientie
437 3177 546 3243 meae⁶.
566 3177 664 3242 »Non
686 3176 727 3242 de
746 3176 845 3240 nardo
868 3177 1073 3264 propositum
1098 3190 1143 3242 est
1159 3197 1241 3240 nanc
1293 3159 1294 3162 Ἴ

207 3287 339 3376 Spiritui
355 3297 464 3352 sancto
479 3285 601 3360 dicere,
619 3306 723 3372 neque
734 3283 775 3348 de
788 3283 852 3348 hoc
867 3282 954 3369 quod
969 3283 1076 3348 oculis
1091 3286 1240 3349 intuemur

206 3392 395 3483 evangelista
405 3393 514 3459 scribit
526 3390 820 3479 unguento,sedde
828 3390 928 3456 nardo
936 3389 1238 3478 spiritall,denardo
1293 3385 1294 3388 ¹

208 3527 277 3592 quae
288 3501 375 3567 dedit
388 3501 521 3566 odorem
537 3523 642 3566 suum.

252 3611 308 3677 lll.
327 3601 537 3676 «Fasciculus
545 3619 678 3682 stactes,
695 3607 750 3671 rid
764 3618 935 3694 estguttae.
952 3607 1017 3674 sire
1032 3607 1140 3680 stillae,
1156 3605 1239 3670 nira-
1293 3663 1294 3666 ,

223 3843 225 3848 Ι
244 3775 574 3828 troas.xn.tttaat.m1,
586 3775 709 3824 -ttbtu
723 3793 748 3836 9.
759 3775 810 3812 -·-¹
821 3774 886 3822 thid.
899 3791 978 3824 rae·
989 3773 1236 3834 *Marcuundp

209 3903 241 3914 ·-
252 3874 261 3907 ⁵
274 3891 287 3925 2
300 3871 358 3922 Cor.
368 3888 405 3932 ιι,
421 3867 460 3921 15.
471 3899 496 3906 —
512 3868 522 3902 ⁴
536 3869 623 3919 Psalm.
634 3883 752 3927 uxvrrr,
765 3862 787 3914 5.
