2660 4610
199 291 263 378 395
648 314 789 357 oxroxruo

199 448 409 524 »guentorum
425 449 554 502 tuorum
570 416 785 524 superomnia
801 447 943 502 aromata
956 435 981 500 ¹.
996 463 1009 495 ι
1032 437 1072 501 Et
1091 439 1242 523 quoniam

200 543 343 608 Christus
359 543 444 608 idem
459 565 612 632 sponsus,
630 555 725 630 atque
741 543 827 608 idem
843 543 986 630 pontifex
1008 543 1151 634 dicitur:
1169 567 1245 631 pou-

197 651 274 715 tifex
289 651 418 738 quidem
436 650 611 716 secundum
633 650 696 716 hoo
712 651 799 737 quod
813 649 973 716 mediator
991 663 1040 714 est
1056 651 1116 715 Dei
1139 663 1174 714 et
1188 651 1248 716 ho-

197 759 321 822 minum
339 757 504 844 omnisque
525 769 696 832 ereatura,
717 781 776 845 pro
797 780 859 844 qua
882 769 916 822 et
934 745 1123 844 propitiatio
1148 758 1248 824 faetus

198 877 245 928 est
256 866 459 952 semetipsum
475 863 610 930 offerens
627 864 765 930 hostiam
780 887 839 951 pro
853 875 989 951 peccato
1000 865 1141 930 mundi:
1161 887 1246 952 spon·

199 997 251 1038 sua
262 997 335 1039 vero
348 974 525 1038 secundum
536 972 599 1038 hoo
614 971 863 1060 quod-Eoolesiae
877 973 1025 1061 jungitur
1037 995 1105 1038 non
1119 973 1245 1039 habenti

198 1079 373 1155 maculam,
396 1092 450 1144 aut
468 1103 600 1168 rugam,
622 1092 676 1146 aut
701 1078 820 1166 aliquid
842 1079 959 1146 horum
982 1105 991 1144 ι
1018 1081 1243 1147 considerans

199 1188 279 1252 forte
297 1182 588 1275 unguentum'illud
602 1185 784 1276 pontificale
803 1187 941 1273 quodssiu
960 1189 1078 1252 Exodo
1100 1191 1243 1276 componi

198 1298 327 1384 jubetur
342 1307 408 1361 arte
427 1295 626 1383 pigmentarii
637 1293 661 1370 ²,
681 1295 770 1359 istius
788 1296 940 1383 unguenti
956 1295 1051 1382 quod
1065 1317 1161 1360 nuno
1175 1297 1242 1361 odo-

199 1415 265 1468 rata
283 1426 397 1490 sponsa
416 1404 569 1474 miratur,
585 1414 692 1478 teneat
707 1402 882 1477 rationem,
903 1415 935 1466 et
952 1401 1068 1467 videns
1091 1404 1182 1490 quod
1198 1401 1240 1468 itta

198 1509 327 1597 quidem
342 1521 481 1575 aromata
493 1477 609 1596 quibu}
620 1499 833 1597 compositum
846 1520 1050 1597 unguentum
1064 1510 1238 1584 videbatur,

123 1639 133 1658 ·
198 1639 262 1704 quo
277 1617 383 1682 Aaron
403 1629 516 1682 unotus
534 1627 600 1690 est,
624 1616 773 1702 quoniam
794 1627 884 1682 erant
905 1627 1037 1681 terrena
1055 1628 1092 1682 et
1113 1618 1237 1682 mato-rio

197 1726 387 1818 corporalis,
408 1727 470 1794 hoo
486 1741 592 1793 autem
612 1740 832 1816 unguentum,
855 1753 918 1816 quo
938 1752 1029 1794 nuno
1056 1742 1186 1795 unctum
1200 1731 1234 1794 ri·

199 1837 245 1902 dit
256 1859 408 1926 sponsum
423 1834 585 1925 spirituale
595 1847 643 1900 est
655 1847 687 1899 et
702 1835 850 1911 eoefeste,
867 1836 989 1902 ideireo
1007 1836 1122 1902 dieat:
1138 1838 1224 1916 «Ouia

197 1927 299 2008 »odor
319 1954 552 2031 unguentorum
570 1955 700 2008 tuorum
718 1965 812 2030 super
831 1943 938 2006 omnia
960 1955 1106 2008 aromata
1116 1944 1157 2006 ’.ι
1175 1943 1220 2007 Vi-

199 2052 328 2116 deamus
347 2075 421 2139 ergo
443 2050 603 2138 quomodo
621 2051 834 2138 compositum
855 2051 895 2114 sit
914 2047 996 2115 illud
1019 2063 1220 2139 unguentum:

206 2160 270 2224 «Et
284 2157 409 2224 loeutus
423 2169 471 2222 est
485 2159 660 2232 Dominus,
683 2157 801 2243 inquit,
819 2157 858 2222 ad
873 2157 1007 2244 Moysen
1029 2158 1162 2224 dicens:
1178 2160 1230 2225 fo-

198 2267 291 2356 »eipe
311 2266 368 2330 tibi
390 2264 502 2330 florem
525 2265 663 2352 myrrho
684 2264 794 2330 eleotae
815 2264 1142 2352 quingentossiclos,
1158 2278 1188 2331 et
1201 2267 1232 2330 o'r

198 2396 405 2440 »namomum
417 2395 511 2438 suave
520 2372 674 2438 ducentos
686 2371 913 2460 quinquaginta
922 2370 1035 2446 siclos,
1045 2385 1081 2436 et
1090 2371 1237 2439 calamum

199 2509 347 2551 »suavem
360 2485 513 2549 ducentos
529 2483 754 2572 quinquaginta
767 2481 880 2558 siclos,
897 2494 929 2548 et
944 2483 1038 2548 casias
1053 2486 1239 2572 quingentos

198 2593 312 2660 »siclos
329 2592 505 2658 seeundum
520 2587 634 2656 siolum
650 2603 815 2666 sanctum,
831 2602 864 2655 et
879 2589 989 2654 oleum
1001 2613 1042 2654 ex
1058 2589 1154 2655 ofiris
1166 2593 1239 2664 Hin.

196 2713 252 2766 »et
273 2701 371 2766 facies·
392 2698 470 2765 illud
496 2698 602 2765 oleum
624 2699 804 2764 chrismatis
827 2698 926 2762 saneti
951 2711 1160 2785 unguentum
1181 2711 1242 2764 arto

197 2803 476 2894 »pigmentarii⁶.»
497 2804 572 2868 Haec
587 2815 694 2868 autem
709 2804 741 2868 in
759 2803 841 2890 Lege
861 2802 990 2890 quidem
1009 2802 1243 2870 retentandis

196 2930 246 2983 rat
260 2940 393 3005 sponsa,
411 2917 466 2981 sed
478 2916 633 2980 rationem
649 2937 760 2979 eorum
773 2914 1002 2999 veritatemque
1019 2937 1112 2981 nuno
1130 2917 1246 3004 perspi·

198 3025 252 3089 cit.
271 3024 349 3089 Vide
368 3047 443 3112 ergo
459 3024 545 3112 quod
566 3023 632 3086 istae
651 3033 787 3109 quatuor
806 3021 925 3108 species
950 3024 1110 3109 unguenti
1135 3024 1242 3098 istius,

198 3132 332 3197 formum
344 3133 495 3197 tenebant
510 3129 734 3195 iucarnationis
751 3129 840 3192 verbi
850 3128 929 3202 Dei,
945 3128 1036 3214 quod
1049 3152 1093 3192 ex
1108 3143 1245 3216 quatuor
1318 3171 1319 3180 2

197 3243 361 3308 elementis
378 3244 633 3331 compaginatum
646 3265 760 3329 eorpus
772 3242 958 3329 assumpsit,
976 3241 1009 3306 in
1027 3265 1094 3329 quo
1111 3265 1245 3332 corpore

197 3351 327 3439 myrrha
342 3348 394 3415 ilfa
406 3351 516 3414 mortis
529 3351 614 3438 ejus,
628 3372 724 3435 quam
739 3349 803 3413 sive
819 3360 854 3412 ut
869 3348 1014 3436 pontifex
1029 3373 1091 3437 pro
1108 3349 1245 3438 populo,

196 3460 261 3524 sire
282 3470 317 3522 ut
332 3480 464 3545 sponsus
479 3481 538 3545 pro
560 3479 675 3546 sponsa
691 3455 848 3544 suscepit,
871 3469 975 3522 servat
994 3456 1128 3522 indicia.
1151 3456 1247 3536 Quod

195 3589 270 3632 vero
286 3589 351 3630 non
367 3564 554 3652 simpliciter
568 3563 718 3652 myrrha,
733 3563 789 3628 sod
803 3562 861 3628 flos
878 3564 1037 3651 myrrhae,
1053 3576 1091 3628 et
1105 3564 1246 3652 myrrhae

195 3674 304 3740 eleotae
319 3675 473 3762 seriptum
488 3685 555 3748 est,
577 3695 641 3736 nou
658 3669 761 3736 solum
776 3683 915 3753 mortem
938 3673 1027 3758 ejus,
1047 3671 1107 3736 sed
1126 3683 1165 3735 et
1181 3671 1246 3758 pri·
1317 3729 1319 3788 4

196 3783 392 3870 mogeniturn
408 3803 483 3844 oum
503 3779 649 3845 futurum
665 3803 704 3844 ex
726 3779 859 3844 mortuis
873 3779 1057 3853 indicabat,
1075 3789 1177 3866 atque
1191 3801 1245 3843 eos

232 3922 324 3980 ¹Cant.
338 3946 359 3988 1,
381 3923 404 3975 3.
416 3922 557 3975 -2nxou
572 3942 634 3973 xxx.
647 3951 680 3962 -
691 3919 701 3953 ⁸
712 3923 784 3974 Cant.
803 3941 825 3985 r,
845 3921 868 3972 3.
885 3951 916 3961 -
926 3919 937 3952 ⁴
949 3925 1030 3973 Exod.
1048 3939 1115 3982 xxx,
1133 3940 1167 3973 aa
1179 3949 1190 3961 -
1202 3923 1245 3980 2⁵,

1316 3793 1319 3934 ι

1316 4109 1319 4288 t
