2682 4594
182 223 184 233 '
223 234 282 318 198
661 251 804 294 srnronrus

217 357 341 467 piontiae
352 377 526 464 premimus
542 376 574 440 in
589 374 800 441 torcularibus
816 374 1073 461 Scripturarum‚
1090 396 1162 438 oum
1176 395 1240 462 per-

218 481 332 546 fectius
342 492 373 544 et
390 477 483 544 latius
498 479 603 544 divina
616 477 707 565 Legis
722 477 870 565 mysteria
881 488 1084 552 contuemur,
1106 476 1160 541 sed
1175 499 1242 564 pro-

219 587 399 652 sicientibus
416 587 507 651 uobis
521 586 555 649 in
570 586 619 652 his
630 583 740 649 studiis
751 633 760 659 ,
773 595 805 649 et
822 581 994 648 israelitico
1010 582 1104 650 oculo
1124 583 1162 648 atl
1178 607 1242 648 ocu·
1334 649 1336 672 ᾖ

219 695 287 760 lum
299 690 470 783 spiritalem
482 692 702 768 tendentibus,
716 691 801 756 venit
812 689 924 756 Achab
937 690 1066 778 iniquus
1076 703 1109 755 et
1119 691 1240 779 impius,
1336 676 1337 686 ἵ

221 803 333 871 Achab
352 801 498 866 inimicus
519 800 616 865 vineae
631 811 764 875 uostrae,
779 809 812 862 et
828 796 994 864 adversum
1012 799 1133 887 optima
1154 799 1242 862 sturlia

220 909 289 973 haee
312 905 472 994 supientiae
494 903 643 968 invidiam
665 904 831 980 concitat,
856 899 1030 968 tumultum
1053 915 1242 976 commoret.

222 1014 329 1089 dolos,
342 1026 374 1080 et
385 1012 537 1078 lectiones
555 1034 613 1099 per
631 1009 780 1086 lezabel,
797 1010 859 1075 hoc
871 1021 937 1084 est,
955 1032 1013 1098 per
1032 1008 1188 1075 carnalem
1203 1033 1244 1074 sa-

222 1118 373 1213 pientiam
397 1120 546 1195 instruit,
569 1131 603 1183 et
623 1117 693 1184 vult
717 1118 819 1184 excidi
845 1118 967 1184 vineam
994 1117 1087 1183 istam
1114 1116 1247 1206 spiritalis

223 1228 452 1322 intelligentia,
465 1239 497 1292 et
509 1226 645 1315 p'autari
657 1225 761 1302 olera,
775 1226 885 1302 idest,
899 1238 933 1289 ut
945 1248 1015 1313 qum
1026 1224 1161 1314 legimus
1171 1275 1180 1301 ,
1191 1249 1248 1292 car
1337 1223 1338 1232 ’

223 1337 337 1406 naliter
360 1328 573 1424 intelligamus
592 1357 599 1399 t
618 1335 701 1399 siout
721 1333 804 1399 oleru
822 1334 907 1398 enim
927 1335 1029 1398 omnis
1042 1336 1142 1422 gratia
1157 1335 1249 1400 carnis

222 1459 288 1522 est,
311 1457 345 1510 ut
361 1443 530 1531 impleatur
547 1443 578 1507 iu
597 1443 688 1508 nobis
704 1441 783 1507 illud
797 1443 881 1528 quod
904 1440 1011 1530 culpat
1028 1441 1197 1531 Apostolus
1210 1444 1251 1508 ‹ti-

224 1577 301 1621 cens
317 1553 358 1618 ad
373 1549 517 1617 Galatas:
544 1577 557 1611 ι
573 1549 626 1615 sio
646 1550 793 1615 insensati
816 1550 910 1625 estis,
928 1561 963 1614 ut
977 1574 1052 1616 cum
1067 1551 1180 1638 spiritu
1195 1574 1250 1617 cte·

226 1662 356 1753 »peritis
369 1711 377 1738 ,
392 1683 478 1725 nunc
494 1682 589 1725 corne
600 1656 863 1748 perficiamini¹.»
883 1659 978 1738 Quod
994 1671 1101 1725 autem
1115 1662 1147 1726 in
1160 1660 1254 1726 anima

227 1782 336 1837 sanctu
352 1770 414 1833 sint
431 1768 545 1843 vinear,
561 1778 594 1831 et
613 1769 678 1855 egri
695 1767 861 1833 uDomiuo
880 1767 1058 1842 benedieti,
1076 1768 1150 1832 audi
1168 1770 1254 1833 etiam

228 1882 318 1945 lsuac
330 1877 371 1942 ad
382 1876 483 1940 lilium
499 1898 591 1940 suum
604 1875 704 1943 Jacob
721 1875 900 1941 dicentem:
918 1878 1023 1942 «Ecce
1038 1879 1119 1943 odor
1134 1877 1188 1942 lilii
1200 1879 1256 1942 rnri
1337 1889 1338 1896 ’

231 1987 335 2050 »sicut
350 1984 430 2049 odor
445 1983 510 2070 agri
525 1983 628 2071 pleni,
641 2006 736 2070 quem
753 1984 913 2049 benedixit
926 1984 1136 2051 Dominus².»
1152 1985 1257 2050 Melius

230 2112 307 2177 ergo
329 2099 377 2152 est
402 2087 524 2152 vineam
550 2110 608 2151 nos
627 2085 731 2152 colere
751 2089 784 2153 in
808 2089 912 2154 anima
926 2100 1053 2166 nostra,
1074 2103 1104 2156 et
1123 2088 1254 2154 torcular

230 2197 338 2262 sedere
354 2195 589 2283 seripturarum
600 2243 610 2270 ,
621 2206 654 2259 et
666 2194 858 2264 vindemiare
870 2199 996 2274 botros,
1016 2211 1049 2264 et
1063 2220 1201 2289 premere
1214 2198 1257 2262 ri-

230 2327 308 2370 num
325 2304 364 2367 de
377 2303 467 2369 vinee
478 2303 595 2378 Sorec,
610 2313 688 2367 utet
702 2327 759 2370 nos
771 2304 914 2371 dicamus
929 2305 969 2370 ad
983 2305 1176 2383 Dominum,
1191 2306 1262 2396 quia

239 2408 411 2500 «poculum
427 2423 518 2475 tuum
531 2399 690 2477 inebrians
705 2435 801 2501 quam
815 2411 1002 2502 praeclarum
1020 2428 1068 2480 est
1077 2416 1126 2481 ’.ι

274 2518 1268 2607 lll.Posteaquamdixitsioutoleraherberumeitodeoiderela-

232 2627 351 2692 cientes
363 2626 580 2712 iniquitatem,
593 2637 625 2691 et
635 2627 798 2714 prohibuit
808 2626 949 2695 aemuluri
959 2630 1039 2695 inter
1047 2631 1267 2722 malignantes.

231 2745 264 2800 et
275 2733 392 2799 imitari
407 2732 557 2798 iacientes
572 2733 769 2820 iniquitatem
788 2759 796 2800 ε
815 2749 893 2802 tuno
908 2738 985 2805 dicit
1000 2739 1077 2827 quid
1093 2739 1204 2806 lacere
1220 2741 1269 2806 ‹le-

234 2843 376 2906 beamus.
391 2839 506 2926 Spera,
524 2841 643 2928 inquit,
658 2842 688 2907 in
700 2841 853 2918 Domino,
869 2856 896 2908 rt
913 2845 964 2935 soc
979 2847 1179 2914 bonitatem‘.
1197 2851 1273 2915 Con-

233 2949 361 3035 temptis
380 2948 500 3013 scilicet
519 2947 579 3012 illis
598 2949 746 3016 omnibus
766 2973 836 3038 quse
859 2954 1003 3041 superius
1026 2954 1156 3044 culpata
1185 2971 1274 3030 sunt,

234 3057 424 3130 honoribus,
441 3057 575 3132 divitiis,
591 3068 623 3120 et
643 3058 729 3122 omni
745 3057 843 3147 glorio
859 3061 996 3140 carnali,
1014 3075 1110 3152 etque
1127 3067 1277 3130 omnibus

235 3161 339 3229 saeouli
356 3164 466 3239 bonis,
484 3165 516 3228 iu
531 3164 687 3241 Domino,
706 3167 825 3255 iuquit,
843 3192 943 3257 spera.
963 3171 1101 3258 Sperans
1119 3174 1280 3238 antemio

236 3271 373 3336 Domino
385 3294 449 3335 uon
461 3271 502 3335 sis
514 3273 631 3338 otiosus
646 3297 654 3336 ε
668 3272 724 3337 sed
735 3275 908 3340 bonitatem
921 3277 1060 3354 iaciens,
1074 3303 1169 3368 spera
1184 3283 1220 3346 iu
1232 3305 1280 3346 eo.

238 3380 317 3459 Quae
338 3391 384 3442 est
404 3390 511 3444 nutem
534 3379 591 3444 ista
612 3381 754 3457 bonitas,
777 3382 949 3451 videamus.
978 3385 1065 3451 Unus
1086 3401 1136 3453 est
1159 3413 1204 3454 ex
1228 3388 1285 3454 illis

237 3487 376 3552 sontibus
394 3510 471 3573 quos
492 3488 591 3553 sancti
611 3489 737 3577 spiritus
758 3489 877 3557 lruotus
896 3517 964 3558 esse
986 3509 1157 3563 enumerat
1180 3499 1289 3588 Apus·

238 3593 329 3658 tolus.
352 3595 511 3660 «Fructus
523 3607 628 3661 auteur
642 3597 769 3685 spiritus
780 3611 827 3664 est
838 3599 992 3678 charitas,
1008 3605 1165 3692 goudium
1179 3656 1190 3682 ,
1206 3629 1290 3695 pax.

276 3739 377 3812 llinlat.
398 3779 446 3817 ιιι,
470 3759 494 3811 3.
511 3789 543 3799 -
559 3759 645 3812 ²Gen.
663 3780 753 3827 xxvrr,
775 3780 816 3828 ²7·
838 3795 865 3804 -
888 3761 998 3817 'Psslnr
1022 3787 1095 3832 xxii,
1120 3771 1142 3822 5.
1168 3799 1210 3810 -
1235 3771 1294 3821 ⁸1ss

239 3869 332 3906 xxxvt,
350 3851 363 3904 l
