2682 4594
96 327 101 336 .
179 267 242 330 abb
627 257 768 326 onroanis

176 547 611 574 wmmmwummwmow
617 525 1017 572 ummmbwtmffl
1022 549 1040 568 Ἄ
1047 547 1219 572 ΜΝΜ

445 778 669 886 uoulma
695 777 902 865 Qunam
920 780 942 842 ¹.

181 1052 225 1108 De
242 1049 347 1108 eodem
368 1051 505 1129 psalmo,
525 1053 561 1110 ab
583 1053 631 1112 illa
647 1067 757 1133 parte:
782 1053 892 1131 «Apud
914 1054 1077 1112 Dominum
1099 1031 1215 1128 gressus

505 1152 658 1213 »bominis
677 1153 860 1232 diriguntur.
877 1177 890 1207 ι

224 1396 249 1460 Ι.
278 1396 509 1475 «Homine,
532 1399 647 1486 inquit,
667 1423 790 1488 gressus
812 1399 951 1464 hominis
967 1398 1148 1485 diriguntur
1157 1395 1179 1460 ².
1197 1425 1209 1455 ι

181 1505 220 1568 Et
237 1502 310 1570 alibi
329 1506 362 1570 in
378 1505 440 1572 hoc
455 1507 576 1596 psalmo
594 1508 670 1574 dicit
689 1509 728 1572 de
747 1507 905 1596 gressibus
925 1506 999 1594 justi
1019 1507 1082 1571 boc
1101 1505 1214 1570 modo:

190 1613 283 1676 «Lex
305 1614 363 1678 Dei
386 1616 455 1702 ejus
478 1617 511 1680 in
533 1618 628 1681 corde
651 1616 765 1703 ipsios,
789 1628 820 1679 ct
844 1638 908 1680 non
932 1612 1218 1702 supplantabuntur
1254 1659 1256 1662 -
1338 1613 1340 1700 J

183 1743 327 1807 »gressus
347 1722 415 1808 ejus
427 1723 449 1786 ⁸.
473 1750 486 1782 ι
505 1723 618 1789 Sedet
638 1725 669 1787 in
688 1723 919 1810 septuagesimo
941 1721 1081 1786 secundo
1099 1720 1217 1808 psalmo

183 1827 299 1891 dicitur
318 1851 326 1892 ε
349 1829 579 1896 «Paulominus
598 1832 688 1896 effusi
706 1844 778 1896 sunt
801 1855 924 1920 gressus
940 1831 1003 1895 mei
1013 1830 1036 1895 ⁸.
1056 1857 1068 1892 ι
1089 1831 1216 1894 Gressus

181 1956 258 2021 ergo
281 1921 494 2023 a'gradiendo
520 1940 740 2015 nominamus,
769 1939 946 2004 secundum
972 1936 1051 2001 illud
1078 1937 1161 2023 quod
1184 1936 1215 2000 in

182 2042 292 2107 Exodo
307 2045 459 2131 scriptum
475 2058 541 2123 est,
565 2049 651 2135 quod
669 2048 792 2135 Moyses
813 2048 888 2114 vidit
906 2045 1071 2112 flammam
1089 2045 1161 2132 ignis
1179 2055 1211 2106 et

185 2149 338 2238 Angelum
360 2175 435 2217 cum
455 2156 552 2218 rubus
571 2156 695 2219 arderet
715 2155 861 2242 quidem,
884 2155 939 2219 sed
962 2179 1029 2219 non
1049 2153 1209 2220 combure-

182 2268 283 2333 retur,
300 2270 333 2321 et
348 2259 447 2324 dixit:
468 2261 677 2350 ‹Digrediens
693 2262 753 2327 sive
767 2263 921 2327 transiens
937 2261 1053 2328 videbo
1068 2260 1217 2326 visionem

181 2389 352 2453 »magnam
371 2364 486 2433 banc⁵.
510 2396 522 2428 ι
541 2369 588 2433 Ex
604 2370 666 2434 hoc
686 2393 762 2458 ergo
781 2369 853 2437 loco
872 2371 997 2436 occasio
1019 2370 1109 2434 nobis
1129 2368 1221 2433 datur

181 2471 395 2561 intelligentiae
418 2499 529 2540 eorum
549 2498 619 2563 quae
642 2478 796 2542 habemus
818 2478 850 2542 in
873 2479 1031 2543 manibus.
1058 2476 1161 2565 Igitur
1183 2475 1222 2540 dc

181 2576 309 2665 hisquae
322 2579 354 2643 in
366 2580 475 2644 Exodo
488 2581 603 2670 scripta
613 2583 877 2658 memoravimus,
890 2582 923 2646 id
934 2593 998 2658 est,
1017 2609 1030 2642 ι
1043 2581 1223 2670 digrediens

183 2685 319 2750 »videbo
342 2687 493 2754 visionem
517 2689 609 2754 istum
634 2713 801 2777 magnam,
823 2717 835 2750 ι
861 2690 965 2755 audivi
984 2688 1161 2778 quemdam
1184 2689 1222 2752 de

184 2794 377 2880 sapientibus
396 2808 467 2859 ante
490 2820 548 2860 nos
569 2796 749 2873 dicentem,
770 2821 844 2864 cum
867 2797 1047 2885 explanaret
1066 2796 1156 2861 hunc
1174 2794 1223 2860 lo-

185 2924 277 2978 cum,
293 2902 366 2989 quia
385 2915 513 2968 nonest
532 2904 680 2992 possibile
700 2906 787 2992 prius
806 2905 911 2971 videre
927 2905 1029 2970 visum
1048 2927 1220 2992 magnum.

185 3010 216 3073 id
238 3020 305 3085 est,
329 3010 445 3075 intueri
465 3024 559 3100 atque
580 3013 757 3100 perspicere
774 3037 886 3102 magna
905 3013 1053 3100 mysteria
1075 3012 1171 3076 stanti
1192 3011 1221 3074 in

185 3121 423 3185 conversatione
437 3133 469 3184 et
481 3120 603 3186 actibus
617 3122 727 3186 mundi
745 3123 840 3209 hujus
857 3145 864 3186 :
880 3123 935 3186 sed
948 3122 1083 3186 transire
1097 3129 1221 3208 oportet

185 3229 272 3316 prius
288 3230 328 3294 ab
348 3229 417 3304 his,
439 3241 470 3293 et
490 3229 713 3296 transcendere
729 3230 834 3295 omnia
850 3228 1028 3305 secularia,
1045 3240 1079 3294 et
1096 3250 1222 3293 sensum

188 3347 332 3401 nostrum
347 3360 383 3401 ac
394 3350 534 3402 mentem
546 3336 679 3404 liberam
691 3336 780 3413 fieri,
796 3349 828 3402 et
843 3350 921 3402 tunc
936 3337 976 3403 ad
991 3359 1181 3425 magnarum
1191 3345 1221 3398 et

189 3443 374 3532 spiritalium
387 3468 494 3510 rerum
509 3447 658 3511 intuitum
673 3446 855 3534 pervenire,
871 3457 903 3510 ct
918 3447 961 3510 ita
978 3446 1109 3511 demum
1122 3445 1218 3508 risum

188 3574 339 3640 magnum
362 3552 476 3616 videre.
499 3555 592 3619 Hunc
610 3555 738 3642 quidem
759 3552 810 3618 ille
832 3553 1002 3643 explanans
1023 3552 1129 3618 locum
1152 3573 1219 3637 quae

185 3681 280 3745 supra
303 3657 547 3723 memoravimus
565 3659 742 3724 enarrabat.
769 3659 830 3724 Nos
854 3681 927 3724 vero
944 3658 1060 3746 quibus
1082 3656 1218 3722 studium

224 3806 304 3852 ιΤιιιιι
321 3821 353 3862 ιι,
367 3821 437 3868 pagg.
449 3803 587 3870 tipo-075.

220 3892 332 3941 werlu.
345 3911 438 3954 xxxvi,
451 3896 492 3943 23.
521 3925 525 3933 ·
543 3892 627 3942 'nuo
644 3897 683 3946 31.
717 3890 793 3942 -ΠιΙ,
806 3911 891 3945 cxsrr.
905 3913 927 3946 a.
945 3921 971 3930 -
982 3891 1082 3942 ‘Exorl
1096 3909 1138 3950 ιιι,
1150 3889 1176 3940 3.
