2744 4624
219 235 262 311 64
663 249 808 292 oniensis

222 383 396 436 »nostrum
414 368 528 433 ardens
549 369 668 432 erat-in
684 369 788 441 nobis,
805 390 880 434 cnm
901 369 1038 457 aperiret
1057 370 1148 435 nobis
1164 369 1255 436 Scri-

223 477 473 568 spturas‘t»...

162 580 168 586 ’
267 589 300 652 Si
320 610 396 674 ergo
411 598 444 651 et
455 608 509 650 ros
524 583 638 651 hodie²
654 584 723 650 haec
735 585 900 650 audientes
920 582 1057 650 lideliter
1074 589 1256 676 percipiatis

173 715 176 720 '
220 697 377 770 nuditum,
393 705 542 782 operatur
558 705 590 758 et
605 695 637 758 in
655 694 744 759 vobis
759 695 861 771 lsaac,
877 705 990 782 purgat
1006 694 1102 760 corda
1119 708 1223 761 vestra
1239 721 1256 762 a

221 805 352 872 terrenis
370 803 513 868 sensibus
516 849 653 868 ..........
670 802 770 869 Adest
784 803 869 868 enim
884 800 1026 868 Verbum
1045 803 1118 878 Dei,
1138 819 1173 870 et
1188 804 1259 870 hec

220 938 306 980 nnnc
318 915 386 1000 ejus
398 925 446 976 est
457 913 611 1002 operatio,
626 925 662 977 ut
673 913 712 977 de
726 914 831 978 anima
844 913 1095 1002 uniuscujusque
1111 927 1267 980 nostrum

219 1032 380 1088 removeat
391 1032 522 1094 terram,
535 1033 567 1086 ct
586 1021 707 1110 aperiat
721 1019 842 1086 lentem
853 1021 1086 1106 vivum....2....
1103 1024 1165 1088 lete
1185 1023 1257 1089 fons

219 1129 357 1196 scientiae
367 1128 450 1194 intra
461 1140 493 1192 te
504 1141 572 1192 erat
584 1128 675 1203 situs,
686 1128 743 1192 sed
754 1149 818 1192 non
830 1140 954 1215 poteret
969 1127 1083 1205 fluere,
1096 1132 1169 1217 quia
1187 1132 1260 1198 Phi·

219 1237 314 1304 listini
329 1236 526 1325 repleverant
541 1260 616 1302 eum
636 1249 734 1312 terra,
755 1247 788 1301 ct
810 1236 952 1302 fecerant
975 1239 1007 1304 in
1031 1251 1062 1303 te
1086 1239 1256 1330 imaginem

218 1347 346 1412 terreni.
359 1346 424 1412 Sed
434 1357 470 1412 tu
481 1346 611 1434 portasti
623 1347 752 1433 quidem
760 1357 838 1410 tunc
847 1345 1017 1433 imaginem
1028 1348 1158 1423 terreni,
1169 1372 1255 1414 nunc

221 1479 295 1520 vero
311 1455 360 1520 his
381 1454 497 1518 auditis
521 1456 560 1519 ab
577 1453 630 1518 illa
648 1454 736 1519 omni
751 1453 838 1518 mole
850 1466 883 1519 et
905 1456 1108 1542 oppressione
1130 1469 1254 1522 terrena

220 1584 276 1653 per
290 1562 431 1630 Verbum
447 1563 506 1628 Dei
522 1573 687 1649 purgatus,
704 1561 873 1649 imaginem
892 1560 1031 1626 coelestis
1047 1563 1078 1626 in
1101 1575 1131 1626 te
1149 1563 1255 1650 splen—

220 1675 348 1740 descere
362 1673 464 1737 lecito.
480 1671 556 1737 llaec
570 1695 647 1758 ergo
664 1672 828 1759 imagoest
841 1669 954 1756 deque
968 1671 1094 1736 dicebat
1109 1671 1198 1736 Pater
1213 1673 1252 1736 nd
1268 1650 1281 1674 ⁶

219 1783 335 1850 Filium
358 1781 573 1847 :sFacinmus
593 1781 754 1846 hominem
774 1782 815 1844 ad
837 1780 1007 1868 imaginem
1022 1792 1054 1845 ct
1078 1779 1254 1846 similitudi-

221 1913 322 1956 »nem
339 1887 511 1954 nostram⁸.
526 1917 539 1950 s
556 1886 654 1954 Filius
667 1889 724 1952 Dei
739 1885 788 1952 es't
805 1889 910 1975 pictor
924 1887 1020 1973 lurjus
1039 1890 1192 1977 imaginis.
1215 1890 1256 1954 Et

220 2001 294 2088 quia
310 1998 381 2066 talis
396 2021 434 2065 ec
450 2010 555 2063 tentus
562 2010 614 2062 est
629 1999 746 2086 pictor,
761 2000 864 2086 imago
877 1999 947 2085 ejus
962 1999 1123 2064 obscurari
1137 2023 1195 2088 per
1211 2002 1257 2064 in-

218 2111 342 2178 curiam
357 2120 475 2196 potest,
489 2106 588 2172 deleri
606 2131 663 2195 per
678 2106 830 2172 malitiam
843 2130 909 2172 non
923 2119 1034 2194 potest.
1050 2108 1156 2174 blanet
1168 2109 1255 2174 enim

220 2241 346 2309 semper
360 2218 464 2305 imago
479 2216 536 2281 Dei
554 2217 646 2290 inte,
664 2215 737 2280 licet
753 2228 786 2280 tu
806 2217 864 2280 tibi
880 2217 946 2304 ipse
964 2217 1157 2305 superduces
1179 2219 1259 2284 ima-

221 2329 327 2417 ginem
350 2326 477 2392 terreni.
496 2326 592 2391 lstam
608 2326 764 2413 picturam
784 2337 818 2389 tu
841 2325 897 2390 tibi
917 2326 983 2413 ipse
1001 2326 1162 2415 depingiss
1182 2350 1255 2393 oum

186 2507 189 2522 Ι
221 2437 308 2502 enim
322 2448 353 2500 te
369 2434 468 2501 libido
490 2434 673 2508 fuscaverit,
698 2432 845 2498 induxisti
870 2457 969 2499 unum
992 2434 1133 2500 colorem
1155 2447 1257 2500 terre·

220 2566 309 2608 num.
326 2543 358 2607 Si
374 2565 449 2607 vero
465 2552 498 2604 et
513 2541 641 2606 avaritia
653 2553 778 2616 aestuas,
792 2541 945 2606 miscuisti
966 2553 998 2607 et
1017 2541 1131 2608 alium.
1142 2542 1206 2609 Sed
1226 2558 1258 2609 et

221 2673 295 2715 cum
311 2662 343 2714 te
358 2650 404 2714 ira
420 2647 628 2735 sanguineum
647 2649 733 2719 lacit,
747 2649 835 2714 nddis
851 2649 1056 2716 nihilominus
1075 2665 1108 2718 et
1128 2654 1256 2718 tertium
1365 2677 1366 2686 ³

222 2759 374 2827 colorem.
388 2757 550 2844 Superbiae
563 2779 690 2844 quoque
702 2757 780 2823 alius
792 2759 918 2825 additur
929 2761 1032 2838 sucus,
1044 2775 1076 2828 et
1089 2763 1254 2850 impietatis

224 2867 313 2934 alius.
330 2868 369 2930 Et
386 2866 430 2930 sic
450 2888 506 2953 per
523 2864 660 2954 singulas
672 2890 812 2955 quasque
824 2866 950 2934 malitiae
964 2871 1097 2959 species,
1110 2869 1195 2936 velut
1213 2871 1260 2935 di-

222 2977 318 3042 uersis
335 2973 494 3040 coloribus
510 2977 720 3062 congregatis,
736 2975 820 3042 hanc
836 2978 1005 3066 imaginem
1017 2978 1149 3053 terreni,
1163 3003 1259 3067 quarn

222 3087 307 3152 Deus
320 3085 352 3148 in
368 3095 398 3148 te
418 3106 481 3147 non
499 3083 587 3156 fecit,
601 3097 634 3148 tu
656 3086 712 3149 tibi
736 3087 801 3174 ipse
818 3087 970 3175 depingis.
993 3088 1163 3176 Propterea
1184 3111 1260 3177 crgo

223 3179 441 3283 deprecandus
456 3203 505 3256 est
519 3192 610 3256 nobis
626 3191 677 3257 ille
693 3195 836 3280 quidicit
851 3217 908 3282 per
922 3195 1113 3283 Prophetum
1127 3219 1135 3259 ε
1149 3223 1161 3255 ι
1173 3195 1259 3261 Ecce

223 3333 236 3364 ι
251 3327 309 3390 ego
322 3298 413 3367 deleo
426 3301 507 3366 sicut
520 3303 638 3368 nubem
652 3301 831 3389 iniquitates
845 3315 926 3378 tuas,
940 3316 972 3368 et
990 3304 1073 3368 sicut
1088 3301 1256 3391 caliginem

225 3425 382 3500 specceta
396 3423 448 3475 tua
459 3409 480 3475 ⁴.
495 3439 507 3471 s
524 3413 649 3476 Etcum
662 3410 812 3476 deleverit
825 3435 934 3476 omnes
948 3414 1022 3477 istos
1035 3415 1066 3477 in
1081 3425 1111 3478 tc
1124 3410 1260 3486 colores,

224 3522 332 3610 quiex
355 3520 433 3586 lucis
456 3519 581 3585 nralitiae
599 3522 716 3607 sumpti
732 3533 819 3596 sunt,
842 3533 919 3588 tunc
938 3521 1152 3610 resplendebit
1174 3522 1205 3586 in
1230 3534 1260 3584 tc

224 3621 329 3717 imago
345 3626 394 3692 illu
406 3653 476 3716 qum
488 3653 506 3692 a
518 3628 585 3694 Deo
598 3640 703 3692 creata
716 3642 773 3694 est.

257 3787 267 3820 ¹
280 3787 339 3834 bisc.
354 3801 420 3844 xxiv,
431 3787 472 3833 52.
814 3785 897 3833 ³Grn.
912 3801 929 3842 r,
946 3783 1042 3832 asu-l
1057 3783 1115 3830 lsai.
1128 3797 1194 3840 xnr,
1210 3797 1250 3828 aa.

257 3857 311 3908 ²N·
323 3859 348 3916 t·
362 3875 385 3920 r·
399 3859 441 3921 9⁶·
