2604 4614
252 315 286 357 rs
310 314 474 358 sturmen
496 314 701 358 strumosus
723 313 885 357 rnonoeus.
1021 291 1114 375 575·
1177 281 1180 290 ’

50 434 282 503 rationabiliter
299 459 357 523 per
372 460 409 504 ea
423 458 493 524 qum
512 437 623 502 didioit
639 437 843 525 semetipsum
862 437 1035 524 gubernat,
1052 446 1088 502 et

50 545 150 612 situm
161 567 252 610 suam
262 543 453 610 moderatius
466 543 577 624 librat,
590 555 756 633 propterea
771 544 848 608 dieit
860 567 867 607 :
881 570 893 602 ι
904 541 1086 631 Intelligere

55 667 190 720 »nutem
205 653 414 742 gubernaculo
430 655 572 742 nequiret
581 652 603 718 ¹.
619 654 713 718 »Post
727 653 795 720 haeo
807 659 880 718 re'ro
895 672 1088 740 cognoscens

54 763 91 826 in
108 762 211 826 verbis
225 761 332 826 divinis
348 761 463 848 quihus
475 783 532 849 per
550 761 719 849 prophetas
738 761 878 828 humano
896 762 1002 848 generi
1020 771 1088 825 trs-

57 869 145 934 ditus
157 881 204 932 est
220 868 297 934 ordo
314 868 455 943 vivendi,
472 868 610 934 diversos
629 891 698 933 esse
714 867 829 955 eloquii
846 879 973 957 tropos,
989 880 1022 932 et
1038 891 1088 932 sa·

58 978 118 1042 rias
132 974 256 1040 dioeudi
277 975 395 1064 species
410 999 420 1040 τ
436 999 473 1042 un
490 977 591 1046 sciens
614 975 722 1042 heberi
740 977 773 1041 in
795 976 839 1041 eis
858 974 996 1062 aliquam
1010 975 1089 1064 figu-

53 1107 139 1158 rem,
152 1104 223 1170 quae
238 1082 386 1171 parabola
403 1082 588 1172 appelletur,
601 1095 634 1149 et
648 1081 742 1172 oliam
758 1104 827 1171 quae
840 1086 973 1150 obscura
991 1085 1092 1150 dictio

53 1203 196 1268 rooetur,
214 1190 353 1279 eliasque
371 1215 443 1279 qum
459 1193 624 1281 enigmata
635 1192 864 1267 nominentur,
880 1203 912 1257 et
927 1192 1001 1258 eiius
1017 1213 1089 1281 quse

55 1300 144 1365 dicte
159 1299 334 1387 sapientum
351 1300 513 1375 dieantur,
529 1300 655 1365 scribit:
667 1298 848 1388 «lnteDigos
862 1323 988 1389 quoque
1000 1325 1090 1388 pars·

62 1406 190 1472 »totam
213 1419 247 1472 et
270 1410 441 1473 obscurum
464 1429 661 1482 sermonem,
688 1407 841 1494 dietaque
860 1409 1035 1496 sapientum
1057 1422 1090 1474 et

65 1515 267 1604 »enigmstoi
288 1545 301 1578 s
320 1516 380 1581 Per
395 1514 465 1580 hoeo
478 1537 553 1604 ergo
568 1513 688 1604 singula
703 1513 888 1584 rationalem
901 1514 1009 1582 looum
1024 1539 1091 1582 ms·

2 1654 4 1691 r
64 1624 172 1690 niteste
187 1635 219 1687 et
239 1623 401 1690 evidenter
422 1623 568 1712 exponit,
591 1647 628 1689 se
650 1645 739 1688 more
757 1633 901 1690 veterum
922 1625 1090 1691 succinctis

2 1766 5 1802 1
65 1733 272 1820 brevibusque
286 1731 1085 1821 sententiisingentesetperieotosexpiiontsensus.

2 1875 6 1912 ι
59 1842 156 1920 Qum,
172 1842 197 1905 si
213 1841 283 1928 quis
298 1840 334 1906 im
346 1841 428 1929 Lege
443 1840 570 1910 Domini
585 1840 755 1906 meditetur
771 1840 821 1906 die
838 1865 875 1907 nc
891 1853 1052 1918 noete„st
1062 1844 1088 1908 si

3 1989 6 2006 ·
52 1951 123 2037 quis
144 1963 194 2016 est
210 1951 292 2016 sieut
310 1951 385 2038 justi
405 1973 443 2016 os
455 1950 541 2038 quod
556 1951 727 2018 meditatur
741 1951 868 2016 Domini
885 1953 1086 2041 sapientiem,

3 2097 5 2122 t
52 2059 243 2147 investigare
259 2055 438 2146 diligentius
455 2058 589 2146 poterit,
609 2069 643 2124 et
656 2059 819 2124 invenire:
838 2061 862 2124 si
879 2072 985 2126 tamen
1000 2073 1088 2126 reete

3 2207 4 2242 ι
54 2163 230 2251 spraederit,
247 2173 280 2228 et
296 2185 438 2249 querens
458 2162 627 2251 puisnverit
645 2164 761 2228 ostium
779 2165 941 2252 sapientie
947 2209 956 2241 ‚
978 2178 1089 2253 petens

57 2296 75 2336 n
88 2272 159 2336 Deo
173 2282 207 2336 ut
222 2271 381 2358 aperiatur
393 2270 471 2345 sibi,
484 2283 517 2336 et
530 2277 690 2338 merentur
704 2273 849 2359 occipere
865 2291 921 2359 per
935 2274 1090 2360 Spiritum
1145 2301 1147 2306 ·

61 2391 202 2444 sanctum
220 2379 351 2444 verbum
367 2379 544 2465 sapientise,
557 2378 689 2444 verbum
704 2379 861 2454 scientim,
874 2377 1004 2467 fierique
1020 2404 1089 2467 pur-

58 2488 156 2575 ticeps
183 2485 265 2552 illius
289 2486 534 2574 sapientiaque
555 2485 681 2552 dicebat
703 2510 711 2551 :
735 2487 986 2556 «Extendebsm
1002 2489 1087 2554 enim

52 2597 175 2660 »verbu
193 2617 281 2671 men,
295 2605 328 2662 et
347 2617 410 2660 non
429 2593 630 2662 audiebatis⁸.
653 2595 723 2658 ».Et
739 2595 854 2660 morito
871 2595 1040 2662 extendere
1055 2619 1088 2660 so

3 2757 4 2776 ,
49 2705 132 2770 dicit
145 2705 238 2768 serbo
252 2702 284 2768 in
296 2703 365 2790 ejus
376 2702 493 2777 corde,
506 2702 691 2768 ouidoderit
701 2703 786 2768 Deus
802 2703 895 2788 (sieut
906 2725 999 2792 supra
1010 2705 1089 2770 dixi-

2 2850 5 2883 t
50 2815 145 2901 mus)
165 2810 363 2880 latitudinem
384 2809 498 2876 oordis.
519 2808 675 2876 Dilutatur
693 2831 829 2897 namque
852 2807 934 2875 illius
955 2833 1011 2876 oor
1032 2812 1085 2898 qui

3 2979 4 2992 ,
51 2933 160 3009 potest
174 2942 212 2986 es
227 2942 296 3006 quae
311 2916 453 2984 breviter
462 2915 495 2980 in
511 2917 669 3005 mysteriis
684 2916 769 2984 diota
783 2929 873 2992 suut,
887 2915 1001 3006 latiore
1007 2905 1085 2984 dod-

3 3069 5 3104 ᾗ
54 3032 136 3096 trine
157 3027 289 3116 sumptis
310 3049 349 3090 ex
366 3022 581 3094 voluminibus
596 3025 708 3090 divinis
732 3025 954 3090 assertionibus
978 3025 1086 3114 expla-

49 3161 139 3204 nare.
159 3127 294 3224 Oportet
305 3134 405 3223 igitur
414 3134 589 3199 emendum
604 3133 687 3199 hano
705 3133 850 3199 eamdem
866 3133 1084 3221 sapientissimi
1110 3183 1114 3188 -

46 3245 233 3313 Salomonis
252 3231 427 3309 doctririnm
444 3265 518 3308 eum
536 3242 589 3329 qui
607 3242 791 3329 sapientiam
808 3241 891 3306 seire
910 3241 1085 3320 desideret,

49 3356 195 3442 incipere
220 3354 260 3417 rb
285 3351 460 3417 eruditione
483 3348 614 3424 morali,
636 3361 669 3413 et
698 3347 871 3438 inteliigere
897 3348 973 3415 iliud
999 3352 1086 3440 quod

3 3509 4 3516 κ
50 3462 273 3548 scriptumest
290 3483 298 3524 ε
318 3485 330 3520 s
347 3459 530 3546 Concupisti
549 3457 751 3544 sapientium,
767 3481 855 3524 servu
873 3460 1039 3536 mandata,
1056 3473 1088 3525 et

3 3615 7 3638 r
48 3601 66 3634 ι
79 3571 236 3637 Dominus
250 3568 337 3634 dubit
351 3589 421 3634 eom
436 3565 524 3632 sibit.
544 3594 555 3625 ι
573 3565 624 3630 Oh
640 3564 703 3630 hoe
721 3566 869 3654 magister
884 3565 935 3632 hic
955 3569 1007 3656 qui
1021 3569 1088 3655 pri-

2 3719 8 3756 s
42 3703 129 3748 mus
141 3677 285 3744 homines
299 3675 435 3740 divium
448 3673 679 3763 philosophiam
691 3673 803 3748 docet,
821 3675 921 3761 operis
937 3677 984 3740 sui
999 3699 1087 3740 exer

3 3829 11 3868 ε
39 3792 146 3858 dium
167 3785 406 3876 proverbiorum
428 3784 532 3873 posuit
553 3781 713 3856 libellum,
735 3782 847 3870 inquo
868 3783 916 3868 (ut
935 3783 1083 3872 diximus)

91 3931 101 3968 ¹
115 3935 187 3981 Pros.
201 3948 224 3991 r,
238 3932 302 3978 5.-
312 3926 324 3962 ²
336 3927 400 3978 ibid.
411 3928 435 3978 6.
446 3951 473 3965 -·
488 3923 497 3957 ³
509 3925 574 3976 ibid.
587 3934 627 3982 nt.
643 3949 671 3959 -
681 3928 690 3962 t
700 3925 792 3977 Ecnlss.
806 3942 830 3987 1,
843 3927 896 3985 sti.¹
