<?xml version="1.0" encoding="UTF-8"?>
<!DOCTYPE html PUBLIC "-//W3C//DTD XHTML 1.0 Transitional//EN"
    "http://www.w3.org/TR/xhtml1/DTD/xhtml1-transitional.dtd">
<html xmlns="http://www.w3.org/1999/xhtml" xml:lang="en" lang="en">
 <head>
  <title>
</title>
<meta http-equiv="Content-Type" content="text/html;charset=utf-8" />
  <meta name='ocr-system' content='tesseract 3.04.00' />
  <meta name='ocr-capabilities' content='ocr_page ocr_carea ocr_par ocr_line ocrx_word'/>
</head>
<body>
  <div class='ocr_page' id='page_1' title='image "./collectioselect01guilgoog_0028.png"; bbox 0 0 2744 4624; ppageno 0'>
   <div class='ocr_carea' id='block_1_1' title="bbox 196 204 781 279">
    <p class='ocr_par' dir='ltr' id='par_1_1' title="bbox 196 204 781 279">
     <span class='ocr_line' id='line_1_1' title="bbox 196 204 781 279; baseline 0 -15"><span class='ocrx_word' id='word_1_1' title='bbox 196 204 235 279; x_wconf 72' lang='lat'>24</span> <span class='ocrx_word' id='word_1_2' title='bbox 638 223 781 266; x_wconf 84' lang='lat' dir='ltr'>onrosrrs</span> 
     </span>
    </p>
   </div>
   <div class='ocr_carea' id='block_1_2' title="bbox 120 335 1240 2059">
    <p class='ocr_par' dir='ltr' id='par_1_2' title="bbox 120 335 1240 2059">
     <span class='ocr_line' id='line_1_2' title="bbox 194 335 1228 429; baseline 0.001 -33"><span class='ocrx_word' id='word_1_3' title='bbox 194 363 207 395; x_wconf 72' lang='lat' dir='ltr'>a</span> <span class='ocrx_word' id='word_1_4' title='bbox 222 335 295 399; x_wconf 88' lang='lat' dir='ltr'>novi</span> <span class='ocrx_word' id='word_1_5' title='bbox 312 357 365 400; x_wconf 86' lang='lat' dir='ltr'>vos</span> <span class='ocrx_word' id='word_1_6' title='bbox 376 335 421 399; x_wconf 71' lang='grc' dir='ltr'>’.ι</span> <span class='ocrx_word' id='word_1_7' title='bbox 436 339 476 402; x_wconf 88' lang='lat' dir='ltr'>Et</span> <span class='ocrx_word' id='word_1_8' title='bbox 492 337 606 401; x_wconf 85' lang='lat' dir='ltr'>iterum</span> <span class='ocrx_word' id='word_1_9' title='bbox 621 335 738 401; x_wconf 88' lang='lat' dir='ltr'>Paulus</span> <span class='ocrx_word' id='word_1_10' title='bbox 753 335 853 429; x_wconf 81' lang='lat' dir='ltr'>dicit:</span> <span class='ocrx_word' id='word_1_11' title='bbox 867 363 878 394; x_wconf 85' lang='grc' dir='ltr'>ι</span> <span class='ocrx_word' id='word_1_12' title='bbox 891 335 924 399; x_wconf 90' lang='lat' dir='ltr'>Si</span> <span class='ocrx_word' id='word_1_13' title='bbox 940 336 1010 422; x_wconf 85' lang='lat' dir='ltr'>quis</span> <span class='ocrx_word' id='word_1_14' title='bbox 1028 335 1061 399; x_wconf 92' lang='lat' dir='ltr'>in</span> <span class='ocrx_word' id='word_1_15' title='bbox 1076 335 1165 400; x_wconf 87' lang='lat' dir='ltr'>vobis</span> <span class='ocrx_word' id='word_1_16' title='bbox 1180 345 1228 398; x_wconf 89' lang='lat' dir='ltr'>est</span> 
     </span>
     <span class='ocr_line' id='line_1_3' title="bbox 196 443 1229 535; baseline 0.003 -30"><span class='ocrx_word' id='word_1_17' title='bbox 196 443 377 532; x_wconf 68' lang='lat' dir='ltr'>»propheta</span> <span class='ocrx_word' id='word_1_18' title='bbox 401 444 450 510; x_wconf 86' lang='lat' dir='ltr'>vel</span> <span class='ocrx_word' id='word_1_19' title='bbox 472 443 654 535; x_wconf 86' lang='lat' dir='ltr'>spiritualis,</span> <span class='ocrx_word' id='word_1_20' title='bbox 672 458 823 534; x_wconf 87' lang='lat' dir='ltr'>agnoscat</span> <span class='ocrx_word' id='word_1_21' title='bbox 841 469 910 532; x_wconf 84' lang='lat' dir='ltr'>quae</span> <span class='ocrx_word' id='word_1_22' title='bbox 929 445 1047 520; x_wconf 87' lang='lat' dir='ltr'>scriho,</span> <span class='ocrx_word' id='word_1_23' title='bbox 1067 445 1141 533; x_wconf 90' lang='lat' dir='ltr'>quia</span> <span class='ocrx_word' id='word_1_24' title='bbox 1161 444 1229 510; x_wconf 88' lang='lat' dir='ltr'>Do-</span> 
     </span>
     <span class='ocr_line' id='line_1_4' title="bbox 199 551 1230 643; baseline 0.003 -28"><span class='ocrx_word' id='word_1_25' title='bbox 199 581 211 614; x_wconf 72' lang='grc' dir='ltr'><strong><em>ι</em></strong></span> <span class='ocrx_word' id='word_1_26' title='bbox 225 552 303 632; x_wconf 86' lang='lat' dir='ltr'>mini</span> <span class='ocrx_word' id='word_1_27' title='bbox 318 564 403 617; x_wconf 87' lang='lat' dir='ltr'>sunt.</span> <span class='ocrx_word' id='word_1_28' title='bbox 420 553 484 632; x_wconf 84' lang='lat' dir='ltr'>Qui</span> <span class='ocrx_word' id='word_1_29' title='bbox 496 565 602 619; x_wconf 88' lang='lat' dir='ltr'>autem</span> <span class='ocrx_word' id='word_1_30' title='bbox 618 554 754 643; x_wconf 77' lang='lat' dir='ltr'><strong>ignorat,</strong></span> <span class='ocrx_word' id='word_1_31' title='bbox 767 551 1019 642; x_wconf 79' lang='lat' dir='ltr'>ignorabitur².»</span> <span class='ocrx_word' id='word_1_32' title='bbox 1034 555 1109 620; x_wconf 84' lang='lat' dir='ltr'>Haec</span> <span class='ocrx_word' id='word_1_33' title='bbox 1121 563 1230 618; x_wconf 90' lang='lat' dir='ltr'>autem</span> 
     </span>
     <span class='ocr_line' id='line_1_5' title="bbox 199 660 1232 752; baseline 0 -27"><span class='ocrx_word' id='word_1_34' title='bbox 199 660 346 737; x_wconf 84' lang='lat' dir='ltr'>dicimus,</span> <span class='ocrx_word' id='word_1_35' title='bbox 359 685 424 727; x_wconf 90' lang='lat' dir='ltr'>aon</span> <span class='ocrx_word' id='word_1_36' title='bbox 437 660 657 751; x_wconf 80' lang='lat' dir='ltr'>blasphemum</span> <span class='ocrx_word' id='word_1_37' title='bbox 672 661 790 752; x_wconf 87' lang='lat' dir='ltr'>aliquid</span> <span class='ocrx_word' id='word_1_38' title='bbox 803 661 898 747; x_wconf 90' lang='lat' dir='ltr'>(sicut</span> <span class='ocrx_word' id='word_1_39' title='bbox 911 685 964 728; x_wconf 85' lang='lat' dir='ltr'>ros</span> <span class='ocrx_word' id='word_1_40' title='bbox 978 661 1093 751; x_wconf 82' lang='lat' dir='ltr'>facitis)</span> <span class='ocrx_word' id='word_1_41' title='bbox 1111 662 1151 726; x_wconf 90' lang='lat' dir='ltr'>de</span> <span class='ocrx_word' id='word_1_42' title='bbox 1163 662 1232 727; x_wconf 85' lang='lat' dir='ltr'>Deo</span> 
     </span>
     <span class='ocr_line' id='line_1_6' title="bbox 198 766 1232 860; baseline -0.002 -27"><span class='ocrx_word' id='word_1_43' title='bbox 198 770 381 846; x_wconf 87' lang='lat' dir='ltr'>santientes,</span> <span class='ocrx_word' id='word_1_44' title='bbox 394 794 497 860; x_wconf 87' lang='lat' dir='ltr'>neque</span> <span class='ocrx_word' id='word_1_45' title='bbox 514 771 722 860; x_wconf 77' lang='lat' dir='ltr'>ignorantiam</span> <span class='ocrx_word' id='word_1_46' title='bbox 739 771 931 836; x_wconf 73' lang='lat' dir='ltr'>ascribentes</span> <span class='ocrx_word' id='word_1_47' title='bbox 947 771 993 841; x_wconf 68' lang='lat' dir='ltr'>aiz</span> <span class='ocrx_word' id='word_1_48' title='bbox 1012 769 1068 834; x_wconf 88' lang='lat' dir='ltr'>sed</span> <span class='ocrx_word' id='word_1_49' title='bbox 1084 768 1125 836; x_wconf 89' lang='lat' dir='ltr'>ita</span> <span class='ocrx_word' id='word_1_50' title='bbox 1142 766 1232 834; x_wconf 87' lang='lat' dir='ltr'>intel·</span> 
     </span>
     <span class='ocr_line' id='line_1_7' title="bbox 198 875 1234 966; baseline 0 -26"><span class='ocrx_word' id='word_1_51' title='bbox 198 875 337 966; x_wconf 78' lang='lat' dir='ltr'>ligimus,</span> <span class='ocrx_word' id='word_1_52' title='bbox 359 879 445 966; x_wconf 90' lang='lat' dir='ltr'>quod</span> <span class='ocrx_word' id='word_1_53' title='bbox 467 878 499 943; x_wconf 94' lang='lat' dir='ltr'>hi</span> <span class='ocrx_word' id='word_1_54' title='bbox 524 901 660 966; x_wconf 90' lang='lat' dir='ltr'>quorum</span> <span class='ocrx_word' id='word_1_55' title='bbox 682 890 772 945; x_wconf 92' lang='lat' dir='ltr'>actus</span> <span class='ocrx_word' id='word_1_56' title='bbox 787 878 855 943; x_wconf 89' lang='lat' dir='ltr'>Deo</span> <span class='ocrx_word' id='word_1_57' title='bbox 870 890 917 942; x_wconf 86' lang='lat' dir='ltr'>cst</span> <span class='ocrx_word' id='word_1_58' title='bbox 932 877 1092 966; x_wconf 85' lang='lat' dir='ltr'>indignus,</span> <span class='ocrx_word' id='word_1_59' title='bbox 1114 876 1234 966; x_wconf 94' lang='lat' dir='ltr'>indigni</span> 
     </span>
     <span class='ocr_line' id='line_1_8' title="bbox 200 986 1234 1077; baseline -0.001 -25"><span class='ocrx_word' id='word_1_60' title='bbox 200 986 296 1055; x_wconf 87' lang='lat' dir='ltr'>ctiam</span> <span class='ocrx_word' id='word_1_61' title='bbox 316 988 427 1054; x_wconf 88' lang='lat' dir='ltr'>notitia</span> <span class='ocrx_word' id='word_1_62' title='bbox 442 988 500 1052; x_wconf 92' lang='lat' dir='ltr'>Dei</span> <span class='ocrx_word' id='word_1_63' title='bbox 515 989 673 1056; x_wconf 89' lang='lat' dir='ltr'>dicantur.</span> <span class='ocrx_word' id='word_1_64' title='bbox 688 988 760 1054; x_wconf 91' lang='lat' dir='ltr'>Non</span> <span class='ocrx_word' id='word_1_65' title='bbox 776 989 862 1053; x_wconf 85' lang='lat' dir='ltr'>enim</span> <span class='ocrx_word' id='word_1_66' title='bbox 879 987 1027 1077; x_wconf 79' lang='lat' dir='ltr'>dignatur</span> <span class='ocrx_word' id='word_1_67' title='bbox 1040 988 1126 1053; x_wconf 86' lang='lat' dir='ltr'>Deus</span> <span class='ocrx_word' id='word_1_68' title='bbox 1141 1009 1234 1052; x_wconf 88' lang='lat' dir='ltr'>nosse</span> 
     </span>
     <span class='ocr_line' id='line_1_9' title="bbox 201 1097 1233 1187; baseline 0 -26"><span class='ocrx_word' id='word_1_69' title='bbox 201 1119 275 1168; x_wconf 90' lang='lat' dir='ltr'>eum</span> <span class='ocrx_word' id='word_1_70' title='bbox 298 1097 351 1184; x_wconf 92' lang='lat' dir='ltr'>qui</span> <span class='ocrx_word' id='word_1_71' title='bbox 367 1121 494 1163; x_wconf 87' lang='lat' dir='ltr'>aversus</span> <span class='ocrx_word' id='word_1_72' title='bbox 510 1111 558 1164; x_wconf 86' lang='lat' dir='ltr'>est</span> <span class='ocrx_word' id='word_1_73' title='bbox 578 1101 684 1174; x_wconf 92' lang='lat' dir='ltr'>abeo,</span> <span class='ocrx_word' id='word_1_74' title='bbox 704 1111 736 1165; x_wconf 92' lang='lat' dir='ltr'>et</span> <span class='ocrx_word' id='word_1_75' title='bbox 754 1098 878 1187; x_wconf 78' lang='lat' dir='ltr'>ignorat</span> <span class='ocrx_word' id='word_1_76' title='bbox 892 1121 979 1163; x_wconf 87' lang='lat' dir='ltr'>eum.</span> <span class='ocrx_word' id='word_1_77' title='bbox 1002 1099 1042 1163; x_wconf 90' lang='lat' dir='ltr'>Et</span> <span class='ocrx_word' id='word_1_78' title='bbox 1065 1099 1136 1163; x_wconf 90' lang='lat' dir='ltr'>ideo</span> <span class='ocrx_word' id='word_1_79' title='bbox 1155 1098 1233 1163; x_wconf 91' lang='lat' dir='ltr'>dicit</span> 
     </span>
     <span class='ocr_line' id='line_1_10' title="bbox 201 1202 1235 1296; baseline 0.002 -28"><span class='ocrx_word' id='word_1_80' title='bbox 201 1202 370 1293; x_wconf 80' lang='lat' dir='ltr'><strong>Apostolus</strong></span> <span class='ocrx_word' id='word_1_81' title='bbox 394 1206 544 1294; x_wconf 89' lang='lat' dir='ltr'>quonium</span> <span class='ocrx_word' id='word_1_82' title='bbox 567 1207 627 1290; x_wconf 83' lang='lat' dir='ltr'>qui</span> <span class='ocrx_word' id='word_1_83' title='bbox 647 1208 794 1296; x_wconf 73' lang='lat' dir='ltr'>ignorat,</span> <span class='ocrx_word' id='word_1_84' title='bbox 823 1207 1043 1296; x_wconf 76' lang='lat' dir='ltr'>ignorabitur.</span> <span class='ocrx_word' id='word_1_85' title='bbox 1066 1205 1135 1271; x_wconf 89' lang='lat' dir='ltr'>Tali</span> <span class='ocrx_word' id='word_1_86' title='bbox 1158 1229 1235 1294; x_wconf 88' lang='lat' dir='ltr'>ergo</span> 
     </span>
     <span class='ocr_line' id='line_1_11' title="bbox 203 1312 1233 1402; baseline 0.001 -27"><span class='ocrx_word' id='word_1_87' title='bbox 203 1313 322 1400; x_wconf 89' lang='lat' dir='ltr'>specie,</span> <span class='ocrx_word' id='word_1_88' title='bbox 334 1325 366 1377; x_wconf 90' lang='lat' dir='ltr'>ct</span> <span class='ocrx_word' id='word_1_89' title='bbox 381 1337 468 1379; x_wconf 92' lang='lat' dir='ltr'>nunc</span> <span class='ocrx_word' id='word_1_90' title='bbox 483 1315 523 1380; x_wconf 90' lang='lat' dir='ltr'>de</span> <span class='ocrx_word' id='word_1_91' title='bbox 538 1313 587 1380; x_wconf 91' lang='lat' dir='ltr'>his</span> <span class='ocrx_word' id='word_1_92' title='bbox 602 1316 656 1402; x_wconf 91' lang='lat' dir='ltr'>qui</span> <span class='ocrx_word' id='word_1_93' title='bbox 673 1314 865 1379; x_wconf 83' lang='lat' dir='ltr'>habitantia</span> <span class='ocrx_word' id='word_1_94' title='bbox 881 1312 1027 1380; x_wconf 85' lang='lat' dir='ltr'><strong>Sodomis</strong></span> <span class='ocrx_word' id='word_1_95' title='bbox 1043 1313 1172 1388; x_wconf 88' lang='lat' dir='ltr'>dicitur,</span> <span class='ocrx_word' id='word_1_96' title='bbox 1186 1326 1233 1388; x_wconf 92' lang='lat' dir='ltr'>ut,</span> 
     </span>
     <span class='ocr_line' id='line_1_12' title="bbox 120 1421 1235 1512; baseline 0.004 -27"><span class='ocrx_word' id='word_1_97' title='bbox 120 1479 129 1498; x_wconf 68' lang='grc'>,</span> <span class='ocrx_word' id='word_1_98' title='bbox 203 1421 373 1509; x_wconf 88' lang='lat' dir='ltr'>siquidem</span> <span class='ocrx_word' id='word_1_99' title='bbox 390 1424 566 1489; x_wconf 89' lang='lat' dir='ltr'>secundum</span> <span class='ocrx_word' id='word_1_100' title='bbox 583 1423 755 1489; x_wconf 89' lang='lat' dir='ltr'>clamorem</span> <span class='ocrx_word' id='word_1_101' title='bbox 773 1423 827 1512; x_wconf 90' lang='lat' dir='ltr'>qui</span> <span class='ocrx_word' id='word_1_102' title='bbox 842 1423 983 1488; x_wconf 89' lang='lat' dir='ltr'>ascendit</span> <span class='ocrx_word' id='word_1_103' title='bbox 1002 1423 1042 1488; x_wconf 87' lang='lat' dir='ltr'>ad</span> <span class='ocrx_word' id='word_1_104' title='bbox 1062 1423 1235 1490; x_wconf 89' lang='lat' dir='ltr'>Dominum</span> 
     </span>
     <span class='ocr_line' id='line_1_13' title="bbox 204 1532 1237 1621; baseline 0.005 -27"><span class='ocrx_word' id='word_1_105' title='bbox 204 1542 293 1596; x_wconf 88' lang='lat' dir='ltr'>actus</span> <span class='ocrx_word' id='word_1_106' title='bbox 315 1555 427 1598; x_wconf 92' lang='lat' dir='ltr'>eorum</span> <span class='ocrx_word' id='word_1_107' title='bbox 448 1545 725 1608; x_wconf 82' lang='lat' dir='ltr'>consummentur,</span> <span class='ocrx_word' id='word_1_108' title='bbox 747 1532 876 1597; x_wconf 87' lang='lat' dir='ltr'>notione</span> <span class='ocrx_word' id='word_1_109' title='bbox 897 1533 966 1620; x_wconf 89' lang='lat' dir='ltr'>ejus</span> <span class='ocrx_word' id='word_1_110' title='bbox 988 1533 1171 1621; x_wconf 87' lang='lat' dir='ltr'>judicentur</span> <span class='ocrx_word' id='word_1_111' title='bbox 1191 1534 1237 1599; x_wconf 91' lang='lat' dir='ltr'>in·</span> 
     </span>
     <span class='ocr_line' id='line_1_14' title="bbox 205 1639 1238 1730; baseline 0.004 -26"><span class='ocrx_word' id='word_1_112' title='bbox 205 1639 309 1730; x_wconf 81' lang='lat' dir='ltr'>digni3</span> <span class='ocrx_word' id='word_1_113' title='bbox 328 1641 354 1705; x_wconf 88' lang='lat' dir='ltr'>si</span> <span class='ocrx_word' id='word_1_114' title='bbox 370 1664 444 1707; x_wconf 88' lang='lat' dir='ltr'>vero</span> <span class='ocrx_word' id='word_1_115' title='bbox 459 1654 507 1708; x_wconf 89' lang='lat' dir='ltr'>est</span> <span class='ocrx_word' id='word_1_116' title='bbox 521 1639 581 1707; x_wconf 92' lang='lat' dir='ltr'>illis</span> <span class='ocrx_word' id='word_1_117' title='bbox 594 1641 697 1730; x_wconf 88' lang='lat' dir='ltr'>aliqua</span> <span class='ocrx_word' id='word_1_118' title='bbox 713 1642 891 1718; x_wconf 82' lang='lat' dir='ltr'>conversio,</span> <span class='ocrx_word' id='word_1_119' title='bbox 905 1643 930 1706; x_wconf 87' lang='lat' dir='ltr'>si</span> <span class='ocrx_word' id='word_1_120' title='bbox 946 1640 994 1707; x_wconf 89' lang='lat' dir='ltr'>vel</span> <span class='ocrx_word' id='word_1_121' title='bbox 1008 1643 1121 1709; x_wconf 89' lang='lat' dir='ltr'>decem</span> <span class='ocrx_word' id='word_1_122' title='bbox 1134 1645 1165 1708; x_wconf 96' lang='lat' dir='ltr'>in</span> <span class='ocrx_word' id='word_1_123' title='bbox 1179 1642 1238 1708; x_wconf 88' lang='lat' dir='ltr'>illis</span> 
     </span>
     <span class='ocr_line' id='line_1_15' title="bbox 206 1750 1240 1839; baseline 0.002 -24"><span class='ocrx_word' id='word_1_124' title='bbox 206 1750 326 1817; x_wconf 78' lang='lat' dir='ltr'>inventi</span> <span class='ocrx_word' id='word_1_125' title='bbox 340 1750 457 1816; x_wconf 87' lang='lat' dir='ltr'>luerint</span> <span class='ocrx_word' id='word_1_126' title='bbox 472 1752 560 1839; x_wconf 87' lang='lat' dir='ltr'>justi,</span> <span class='ocrx_word' id='word_1_127' title='bbox 578 1753 620 1817; x_wconf 91' lang='lat' dir='ltr'>ita</span> <span class='ocrx_word' id='word_1_128' title='bbox 636 1751 765 1817; x_wconf 91' lang='lat' dir='ltr'>demum</span> <span class='ocrx_word' id='word_1_129' title='bbox 785 1751 908 1818; x_wconf 87' lang='lat' dir='ltr'>noverit</span> <span class='ocrx_word' id='word_1_130' title='bbox 923 1775 977 1816; x_wconf 86' lang='lat' dir='ltr'>eos</span> <span class='ocrx_word' id='word_1_131' title='bbox 998 1751 1092 1816; x_wconf 89' lang='lat' dir='ltr'>Deus.</span> <span class='ocrx_word' id='word_1_132' title='bbox 1111 1755 1149 1816; x_wconf 89' lang='lat' dir='ltr'>Et</span> <span class='ocrx_word' id='word_1_133' title='bbox 1168 1753 1240 1817; x_wconf 91' lang='lat' dir='ltr'>ideo</span> 
     </span>
     <span class='ocr_line' id='line_1_16' title="bbox 208 1859 1240 1949; baseline 0.001 -26"><span class='ocrx_word' id='word_1_134' title='bbox 208 1859 305 1924; x_wconf 88' lang='lat' dir='ltr'>dixit:</span> <span class='ocrx_word' id='word_1_135' title='bbox 317 1859 512 1936; x_wconf 74' lang='lat' dir='ltr'>sinautem,</span> <span class='ocrx_word' id='word_1_136' title='bbox 525 1878 560 1926; x_wconf 85' lang='lat' dir='ltr'>ut</span> <span class='ocrx_word' id='word_1_137' title='bbox 569 1862 684 1926; x_wconf 85' lang='lat' dir='ltr'>sciam.</span> <span class='ocrx_word' id='word_1_138' title='bbox 697 1860 767 1926; x_wconf 92' lang='lat' dir='ltr'>Non</span> <span class='ocrx_word' id='word_1_139' title='bbox 780 1861 870 1936; x_wconf 84' lang='lat' dir='ltr'>dixit,</span> <span class='ocrx_word' id='word_1_140' title='bbox 880 1860 920 1924; x_wconf 90' lang='lat' dir='ltr'>Ut</span> <span class='ocrx_word' id='word_1_141' title='bbox 931 1860 1029 1926; x_wconf 87' lang='lat' dir='ltr'>sciam</span> <span class='ocrx_word' id='word_1_142' title='bbox 1041 1861 1117 1948; x_wconf 92' lang='lat' dir='ltr'>quid</span> <span class='ocrx_word' id='word_1_143' title='bbox 1129 1867 1240 1949; x_wconf 87' lang='lat' dir='ltr'>agunt,</span> 
     </span>
     <span class='ocr_line' id='line_1_17' title="bbox 208 1967 1240 2059; baseline 0 -25"><span class='ocrx_word' id='word_1_144' title='bbox 208 1967 277 2044; x_wconf 89' lang='lat' dir='ltr'>sed,</span> <span class='ocrx_word' id='word_1_145' title='bbox 288 1967 328 2035; x_wconf 90' lang='lat' dir='ltr'>Ut</span> <span class='ocrx_word' id='word_1_146' title='bbox 340 1969 422 2057; x_wconf 89' lang='lat' dir='ltr'>ipsos</span> <span class='ocrx_word' id='word_1_147' title='bbox 435 1970 546 2046; x_wconf 89' lang='lat' dir='ltr'>sciam,</span> <span class='ocrx_word' id='word_1_148' title='bbox 556 1983 589 2035; x_wconf 93' lang='lat' dir='ltr'>et</span> <span class='ocrx_word' id='word_1_149' title='bbox 600 1971 729 2038; x_wconf 87' lang='lat' dir='ltr'>scientia</span> <span class='ocrx_word' id='word_1_150' title='bbox 739 1993 808 2035; x_wconf 88' lang='lat' dir='ltr'>mea</span> <span class='ocrx_word' id='word_1_151' title='bbox 822 1970 932 2059; x_wconf 90' lang='lat' dir='ltr'>dignos</span> <span class='ocrx_word' id='word_1_152' title='bbox 945 1969 1070 2045; x_wconf 79' lang='lat' dir='ltr'>faciam,</span> <span class='ocrx_word' id='word_1_153' title='bbox 1080 1971 1105 2034; x_wconf 89' lang='lat' dir='ltr'>si</span> <span class='ocrx_word' id='word_1_154' title='bbox 1117 1993 1195 2058; x_wconf 92' lang='lat' dir='ltr'>quos</span> <span class='ocrx_word' id='word_1_155' title='bbox 1207 1971 1240 2034; x_wconf 94' lang='lat' dir='ltr'>in</span> 
     </span>
    </p>
   </div>
   <div class='ocr_carea' id='block_1_3' title="bbox 103 2076 1241 2166">
    <p class='ocr_par' dir='ltr' id='par_1_3' title="bbox 103 2076 1241 2166">
     <span class='ocr_line' id='line_1_18' title="bbox 103 2076 1241 2166; baseline 0.003 -27"><span class='ocrx_word' id='word_1_156' title='bbox 103 2101 107 2106; x_wconf 91' lang='lat'>·</span> <span class='ocrx_word' id='word_1_157' title='bbox 209 2076 283 2164; x_wconf 91' lang='lat' dir='ltr'>ipsis</span> <span class='ocrx_word' id='word_1_158' title='bbox 298 2077 456 2142; x_wconf 83' lang='lat' dir='ltr'>inveniam</span> <span class='ocrx_word' id='word_1_159' title='bbox 471 2079 585 2166; x_wconf 85' lang='lat' dir='ltr'>justos,</span> <span class='ocrx_word' id='word_1_160' title='bbox 602 2078 627 2142; x_wconf 88' lang='lat' dir='ltr'>si</span> <span class='ocrx_word' id='word_1_161' title='bbox 643 2101 722 2164; x_wconf 91' lang='lat' dir='ltr'>quos</span> <span class='ocrx_word' id='word_1_162' title='bbox 738 2077 897 2143; x_wconf 87' lang='lat' dir='ltr'>inveniam</span> <span class='ocrx_word' id='word_1_163' title='bbox 909 2079 1111 2166; x_wconf 78' lang='lat' dir='ltr'>poenitentes,</span> <span class='ocrx_word' id='word_1_164' title='bbox 1124 2079 1148 2142; x_wconf 89' lang='lat' dir='ltr'>si</span> <span class='ocrx_word' id='word_1_165' title='bbox 1161 2101 1241 2165; x_wconf 88' lang='lat' dir='ltr'>quos</span> 
     </span>
    </p>
   </div>
   <div class='ocr_carea' id='block_1_4' title="bbox 207 2185 1326 3690">
    <p class='ocr_par' dir='ltr' id='par_1_4' title="bbox 207 2185 1326 3690">
     <span class='ocr_line' id='line_1_19' title="bbox 207 2185 1326 2276; baseline 0 -26"><span class='ocrx_word' id='word_1_166' title='bbox 207 2185 285 2250; x_wconf 88' lang='lat' dir='ltr'>tales</span> <span class='ocrx_word' id='word_1_167' title='bbox 298 2209 377 2272; x_wconf 87' lang='lat' dir='ltr'>quos</span> <span class='ocrx_word' id='word_1_168' title='bbox 389 2187 623 2254; x_wconf 87' lang='lat' dir='ltr'>debeamscire.</span> <span class='ocrx_word' id='word_1_169' title='bbox 638 2188 782 2274; x_wconf 86' lang='lat' dir='ltr'>Denique</span> <span class='ocrx_word' id='word_1_170' title='bbox 791 2189 863 2276; x_wconf 88' lang='lat' dir='ltr'>quia</span> <span class='ocrx_word' id='word_1_171' title='bbox 876 2187 981 2254; x_wconf 91' lang='lat' dir='ltr'>nullus</span> <span class='ocrx_word' id='word_1_172' title='bbox 993 2189 1047 2275; x_wconf 87' lang='lat' dir='ltr'>qui</span> <span class='ocrx_word' id='word_1_173' title='bbox 1061 2188 1241 2275; x_wconf 79' lang='lat' dir='ltr'>paeniteret,</span> <span class='ocrx_word' id='word_1_174' title='bbox 1317 2213 1326 2228; x_wconf 89' lang='lat'><em>·</em></span> 
     </span>
     <span class='ocr_line' id='line_1_20' title="bbox 209 2293 1239 2383; baseline -0.001 -25"><span class='ocrx_word' id='word_1_175' title='bbox 209 2293 314 2359; x_wconf 90' lang='lat' dir='ltr'>nullus</span> <span class='ocrx_word' id='word_1_176' title='bbox 334 2297 387 2383; x_wconf 91' lang='lat' dir='ltr'>qui</span> <span class='ocrx_word' id='word_1_177' title='bbox 407 2310 645 2363; x_wconf 87' lang='lat' dir='ltr'>converteretur</span> <span class='ocrx_word' id='word_1_178' title='bbox 664 2296 743 2363; x_wconf 90' lang='lat' dir='ltr'>alius</span> <span class='ocrx_word' id='word_1_179' title='bbox 764 2297 910 2363; x_wconf 85' lang='lat' dir='ltr'>inventus</span> <span class='ocrx_word' id='word_1_180' title='bbox 932 2309 993 2371; x_wconf 87' lang='lat' dir='ltr'>est,</span> <span class='ocrx_word' id='word_1_181' title='bbox 1014 2309 1127 2383; x_wconf 77' lang='lat' dir='ltr'>praeter</span> <span class='ocrx_word' id='word_1_182' title='bbox 1145 2295 1239 2367; x_wconf 90' lang='lat' dir='ltr'>Loth,</span> 
     </span>
     <span class='ocr_line' id='line_1_21' title="bbox 209 2400 1240 2494; baseline -0.001 -29"><span class='ocrx_word' id='word_1_183' title='bbox 209 2401 276 2490; x_wconf 88' lang='lat' dir='ltr'>ipse</span> <span class='ocrx_word' id='word_1_184' title='bbox 292 2401 376 2468; x_wconf 90' lang='lat' dir='ltr'>solus</span> <span class='ocrx_word' id='word_1_185' title='bbox 393 2403 586 2493; x_wconf 82' lang='lat' dir='ltr'>agnoscitur,</span> <span class='ocrx_word' id='word_1_186' title='bbox 599 2406 666 2494; x_wconf 86' lang='lat' dir='ltr'>ipse</span> <span class='ocrx_word' id='word_1_187' title='bbox 678 2404 762 2471; x_wconf 90' lang='lat' dir='ltr'>solus</span> <span class='ocrx_word' id='word_1_188' title='bbox 779 2405 817 2470; x_wconf 91' lang='lat' dir='ltr'>de</span> <span class='ocrx_word' id='word_1_189' title='bbox 833 2404 980 2470; x_wconf 90' lang='lat' dir='ltr'>incendio</span> <span class='ocrx_word' id='word_1_190' title='bbox 994 2402 1157 2466; x_wconf 86' lang='lat' dir='ltr'>liberatur.</span> <span class='ocrx_word' id='word_1_191' title='bbox 1174 2400 1240 2464; x_wconf 90' lang='lat' dir='ltr'>Nec</span> 
     </span>
     <span class='ocr_line' id='line_1_22' title="bbox 210 2503 1242 2600; baseline -0.007 -25"><span class='ocrx_word' id='word_1_192' title='bbox 210 2510 319 2598; x_wconf 81' lang='lat' dir='ltr'>generi</span> <span class='ocrx_word' id='word_1_193' title='bbox 333 2522 510 2600; x_wconf 87' lang='lat' dir='ltr'>sequuntur</span> <span class='ocrx_word' id='word_1_194' title='bbox 521 2512 687 2587; x_wconf 90' lang='lat' dir='ltr'>admoniti,</span> <span class='ocrx_word' id='word_1_195' title='bbox 700 2533 761 2575; x_wconf 90' lang='lat' dir='ltr'>nec</span> <span class='ocrx_word' id='word_1_196' title='bbox 771 2510 878 2583; x_wconf 86' lang='lat' dir='ltr'>vicini,</span> <span class='ocrx_word' id='word_1_197' title='bbox 892 2530 952 2573; x_wconf 83' lang='lat' dir='ltr'>nec</span> <span class='ocrx_word' id='word_1_198' title='bbox 966 2505 1098 2594; x_wconf 82' lang='lat' dir='ltr'>proximi</span> <span class='ocrx_word' id='word_1_199' title='bbox 1110 2530 1120 2578; x_wconf 70' lang='lat'>5</span> <span class='ocrx_word' id='word_1_200' title='bbox 1136 2503 1242 2570; x_wconf 89' lang='lat' dir='ltr'>nullus</span> 
     </span>
     <span class='ocr_line' id='line_1_23' title="bbox 212 2613 1241 2708; baseline -0.005 -23"><span class='ocrx_word' id='word_1_201' title='bbox 212 2643 403 2708; x_wconf 79' lang='lat' dir='ltr'>cognoscere</span> <span class='ocrx_word' id='word_1_202' title='bbox 414 2617 514 2685; x_wconf 85' lang='lat' dir='ltr'>voluit</span> <span class='ocrx_word' id='word_1_203' title='bbox 525 2618 725 2684; x_wconf 89' lang='lat' dir='ltr'>clementiam</span> <span class='ocrx_word' id='word_1_204' title='bbox 738 2618 808 2691; x_wconf 85' lang='lat' dir='ltr'>Dei,</span> <span class='ocrx_word' id='word_1_205' title='bbox 824 2613 929 2680; x_wconf 90' lang='lat' dir='ltr'>nullus</span> <span class='ocrx_word' id='word_1_206' title='bbox 941 2615 981 2679; x_wconf 88' lang='lat' dir='ltr'>ad</span> <span class='ocrx_word' id='word_1_207' title='bbox 992 2615 1241 2680; x_wconf 88' lang='lat' dir='ltr'>misericordiam</span> 
     </span>
     <span class='ocr_line' id='line_1_24' title="bbox 212 2722 1244 2815; baseline -0.004 -23"><span class='ocrx_word' id='word_1_208' title='bbox 212 2728 282 2815; x_wconf 90' lang='lat' dir='ltr'>ejus</span> <span class='ocrx_word' id='word_1_209' title='bbox 301 2725 483 2814; x_wconf 82' lang='lat' dir='ltr'>confugere.</span> <span class='ocrx_word' id='word_1_210' title='bbox 499 2726 625 2791; x_wconf 87' lang='lat' dir='ltr'>Idcirco</span> <span class='ocrx_word' id='word_1_211' title='bbox 639 2737 671 2789; x_wconf 92' lang='lat' dir='ltr'>et</span> <span class='ocrx_word' id='word_1_212' title='bbox 687 2722 791 2789; x_wconf 87' lang='lat' dir='ltr'>nullus</span> <span class='ocrx_word' id='word_1_213' title='bbox 806 2722 998 2813; x_wconf 81' lang='lat' dir='ltr'>agnoscitur.</span> <span class='ocrx_word' id='word_1_214' title='bbox 1019 2725 1094 2790; x_wconf 83' lang='lat' dir='ltr'>llaec</span> <span class='ocrx_word' id='word_1_215' title='bbox 1113 2725 1244 2811; x_wconf 89' lang='lat' dir='ltr'>quidem</span> 
     </span>
     <span class='ocr_line' id='line_1_25' title="bbox 213 2833 1241 2923; baseline -0.002 -21"><span class='ocrx_word' id='word_1_216' title='bbox 213 2835 363 2902; x_wconf 83' lang='lat' dir='ltr'>adversus</span> <span class='ocrx_word' id='word_1_217' title='bbox 378 2835 499 2923; x_wconf 84' lang='lat' dir='ltr'>eosqui</span> <span class='ocrx_word' id='word_1_218' title='bbox 515 2833 713 2922; x_wconf 90' lang='lat' dir='ltr'>iniquitatem</span> <span class='ocrx_word' id='word_1_219' title='bbox 726 2834 758 2900; x_wconf 95' lang='lat' dir='ltr'>in</span> <span class='ocrx_word' id='word_1_220' title='bbox 773 2833 934 2901; x_wconf 88' lang='lat' dir='ltr'>excelsum</span> <span class='ocrx_word' id='word_1_221' title='bbox 951 2833 1126 2922; x_wconf 90' lang='lat' dir='ltr'>loquuntur</span> <span class='ocrx_word' id='word_1_222' title='bbox 1136 2833 1158 2898; x_wconf 78' lang='lat'>³.</span> <span class='ocrx_word' id='word_1_223' title='bbox 1178 2834 1241 2906; x_wconf 89' lang='lat' dir='ltr'>Nos</span> 
     </span>
     <span class='ocr_line' id='line_1_26' title="bbox 213 2942 1245 3033; baseline -0.003 -22"><span class='ocrx_word' id='word_1_224' title='bbox 213 2969 288 3011; x_wconf 88' lang='lat' dir='ltr'>vero</span> <span class='ocrx_word' id='word_1_225' title='bbox 308 2965 437 3033; x_wconf 87' lang='lat' dir='ltr'>operam</span> <span class='ocrx_word' id='word_1_226' title='bbox 456 2944 567 3010; x_wconf 88' lang='lat' dir='ltr'>demus</span> <span class='ocrx_word' id='word_1_227' title='bbox 585 2942 663 3010; x_wconf 84' lang='lat' dir='ltr'>tales</span> <span class='ocrx_word' id='word_1_228' title='bbox 684 2942 767 3009; x_wconf 86' lang='lat' dir='ltr'>effici</span> <span class='ocrx_word' id='word_1_229' title='bbox 790 2956 880 3009; x_wconf 91' lang='lat' dir='ltr'>actus</span> <span class='ocrx_word' id='word_1_230' title='bbox 899 2958 1036 3020; x_wconf 87' lang='lat' dir='ltr'>nostros,</span> <span class='ocrx_word' id='word_1_231' title='bbox 1053 2942 1148 3010; x_wconf 87' lang='lat' dir='ltr'>talem</span> <span class='ocrx_word' id='word_1_232' title='bbox 1171 2967 1245 3009; x_wconf 91' lang='lat' dir='ltr'>con-</span> 
     </span>
     <span class='ocr_line' id='line_1_27' title="bbox 214 3051 1247 3140; baseline -0.005 -20"><span class='ocrx_word' id='word_1_233' title='bbox 214 3055 423 3120; x_wconf 85' lang='lat' dir='ltr'>versationem</span> <span class='ocrx_word' id='word_1_234' title='bbox 446 3065 600 3130; x_wconf 90' lang='lat' dir='ltr'>nostram,</span> <span class='ocrx_word' id='word_1_235' title='bbox 623 3063 657 3115; x_wconf 90' lang='lat' dir='ltr'>ut</span> <span class='ocrx_word' id='word_1_236' title='bbox 680 3051 764 3140; x_wconf 92' lang='lat' dir='ltr'>digni</span> <span class='ocrx_word' id='word_1_237' title='bbox 787 3052 963 3118; x_wconf 87' lang='lat' dir='ltr'>habeamur</span> <span class='ocrx_word' id='word_1_238' title='bbox 986 3052 1095 3117; x_wconf 88' lang='lat' dir='ltr'>notitia</span> <span class='ocrx_word' id='word_1_239' title='bbox 1119 3051 1190 3127; x_wconf 91' lang='lat' dir='ltr'>Dei,</span> <span class='ocrx_word' id='word_1_240' title='bbox 1212 3064 1247 3115; x_wconf 91' lang='lat' dir='ltr'>ut</span> 
     </span>
     <span class='ocr_line' id='line_1_28' title="bbox 216 3157 1247 3251; baseline -0.005 -22"><span class='ocrx_word' id='word_1_241' title='bbox 216 3188 274 3230; x_wconf 89' lang='lat' dir='ltr'>nos</span> <span class='ocrx_word' id='word_1_242' title='bbox 286 3163 366 3229; x_wconf 86' lang='lat' dir='ltr'>scire</span> <span class='ocrx_word' id='word_1_243' title='bbox 379 3162 525 3251; x_wconf 86' lang='lat' dir='ltr'>dignetur</span> <span class='ocrx_word' id='word_1_244' title='bbox 531 3186 540 3235; x_wconf 89' lang='lat'>;</span> <span class='ocrx_word' id='word_1_245' title='bbox 556 3173 589 3225; x_wconf 90' lang='lat' dir='ltr'>nt</span> <span class='ocrx_word' id='word_1_246' title='bbox 602 3160 685 3250; x_wconf 90' lang='lat' dir='ltr'>digni</span> <span class='ocrx_word' id='word_1_247' title='bbox 697 3159 873 3226; x_wconf 75' lang='lat' dir='ltr'>habeamur</span> <span class='ocrx_word' id='word_1_248' title='bbox 884 3160 995 3226; x_wconf 90' lang='lat' dir='ltr'>notitia</span> <span class='ocrx_word' id='word_1_249' title='bbox 1008 3157 1078 3225; x_wconf 86' lang='lat' dir='ltr'>Filii</span> <span class='ocrx_word' id='word_1_250' title='bbox 1090 3160 1159 3248; x_wconf 90' lang='lat' dir='ltr'>ejus</span> <span class='ocrx_word' id='word_1_251' title='bbox 1170 3159 1247 3224; x_wconf 65' lang='lat' dir='ltr'>«lesu</span> 
     </span>
     <span class='ocr_line' id='line_1_29' title="bbox 217 3268 1248 3360; baseline -0.005 -22"><span class='ocrx_word' id='word_1_252' title='bbox 217 3273 346 3349; x_wconf 86' lang='lat' dir='ltr'>Christi,</span> <span class='ocrx_word' id='word_1_253' title='bbox 370 3272 480 3337; x_wconf 87' lang='lat' dir='ltr'>notitia</span> <span class='ocrx_word' id='word_1_254' title='bbox 503 3270 639 3360; x_wconf 86' lang='lat' dir='ltr'>Spiritus</span> <span class='ocrx_word' id='word_1_255' title='bbox 662 3271 761 3336; x_wconf 88' lang='lat' dir='ltr'>sancti</span> <span class='ocrx_word' id='word_1_256' title='bbox 774 3295 783 3343; x_wconf 90' lang='lat'>;</span> <span class='ocrx_word' id='word_1_257' title='bbox 812 3283 847 3334; x_wconf 90' lang='lat' dir='ltr'>ut</span> <span class='ocrx_word' id='word_1_258' title='bbox 868 3269 963 3358; x_wconf 87' lang='lat' dir='ltr'>agniti</span> <span class='ocrx_word' id='word_1_259' title='bbox 987 3294 1004 3334; x_wconf 87' lang='lat' dir='ltr'>a</span> <span class='ocrx_word' id='word_1_260' title='bbox 1028 3268 1195 3344; x_wconf 89' lang='lat' dir='ltr'>Trinitate,</span> <span class='ocrx_word' id='word_1_261' title='bbox 1216 3281 1248 3333; x_wconf 90' lang='lat' dir='ltr'>et</span> 
     </span>
     <span class='ocr_line' id='line_1_30' title="bbox 217 3377 1249 3469; baseline -0.006 -20"><span class='ocrx_word' id='word_1_262' title='bbox 217 3407 274 3450; x_wconf 90' lang='lat' dir='ltr'>nos</span> <span class='ocrx_word' id='word_1_263' title='bbox 300 3392 533 3448; x_wconf 85' lang='lat' dir='ltr'>sacramentum</span> <span class='ocrx_word' id='word_1_264' title='bbox 555 3380 716 3447; x_wconf 89' lang='lat' dir='ltr'>Trinitatis</span> <span class='ocrx_word' id='word_1_265' title='bbox 741 3379 834 3469; x_wconf 88' lang='lat' dir='ltr'>plene</span> <span class='ocrx_word' id='word_1_266' title='bbox 857 3392 889 3443; x_wconf 88' lang='lat' dir='ltr'>et</span> <span class='ocrx_word' id='word_1_267' title='bbox 912 3379 1032 3468; x_wconf 87' lang='lat' dir='ltr'>integre</span> <span class='ocrx_word' id='word_1_268' title='bbox 1055 3388 1087 3442; x_wconf 89' lang='lat' dir='ltr'>et</span> <span class='ocrx_word' id='word_1_269' title='bbox 1109 3377 1249 3466; x_wconf 83' lang='lat' dir='ltr'>perlecto</span> 
     </span>
     <span class='ocr_line' id='line_1_31' title="bbox 217 3487 1248 3580; baseline -0.006 -22"><span class='ocrx_word' id='word_1_270' title='bbox 217 3515 398 3558; x_wconf 84' lang='lat' dir='ltr'>mercamur</span> <span class='ocrx_word' id='word_1_271' title='bbox 413 3511 596 3580; x_wconf 86' lang='lat' dir='ltr'>agnoscere,</span> <span class='ocrx_word' id='word_1_272' title='bbox 613 3487 770 3554; x_wconf 88' lang='lat' dir='ltr'>revelante</span> <span class='ocrx_word' id='word_1_273' title='bbox 786 3487 878 3552; x_wconf 88' lang='lat' dir='ltr'>nobis</span> <span class='ocrx_word' id='word_1_274' title='bbox 893 3487 1029 3552; x_wconf 91' lang='lat' dir='ltr'>Domino</span> <span class='ocrx_word' id='word_1_275' title='bbox 1045 3497 1154 3550; x_wconf 88' lang='lat' dir='ltr'>nostro</span> <span class='ocrx_word' id='word_1_276' title='bbox 1171 3487 1248 3552; x_wconf 81' lang='lat' dir='ltr'>lesu</span> 
     </span>
     <span class='ocr_line' id='line_1_32' title="bbox 219 3595 1321 3690; baseline -0.005 -21"><span class='ocrx_word' id='word_1_277' title='bbox 219 3602 358 3676; x_wconf 88' lang='lat' dir='ltr'>Christo,</span> <span class='ocrx_word' id='word_1_278' title='bbox 378 3601 430 3667; x_wconf 91' lang='lat' dir='ltr'>cui</span> <span class='ocrx_word' id='word_1_279' title='bbox 445 3614 492 3666; x_wconf 88' lang='lat' dir='ltr'>est</span> <span class='ocrx_word' id='word_1_280' title='bbox 513 3599 611 3690; x_wconf 83' lang='lat' dir='ltr'>gloria</span> <span class='ocrx_word' id='word_1_281' title='bbox 632 3612 664 3664; x_wconf 89' lang='lat' dir='ltr'>et</span> <span class='ocrx_word' id='word_1_282' title='bbox 682 3598 850 3687; x_wconf 86' lang='lat' dir='ltr'>imperium</span> <span class='ocrx_word' id='word_1_283' title='bbox 869 3595 1030 3662; x_wconf 68' lang='lat' dir='ltr'>insaecula</span> <span class='ocrx_word' id='word_1_284' title='bbox 1047 3595 1247 3663; x_wconf 66' lang='lat' dir='ltr'>saeculorum.</span> <span class='ocrx_word' id='word_1_285' title='bbox 1320 3609 1321 3613; x_wconf 77' lang='grc'>’</span> 
     </span>
    </p>
   </div>
   <div class='ocr_carea' id='block_1_5' title="bbox 213 3715 330 3786">
    <p class='ocr_par' dir='ltr' id='par_1_5' title="bbox 213 3715 330 3786">
     <span class='ocr_line' id='line_1_33' title="bbox 213 3715 330 3786; baseline -0.068 0"><span class='ocrx_word' id='word_1_286' title='bbox 213 3715 330 3786; x_wconf 77' lang='lat' dir='ltr'>&#39;Amen</span> 
     </span>
    </p>
   </div>
   <div class='ocr_carea' id='block_1_6' title="bbox 252 3837 1028 3904">
    <p class='ocr_par' dir='ltr' id='par_1_6' title="bbox 252 3837 1028 3904">
     <span class='ocr_line' id='line_1_34' title="bbox 252 3837 1028 3904; baseline -0.015 -8"><span class='ocrx_word' id='word_1_287' title='bbox 252 3844 363 3895; x_wconf 82' lang='lat' dir='ltr'>¹Matth.</span> <span class='ocrx_word' id='word_1_288' title='bbox 379 3859 423 3904; x_wconf 83' lang='lat' dir='ltr'>vu,</span> <span class='ocrx_word' id='word_1_289' title='bbox 438 3845 474 3892; x_wconf 77' lang='lat'>23.</span> <span class='ocrx_word' id='word_1_290' title='bbox 489 3840 540 3880; x_wconf 86' lang='lat'>-²</span> <span class='ocrx_word' id='word_1_291' title='bbox 555 3842 633 3894; x_wconf 81' lang='lat' dir='ltr'>rCor.</span> <span class='ocrx_word' id='word_1_292' title='bbox 647 3857 698 3900; x_wconf 80' lang='lat' dir='ltr'>xiv,</span> <span class='ocrx_word' id='word_1_293' title='bbox 708 3839 748 3904; x_wconf 71' lang='lat'>57.</span> <span class='ocrx_word' id='word_1_294' title='bbox 764 3865 793 3875; x_wconf 91' lang='lat'>-</span> <span class='ocrx_word' id='word_1_295' title='bbox 807 3837 816 3871; x_wconf 79' lang='lat'>⁸</span> <span class='ocrx_word' id='word_1_296' title='bbox 830 3837 894 3887; x_wconf 79' lang='lat' dir='ltr'>Paul.</span> <span class='ocrx_word' id='word_1_297' title='bbox 914 3853 991 3897; x_wconf 77' lang='lat' dir='ltr'>eurr,</span> <span class='ocrx_word' id='word_1_298' title='bbox 1003 3837 1028 3884; x_wconf 83' lang='lat'>8.</span> 
     </span>
    </p>
   </div>
   <div class='ocr_carea' id='block_1_7' title="bbox 0 0 1408 4624">
    <p class='ocr_par' dir='ltr' id='par_1_7' title="bbox 0 0 1408 4624">
     <span class='ocr_line' id='line_1_35' title="bbox 0 0 1408 4624; baseline 0 0"><span class='ocrx_word' id='word_1_299' title='bbox 0 0 1408 4624; x_wconf 95' lang='lat' dir='ltr'> </span> 
     </span>
    </p>
   </div>
  </div>
 </body>
</html>
