2744 4600
381 345 411 387 ru
438 344 576 386 uunsnos
599 344 727 388 ιιοιιιιιι
752 346 821 388 xxv.
1051 325 1113 388 διδ

80 461 208 530 oculum
224 459 368 546 corporis
384 460 497 532 nostri,
511 480 570 522 nec
585 479 714 522 manum
730 469 785 521 aut
799 458 913 545 pedem
930 459 1114 524 abscinden-

14 547 17 555 Ι
80 573 173 646 dum;
193 569 249 635 scd
270 589 397 633 sensum
420 564 556 632 carnalia
579 567 781 641 sentientem,
805 579 838 630 ct
852 565 1115 654 concupiscentiis

81 677 263 746 carnalibus
283 675 499 740 lascivientem
522 675 652 740 mandat
666 674 810 740 abscindi
828 698 836 737 :
854 686 889 738 ut
912 674 996 740 oculi
1016 676 1114 740 nostri

80 798 166 853 recta
176 787 313 860 videant,
330 796 362 848 et
377 807 469 850 aures
481 796 596 848 nostrae
608 794 695 848 recta
711 783 854 859 audiant,
872 796 904 848 at
916 795 1024 872 gustus
1039 805 1114 850 nos-

82 908 129 960 ter
153 895 284 961 verbum
299 893 358 957 Dei
373 904 490 980 gustat,
512 914 690 979 manusque
706 904 822 957 nostrae
836 892 967 980 palpent
981 904 1012 958 et
1034 915 1114 959 con-

80 1005 201 1091 tingant
215 1003 254 1078 da
265 1000 372 1068 Verbo
387 1001 457 1066 Dei.
477 999 516 1064 Et
528 1001 591 1066 boc
605 1012 653 1064 est
669 1001 701 1065 in
716 1023 780 1086 quo
797 1003 969 1090 peremptis
983 1002 1112 1089 regibus

78 1111 334 1184 bladianitnrum,
351 1121 383 1174 et
402 1106 543 1174 scandali
562 1107 727 1174 affectibus
747 1111 929 1198 amputatis,
946 1122 1057 1198 regnat
1080 1112 1112 1174 in

77 1221 168 1287 nobis
187 1218 308 1307 justitia
326 1217 392 1305 ipse
407 1217 563 1282 Dominus
579 1230 687 1286 noster
703 1218 795 1284 Jesus
807 1218 965 1292 Christus,
976 1219 1030 1305 qui
1046 1218 1113 1283 lac-

80 1341 131 1394 tus
146 1341 194 1394 est
211 1328 302 1394 nobis
319 1327 437 1414 justitia
455 1349 472 1390 a
489 1327 570 1402 Deo,
583 1337 615 1390 et
629 1349 702 1414 pax,
714 1338 747 1391 et
762 1325 947 1414 redemptio.
963 1326 1062 1414 lgitur
1076 1347 1115 1392 ex

79 1449 238 1525 praecepto
256 1435 385 1505 Domini
401 1459 418 1500 a
435 1433 506 1505 filiis
525 1432 622 1502 lsrael
643 1436 815 1501 adversum
830 1433 1014 1500 bladianitas
1028 1433 1112 1502 bella
1222 1497 1234 1520 ‚

80 1544 224 1612 conlecta
240 1555 325 1619 sunt,
342 1542 440 1631 spolia
453 1567 492 1608 ex
503 1542 577 1631 ipsis
589 1543 715 1631 copiosa
731 1544 924 1618 referuntur,
939 1544 1006 1610 auri
1018 1555 1112 1630 atque

80 1655 216 1742 argenti,
237 1665 488 1742 caeterorumque
506 1652 674 1720 mobilium
694 1655 817 1742 pondus
840 1648 1113 1741 immensumqu-

77 1777 275 1837 mentcrnm‚
290 1763 552 1851 captivorumque
564 1783 716 1828 numerus
726 1761 892 1851 plurimus.
905 1761 1024 1828 Verum
1037 1786 1113 1851 quo·

77 1874 167 1940 niam
182 1881 298 1939 cuncta
314 1871 383 1938 baec
400 1870 486 1959 apud
507 1867 662 1936 lsra'e'litas
681 1871 846 1938 immunda
865 1872 1038 1948 ducuntur,
1052 1883 1112 1960 pu-

76 1982 215 2050 rificatio
241 1978 371 2069 singulis
396 1981 574 2068 quibusque
595 1993 780 2068 competens
800 1981 996 2047 adhibetur:
1020 1993 1053 2046 et
1075 2003 1111 2047 ea

77 2091 210 2179 quidem
224 2111 295 2176 quae
310 2112 349 2154 ex
364 2088 498 2156 metallis
515 2101 674 2164 constant,
688 2090 767 2178 ignis
779 2089 942 2178 purilicat;
958 2113 1028 2177 quae
1039 2113 1113 2157 vero

78 2199 240 2287 fragiliora
255 2209 340 2273 sunt,
356 2211 388 2264 et
404 2199 510 2287 ignem
525 2221 589 2264 non
601 2199 720 2273 serunt,
730 2222 811 2286 aqua
823 2183 983 2287 purificari
996 2202 1112 2286 juben-

79 2321 146 2372 tur.
163 2307 258 2372 Fiunt
268 2329 342 2395 ergo
356 2329 396 2372 ex
411 2309 559 2374 omnibus
576 2307 694 2395 spoliis,
708 2308 842 2395 aequales
858 2308 928 2373 duae
943 2321 1060 2396 partas,
1078 2321 1116 2373 ut

77 2440 146 2483 una
165 2415 204 2481 sit
219 2438 329 2481 eorum
346 2417 399 2504 qui
423 2416 463 2482 ad
481 2413 602 2482 belluin
623 2397 855 2504 processerant,
873 2429 905 2481 et
921 2417 986 2481 alia·
1001 2439 1113 2483 eorum

38 2559 45 2570 ·
73 2527 136 2615 qui
158 2525 191 2590 in
211 2525 321 2592 castris
337 2525 529 2618 resederant.
547 2525 707 2591 Jubentur
725 2528 822 2590 etiam
840 2549 879 2590 ex
899 2526 935 2589 iis
951 2525 1065 2591 offerre
1082 2527 1113 2591 in

73 2637 166 2701 dona
178 2633 236 2699 Dei
248 2655 256 2696 τ
267 2631 312 2702 illi
324 2633 452 2719 quidem
465 2634 519 2720 qui
528 2647 747 2722 processerant
759 2634 800 2698 ad
811 2632 942 2709 bellum,
953 2657 1052 2699 unum
1066 2657 1116 2700 ca·

69 2757 139 2834 put
150 2765 190 2810 ex
204 2741 403 2831 quingentis3
424 2741 467 2806 illi
482 2745 620 2830 raroqui
633 2744 787 2808 incastris
803 2755 996 2818 manserant,
1014 2767 1114 2810 unum

68 2877 119 2922 ex
135 2852 361 2942 quinquaginta
379 2875 387 2918 ι
407 2864 503 2939 atquc
518 2854 662 2919 omnium
682 2852 776 2918 simul
797 2853 829 2918 in
847 2876 945 2918 unum
962 2852 1113 2920 collectus

67 2983 232 3030 numerus
253 2959 396 3026 refertur.
418 2961 494 3026 Haec
508 2972 555 3025 est
571 2961 708 3026 historiae
725 2962 931 3027 continentia.

124 3071 191 3138 Sed
203 3069 363 3135 videamus
374 3070 451 3157 quid
461 3069 494 3134 in
506 3069 543 3134 iis
556 3089 665 3134 sensus
681 3068 801 3133 indicet
815 3066 995 3154 spiritualis.
1010 3070 1047 3134 ln
1059 3091 1114 3157 po-

65 3178 158 3274 pulo
179 3179 237 3245 Dei
260 3190 334 3242 sunt
348 3177 490 3265 quidam,
507 3178 588 3243 sicut
605 3175 774 3265 Apostolus
794 3176 885 3251 dicit,
907 3177 962 3264 qui
979 3177 1115 3246 militant

64 3287 172 3360 Dco¹
190 3311 199 3351 ι
218 3285 276 3361 ἰΙΙί,
289 3287 357 3352 sine
369 3286 478 3362 dubio,
496 3287 598 3374 quise
613 3310 677 3352 nun
688 3285 829 3374 obligant
844 3286 975 3374 negotiis
992 3286 1115 3353 secula-
1227 3319 1231 3328 ·

65 3401 174 3466 ribus
188 3421 195 3460 :
209 3397 300 3462 alieti
315 3408 390 3461 sunt
401 3397 455 3482 qui
467 3397 644 3484 procedunt
657 3395 699 3484 ad
709 3393 842 3469 bellum,
855 3406 887 3460 ct
901 3408 1044 3483 pugnent
1054 3396 1113 3460 ad-

63 3529 194 3576 versus
205 3517 310 3593 gentes
319 3504 475 3579 inimicas,
485 3518 516 3570 et
528 3505 696 3574 adversum
705 3503 881 3594 spirituales
894 3489 1115 3594 nequitias‘pre

63 3611 352 3703 reliquopopulo,
365 3625 397 3677 et
413 3637 470 3700 pro
482 3612 518 3679 iis
530 3615 582 3700 qui
596 3612 785 3680 infirmiores
797 3622 883 3688 sunt,
895 3613 960 3677 sive
972 3635 1028 3702 per
1036 3625 1115 3679 aota-

56 3746 161 3802 tem,
179 3723 244 3788 sive
258 3745 316 3811 per
331 3744 454 3798 sexum,
470 3723 534 3788 siva
549 3745 606 3810 per
620 3723 828 3811 propositum.
848 3705 992 3810 Pugnant
1006 3736 1114 3787 autem

51 3836 131 3906 isti
153 3832 352 3899 orationibus
374 3844 407 3898 et
422 3832 563 3920 jejuniis,
584 3831 702 3919 justitia
726 3843 760 3898 et
779 3831 908 3919 pictate,
932 3842 1114 3898 mansuetu-

112 3966 122 4012 l
139 3963 230 4012 r'rim.
243 3961 308 4022 eqd.
