2744 4600
385 293 417 336 m
443 294 583 338 uuunnos
607 293 737 338 nonius
761 297 843 339 xxvr.
1065 278 1127 362 559

103 433 163 486 tunt
182 414 376 490 detruditur,
391 415 444 500 qui
465 413 551 479 arida
566 413 746 479 nominatus
761 428 819 479 est.
839 415 938 480 Antea
954 418 1040 482 enim
1062 441 1124 485 non

103 532 155 595 luit
178 529 209 594 iu
234 524 336 599 eride,
357 524 412 588 sed
434 525 465 587 in
487 533 580 588 terro.
600 523 765 589 Paradisus
781 545 919 610 nemque
942 547 1006 590 non
1026 539 1073 590 est
1093 527 1125 590 in

102 639 194 713 eride,
209 637 265 701 sod
280 635 313 699 in
329 643 423 698 terra.
442 632 505 697 Sed
522 645 554 698 et
570 635 741 700 mansuetis
758 634 845 720 quod
856 635 1048 721 repromittit
1064 636 1126 698 Do·

104 750 201 816 minus
215 746 248 812 in
263 743 445 832 Evangelio,
458 755 583 809 nonest
598 743 697 818 aride,
711 745 766 807 sod
779 756 860 808 terre
873 766 881 807 ε
896 744 1008 808 «Beati
1019 745 1122 817 enim,

104 860 247 946 »inquit
264 856 432 931 mausueti,
452 853 602 941 quoniam
617 852 677 941 ipsi
693 851 926 916 hereditabunt
941 850 1089 915 terram¹.
1105 878 1128 913 ι,

103 970 141 1034 h't
155 970 266 1032 iterum
282 967 315 1031 in
332 963 516 1052 Evangelio,
534 985 641 1028 semen
657 962 744 1048 quod
758 961 811 1026 dat
826 960 967 1026 fructum
989 959 1126 1024 centesi-

102 1101 198 1152 mum,
210 1076 452 1164 sexagesimum,
462 1087 495 1140 et
506 1072 734 1148 tricesimum²,
747 1084 829 1136 terra
842 1071 958 1136 dicitur
967 1091 1048 1144 esse,
1062 1075 1126 1132 noh

100 1188 193 1254 arida.
206 1187 248 1252 Et
258 1198 335 1275 puto
351 1186 423 1271 quie
434 1185 595 1274 proiectus
611 1183 741 1271 quidam
757 1183 797 1246 sit
809 1183 847 1247 eh
859 1180 944 1246 eride
958 1180 997 1243 ed
1009 1190 1125 1245 terram

100 1294 256 1368 veniendi,
274 1295 356 1358 sieut
371 1305 403 1356 et
419 1292 579 1380 proiectus
594 1292 723 1379 quidem
734 1291 793 1356 luit
810 1303 843 1354 ut
858 1290 926 1355 haee
942 1287 1026 1353 urida
1044 1299 1126 1352 terre

103 1414 274 1467 vocaretur.
294 1401 413 1465 Omnes
433 1400 519 1464 enim
538 1423 608 1475 nos,
625 1399 729 1463 donec
750 1397 938 1463 infructuosi
957 1419 1078 1470 sumus,
1095 1407 1128 1460 ot
1220 1473 1221 1476 Ἴ

103 1508 223 1574 nullum
238 1509 361 1597 justitiae
376 1508 531 1584 fructum,
545 1506 668 1573 nullum
685 1507 857 1595 pudicitiae,
870 1505 992 1572 nullum
1002 1504 1127 1594 pietatis

103 1617 271 1694 efferimus,
288 1621 372 1684 eride
389 1642 508 1684 sumus.
527 1618 561 1684 Si
582 1629 689 1684 sutem
709 1617 917 1704 nosmetipsos
937 1616 1127 1704 ceperimus

102 1726 255 1802 excolere,
271 1739 303 1792 et
319 1728 360 1792 ed
374 1727 528 1794 virtutum
544 1725 667 1814 frugem
683 1726 806 1790 desides
827 1727 948 1790 enimus
963 1726 1125 1799 suscitare,

100 1851 181 1904 terre
202 1838 359 1904 efficimur
373 1861 411 1904 ex
431 1839 532 1914 aride,
555 1861 624 1925 quae
648 1838 734 1903 rerhi
756 1837 813 1902 Dei
836 1847 983 1924 suscepto
1006 1837 1127 1900 semine

98 1947 166 2014 laeta
177 1949 267 2036 fruge
279 1946 479 2036 multiplicet.
495 1951 551 2015 Est
561 1969 638 2037 ergo
649 1948 794 2035 quaedem
808 1947 905 2012 etiem
916 1947 947 2010 in
960 1967 1056 2034 regno
1069 1945 1126 2010 Dei

99 2071 194 2134 terra,
210 2081 280 2146 quae
296 2059 468 2124 mansuetis
481 2059 723 2147 repromittitur,
735 2070 767 2121 et
779 2069 861 2122 terra
874 2079 943 2144 que
955 2057 1126 2122 viventium

99 2167 292 2243 nominatur,
305 2178 337 2233 et
352 2177 436 2232 terra
449 2167 481 2232 in
494 2165 622 2231 excelsis
637 2167 752 2254 posita,
767 2166 805 2230 de
819 2187 881 2253 que
893 2165 1065 2252 adjustum
1084 2165 1127 2230 di·

102 2272 147 2338 cit
156 2272 309 2361 Propheta
323 2298 331 2339 ε
344 2300 357 2334 c
370 2275 410 2338 Et
420 2272 569 2340 exultabit
580 2287 612 2340 te
624 2287 660 2339 ut
671 2275 835 2342 haeredites
849 2274 1019 2342 terrsm⁸.s
1035 2274 1127 2340 Istius

98 2403 177 2470 ergo
190 2393 279 2457 terrae
289 2383 520 2459 hereditatem,
531 2396 736 2472 posteaquam
748 2385 788 2450 de
799 2384 910 2450 mundi
923 2383 1017 2471 hujus
1026 2381 1128 2471 AEgy-

95 2501 155 2579 pto
162 2490 284 2566 exierit,
293 2493 361 2556 Deo
370 2491 503 2558 credens
513 2493 617 2558 anima
631 2495 857 2581 consequitur:
871 2506 903 2559 et
913 2493 988 2559 olibi
1000 2493 1128 2580 quidem

94 2601 118 2666 ii
131 2601 186 2688 qui
199 2603 257 2666 suh
270 2601 354 2690 Lege
369 2601 524 2678 vixerunt,
540 2601 613 2668 nlihi
627 2616 733 2668 autem
747 2604 799 2691 qui
812 2627 869 2699 per
879 2604 955 2669 lesu
968 2603 1084 2669 Christi
1095 2603 1131 2668 fi-

94 2710 172 2776 dem
187 2723 220 2776 et
235 2711 368 2799 gratiam
385 2710 554 2799 dispensati
572 2721 654 2778 sunt.
674 2710 901 2778 Verumtamen
917 2712 937 2776 ii
950 2712 1003 2799 qui
1020 2713 1130 2778 viden-

94 2832 152 2884 tur
162 2819 270 2907 primi,
286 2831 319 2884 et
330 2842 387 2906 per
398 2817 506 2884 Mosen
520 2820 704 2908 dispensati,
721 2843 785 2886 non
798 2821 884 2910 prius
896 2833 1132 2907 consequentur

93 2929 318 2994 haereditatem
333 2929 392 2994 sihi
411 2929 584 3004 decretam,
600 2951 695 3015 quam
710 2929 817 2995 Mosco
834 2931 914 2995 duce
932 2941 1131 3004 meruerunt,

94 3039 159 3104 nisi
174 3050 208 3104 et
223 3039 282 3127 ipsi
300 3049 462 3106 transeant
478 3061 552 3105 cum
571 3039 608 3104 iis
625 3061 704 3125 quos
720 3039 812 3105 lesus
827 3040 999 3126 dispenset,
1011 3051 1043 3104 et
1056 3063 1133 3129 pug-

92 3159 177 3214 nent
197 3170 272 3212 oum
294 3148 339 3213 eis
362 3159 472 3213 contra
488 3148 646 3224 inimicos,
668 3161 699 3212 et
717 3147 876 3214 collocent
888 3171 942 3214 eos
958 3151 990 3214 in
1005 3150 1131 3214 sedibus
1200 3155 1205 3167 ”

93 3255 165 3321 suis
173 3279 182 3328 ς
193 3267 226 3320 et
234 3255 276 3320 ite
289 3256 347 3344 ipsi
356 3270 592 3344 consequentur
604 3257 823 3323 haereditatem
832 3281 925 3345 quam
937 3257 1043 3324 Mosco
1052 3259 1133 3323 duce

96 3377 297 3430 meruerunt.

147 3470 203 3538 Vl.
219 3472 280 3538 Sed
288 3474 357 3539 haeo
365 3473 423 3538 nisi
432 3495 472 3537 ex
480 3471 772 3562 Scripturisdivinis
782 3474 1011 3561 approbentur,
1020 3474 1133 3540 luhulae

94 3581 304 3646 videbuntur.
320 3581 436 3647 Prtulus
445 3606 521 3671 ergo
532 3584 647 3649 horum
660 3584 857 3672 producatur
869 3583 901 3648 in
916 3583 1058 3649 medium
1070 3585 1136 3650 ido-

87 3715 178 3759 neus
191 3692 292 3768 testis,
305 3693 403 3780 quiin
417 3693 554 3782 Epistola
568 3675 608 3759 ed
622 3695 785 3768 Hehraeos,
796 3693 850 3758 uhi
864 3694 1014 3759 describit
1026 3717 1134 3759 omnes

84 3801 167 3870 illos
179 3801 304 3878 Patres,
312 3813 345 3867 et
355 3801 565 3888 Putrierches,
582 3827 619 3870 ec
631 3803 816 3890 Prophetes,
827 3803 880 3889 qui
892 3802 1058 3890 perfidem
1070 3801 1134 3889 pla-

123 3935 132 3967 ¹
147 3933 242 3981 Matth.
258 3949 280 3992 v,
291 3932 315 3990 4.
330 3963 357 3969 --
371 3932 381 3965 ²
394 3909 432 3981 ld.
447 3949 497 3980 triu.
511 3963 538 3970 —-
551 3932 560 3965 ³
574 3933 636 3981 Psnl.
652 3948 747 3991 xxxvii,
762 3933 802 3989 hl.
