2660 4610
322 321 354 363 nr
380 319 542 364 caurrcnu
565 319 767 364 caurrconuu
790 320 850 364 urs.
879 323 901 362 1.
1067 301 1130 386 595

86 440 120 503 in
137 437 198 513 eis,
214 435 267 503 illa
284 436 407 504 scilicet
425 439 570 506 doctriua
586 461 655 526 quae
670 437 774 527 palam
789 450 858 515 est,
871 451 905 504 et
919 437 1057 505 laetificat
1074 465 1132 506 au-

86 545 223 610 dientes.
243 545 333 612 Boua
348 567 424 634 ergo
440 557 514 612 sunt
528 547 627 610 ubera
642 544 760 633 sponsi.
783 543 937 610 Thesauri
955 544 1041 610 enim
1058 557 1133 610 sunt

89 653 250 742 sapientise
264 665 297 716 et
311 652 450 718 scientiae
471 654 503 720 in
525 675 564 718 eo
585 651 784 724 absconditi:
808 651 863 742 qui
884 673 959 716 cum
982 652 1084 740 aperti
1099 665 1133 716 et

90 760 221 827 revelati
236 761 352 826 suerint
367 760 466 828 oculis
479 785 619 850 sponsae,
632 759 734 830 multo
749 760 983 848 praestantiores
994 761 1023 824 ei
1042 761 1130 826 vide-

91 872 215 936 buntur
228 889 322 957 quam
338 870 397 934 suit
414 870 501 958 prius
513 870 598 934 istud
610 869 718 934 vinum
735 867 827 955 Legis
838 877 871 930 et
887 867 1040 932 doctrinae
1055 891 1134 955 pro-

85 977 234 1068 pbeticae.
254 976 318 1042 Sed
333 989 366 1042 et
381 978 405 1042 si
423 977 547 1048 tertiana
563 976 791 1066 expositionem
803 975 843 1040 de
854 975 958 1040 anima
970 975 1131 1063 perfecta,

84 1097 119 1152 et
138 1087 236 1151 verbo
247 1085 304 1150 Dei
321 1087 436 1152 sentire
448 1087 641 1162 debeamus,
655 1105 822 1173 possumus
834 1083 941 1149 dicere
956 1107 963 1148 :
978 1083 1050 1170 quia
1063 1084 1133 1170 quis

85 1191 192 1256 donoe
207 1188 356 1277 parvulus
370 1203 437 1267 est,
453 1203 486 1255 et
500 1191 643 1256 noudum
660 1189 865 1277 semetipsum
875 1212 913 1254 ex
935 1190 1059 1278 integro
1071 1192 1132 1255 ob.-

86 1297 161 1372 tuiit
172 1299 241 1364 Deo
252 1348 262 1374 ‚
274 1299 356 1372 bibit
367 1300 476 1366 vinum
491 1301 578 1386 quod
590 1299 681 1364 affert
697 1320 770 1387 ager
785 1296 854 1373 iile,
871 1300 924 1385 qui
940 1297 1038 1364 babet
1048 1300 1132 1372 intra

90 1429 124 1471 se
139 1404 235 1471 etiam
250 1405 435 1472 thesaurum
453 1406 692 1481 absconditum,
714 1418 747 1470 et
763 1407 874 1478 bibens
894 1405 1074 1471 laetificatur
1092 1429 1133 1479 err

90 1515 175 1579 vino.
193 1515 276 1579 Cum
296 1526 402 1579 autem
417 1512 569 1585 obtulerit
583 1525 616 1579 et
634 1513 795 1579 devoverit
817 1513 1022 1601 semetipsum
1042 1514 1130 1590 Deo,

93 1643 132 1688 ao
147 1623 308 1688 Nauaraeus
324 1622 581 1699 fueriteffectus,
598 1635 692 1709 atque
703 1622 857 1687 invenerit
870 1620 1054 1686 thesaurum
1064 1621 1134 1685 aba

91 1729 274 1805 conditum,
287 1730 372 1795 etad
392 1731 457 1820 ipsa
470 1731 567 1795 ubera
582 1731 747 1818 sontesque
758 1729 936 1818 pervenerit
947 1728 1034 1794 verbi
1054 1727 1131 1803 Dei,

88 1837 200 1902 vinum
215 1849 247 1901 et
263 1837 394 1903 siceram
407 1836 550 1925 jamnon
563 1836 672 1912 bibet,
688 1837 796 1902 diceus
813 1836 852 1902 ad
866 1836 972 1924 ipsum
986 1834 1045 1900 Dei
1060 1857 1133 1898 vers

84 1946 168 2010 bum
183 1945 223 2009 de
238 1943 287 2009 bis
302 1943 458 2010 thesauris
467 1985 484 2021 ,·
493 1946 547 2033 qui
563 1945 596 2011 in
616 1945 684 2034 ipso
700 1944 838 2014 scientiae
857 1955 889 2008 et
908 1943 1070 2032 sapientiae
1084 1965 1134 2007 re«

84 2051 210 2118 conditi
226 2063 322 2116 suntr
346 2053 453 2132 «Quia
465 2053 550 2119 bona
569 2065 644 2117 aunt
658 2055 757 2117 ubera
772 2064 828 2116 tua
845 2074 941 2139 super
955 2053 1064 2116 vinum
1075 2050 1096 2114 ¹.
1113 2079 1127 2114 a

85 2161 172 2226 Sunt
187 2171 295 2228 autem
317 2171 479 2248 unguenta
496 2160 642 2248 quaedam
666 2159 790 2249 sponsi,
810 2181 947 2246 quorum
964 2158 1134 2246 fragrantia

86 2267 246 2334 delectata
257 2279 307 2333 est
316 2291 448 2357 sponsa,
461 2280 494 2333 et
505 2268 583 2343 dicit
597 2291 605 2332 ε
630 2293 642 2328 ι
654 2267 744 2332 Odor
756 2278 992 2355 unguentorum
1002 2277 1134 2330 tuorum

89 2397 208 2464 »super
231 2377 338 2442 omnia
360 2375 560 2443 aromatat»
587 2375 738 2443 Aromata
759 2375 879 2464 species
900 2386 974 2440 sunt
991 2375 1135 2464 pigmen-¹

83 2496 210 2550 torum.
235 2485 357 2574 Sponsa
380 2497 487 2550 autem
505 2484 617 2551 babuit
637 2484 808 2571 quemdam
829 2505 923 2548 usum
937 2494 970 2546 et
991 2483 1136 2554 notitiam

84 2605 288 2669 aromatum,
301 2593 364 2658 boc
378 2605 444 2670 est,
461 2594 734 2682 verborumchis
750 2604 783 2658 et
800 2589 1048 2680 prophetarum,
1066 2589 1136 2676 qui·

83 2703 151 2766 bus
163 2713 238 2766 ante
255 2699 427 2768 adrentum
445 2702 551 2789 sponsi
568 2701 772 2766 mediocriter
787 2697 878 2774 licet,
897 2697 1010 2764 instrui
1027 2709 1136 2762 tamen

86 2809 271 2885 ridebatur,
283 2821 315 2874 et
329 2810 470 2874 exerceri
487 2801 526 2878 a'd
538 2807 661 2874 cultum
673 2810 749 2884 Dei,
765 2818 873 2895 utpote
886 2803 1014 2894 parvula
1028 2804 1136 2870 adbuc

82 2929 123 2983 et
142 2917 202 2982 sub
220 2917 418 2982 curatoribus
433 2927 465 2980 et
486 2917 645 2982 actoribus
661 2938 755 3004 egens
774 2926 806 2978 et
822 2913 997 3002 paedagogis
1014 2938 1059 2978 :u
1071 2914 1137 2978 Lex

84 3023 194 3088 »enim
212 3024 399 3113 paedagogus
416 3035 524 3090 noster
543 3024 602 3088 suit
622 3023 663 3088 ad
685 3007 883 3089 Christum³.
899 3048 912 3082 a
931 3022 1006 3088 Haec
1029 3033 1137 3088 autem

85 3132 199 3199 omnia
213 3143 353 3198 aromata
364 3131 509 3208 fuerant,
523 3131 555 3196 in
569 3133 684 3218 quibus
697 3131 810 3195 nutriri
821 3131 886 3194 visa
898 3141 965 3204 est,
978 3141 1011 3193 et
1020 3151 1138 3216 sponso

87 3263 153 3306 suo
168 3239 336 3328 praeparari
343 3238 364 3303 ⁴.
380 3239 443 3304 Sed
461 3239 514 3304 ubi
527 3239 614 3304 venit
628 3237 793 3327 plenitudo
808 3249 989 3325 temporum
1006 3248 1038 3302 et
1057 3236 1139 3302 ado«

89 3349 172 3415 levit
187 3361 279 3435 atque
298 3348 496 3436 unigenitum
511 3370 604 3412 suum
619 3359 710 3434 pater
728 3347 847 3434 Spiritu
867 3347 986 3411 Sancto
1003 3357 1136 3412 unctum

87 3456 182 3525 misit
203 3457 235 3520 in
256 3457 343 3522 bunc
367 3457 548 3530 mundum¹
570 3454 700 3520 odorata
727 3477 840 3542 sponsa
864 3453 960 3520 dirini
985 3451 1137 3540 unguenti

84 3567 318 3658 fragrantiam,
337 3567 539 3654 sentiensque
560 3565 645 3653 quod
668 3563 720 3636 illa
737 3565 842 3630 omnia
863 3575 1002 3630 aromata
1022 3563 1138 3649 quibus

83 3673 184 3764 prius
198 3695 253 3736 usa
270 3671 435 3736 videbatur
450 3670 542 3759 lon'ge
561 3669 707 3735 inferiora
725 3669 787 3734 sint
807 3669 848 3738 ad
868 3665 1140 3758 comparationem

83 3778 258 3846 suavitatis
275 3777 348 3842 nori
365 3777 461 3865 hujus
477 3791 509 3842 et
524 3775 660 3843 coelestis
683 3777 832 3864 unguenti
845 3825 854 3850 ,
866 3776 932 3840 ait:
955 3772 1068 3840 «Odor
1085 3795 1141 3848 uus

128 3927 138 3962 ¹
152 3929 229 3982 Cant.
242 3947 265 3994 r,
281 3949 344 3981 a.-
363 3926 450 3979 ²1bid.
464 3927 488 4000 3.
501 3957 532 3968 -
545 3925 646 3979 'Galat
657 3947 692 3992 ιν,
708 3947 769 3979 1.-
782 3925 792 3957 ⁶
805 3929 841 3977 Id.
859 3942 906 3988 ιιι,
918 3929 959 3996 ai.
