2660 4610
314 301 346 342 ru
372 299 533 341 canrrcuu
557 297 759 340 nauricoruu
784 297 844 339 nra.
875 298 907 339 u.
1065 279 1132 362 bno

85 419 220 489 visibilis
234 419 359 507 stringit
373 432 405 482 ot
420 418 566 491 induret,
584 418 625 482 ite
642 415 688 482 sol
702 417 829 504 justitie
845 417 893 482 bis
906 417 1025 482 eisdem
1038 419 1133 484 rasfiis

87 532 209 618 quibus
222 527 422 594 illuminabat
432 525 587 615 populum
602 523 720 601 lsrael,
737 525 910 592 Pharaonis
926 549 981 591 cor
997 528 1049 592 eui
1069 527 1135 593 iue-

91 652 166 706 rent
180 637 273 723 lutere
284 635 489 724 cogitationes
504 658 563 722 pro
575 634 649 721 ipsis
665 645 812 698 motuum
827 657 958 700 suorum
977 634 1134 723 qualitati-

91 754 156 816 bus
177 749 354 814 indurabat.
379 747 455 811 llaeo
477 758 582 812 autem
602 745 689 832 quod
708 746 752 811 ita
774 769 807 809 se
829 745 985 821 habeant,
1013 758 1044 810 et
1068 769 1133 810 uon

93 877 299 925 communem
315 853 369 939 (ut
381 852 562 918 bominibus
577 851 722 940 videtur)
741 852 905 918 historiam
924 851 1059 919 famulus
1075 853 1134 918 Dei

90 989 152 1054 per
163 965 317 1052 Spiritum
328 963 482 1028 Sanctum
494 960 630 1036 scribet,
643 961 821 1026 ostenditur
830 960 925 1026 etiam
938 961 1012 1026 indu
1024 1009 1033 1036 ,
1049 963 1135 1048 qnotl

89 1071 147 1136 ubi
163 1068 261 1134 refert
279 1066 468 1154 ingemuisse
486 1063 567 1130 srlios
587 1062 699 1137 lsrael,
720 1087 786 1130 uon
800 1064 878 1130 dioit
893 1087 912 1130 a
926 1063 1013 1140 luto,
1029 1085 1134 1152 neque

90 1202 109 1242 a
132 1176 252 1251 latere,
274 1195 377 1261 neque
398 1197 416 1239 o
438 1170 534 1260 paleis
554 1172 745 1259 ingemuisse
766 1194 841 1245 eos,
863 1171 918 1238 sed
937 1174 977 1236 ob
998 1171 1134 1257 operibm

89 1286 171 1360 suis,
188 1284 302 1371 inquit.
312 1285 357 1348 ‘Et
372 1302 522 1348 rursum:
545 1281 610 1346 «Et
625 1279 765 1350 aseendit
777 1311 790 1354 ,v
806 1279 921 1365 inquit,
942 1279 1065 1346 elamor
1078 1305 1135 1346 eo·

91 1417 189 1460 »rum
208 1392 250 1458 ad
264 1393 366 1456 Deum
378 1389 402 1454 ¹.
419 1419 432 1452 ι
450 1388 521 1456 Νοη
538 1387 615 1454 dixit
631 1411 648 1454 a
663 1386 733 1452 luto
746 1399 780 1454 et
792 1386 908 1462 latere,
927 1389 982 1453 sed
997 1389 1132 1464 iterum,

91 1506 134 1569 ob
147 1501 283 1588 operibus
304 1498 376 1564 suis.
394 1498 528 1585 Propter
546 1495 632 1583 quod
647 1507 680 1560 et
697 1495 861 1584 subjungit
881 1518 889 1560 s
909 1497 992 1576 eria
1013 1519 1136 1561 uexaun

96 1611 195 1676 ‚uvis
204 1607 361 1673 Dominus
374 1604 511 1692 gemitus
525 1603 669 1690 ipsorum
678 1600 700 1666 ².
717 1631 729 1662 ι
750 1603 833 1667 Cum
846 1604 955 1689 utique
967 1625 1031 1668 nou
1043 1625 1137 1670 exau·

98 1719 166 1784 diu
180 1737 286 1781 eorum
302 1713 477 1802 gemitum,
493 1709 549 1798 qui
563 1733 627 1774 nou
645 1709 845 1797 exoperibus
859 1710 923 1775 suis
943 1710 1080 1777 clament
1095 1714 1135 1778 ad

94 1824 278 1892 Dominum.
298 1823 373 1885 Hsro
385 1818 528 1905 quamvis
540 1840 598 1905 per
607 1839 772 1883 excessum
791 1817 875 1882 diota
891 1819 1070 1894 videantur,
1086 1831 1136 1884 ts-

92 1941 169 1999 meu
184 1929 329 1996 locorum
345 1927 582 2016 opportunitate
595 1925 783 1990 summoniti
798 1947 997 2013 nequaquam
1016 1927 1137 2014 judiea-

92 2041 198 2105 rimus
209 2028 402 2109 omittenda,
412 2020 549 2100 maxime
562 2055 636 2097 eum
648 2033 786 2098 babeant
797 2031 917 2120 aliquid
925 2033 1137 2100 similitudinis

95 2151 137 2216 sd
157 2149 221 2214 boo
240 2147 325 2234 quod
346 2146 425 2210 dicit
446 2144 515 2209 brec
537 2165 606 2230 quse
625 2142 781 2208 infuscata
799 2155 849 2208 est
871 2145 944 2230 quia
962 2147 1139 2233 despexerit

93 2281 166 2324 mm
181 2255 246 2331 sol,
263 2254 350 2342 quod
366 2253 475 2346 utique
488 2250 666 2315 ostenditur
679 2250 724 2314 ibi
741 2250 902 2326 accidere,
920 2251 974 2317 ubi
990 2263 1140 2340 peoeatm

97 2387 170 2431 rum
180 2387 275 2430 eausa
287 2360 437 2450 praeeedit
452 2382 460 2422 :
474 2370 508 2423 et
521 2357 565 2422 ibi
578 2357 727 2423 iulusoari
739 2355 787 2421 rel
800 2358 890 2422 aduri
903 2357 1041 2445 aliquem
1052 2359 1137 2436 sole,

98 2474 153 2538 ubi
175 2471 298 2560 pesesti
313 2467 446 2533 materia
461 2465 612 2530 subsistit.
634 2465 694 2529 Ubi
710 2483 787 2528 vero
801 2487 866 2530 nou
882 2478 928 2530 est
948 2479 1136 2554 peceatum,

95 2581 142 2648 sol
159 2601 264 2667 neque
281 2577 414 2644 adurere
430 2575 565 2647 dicitur,
590 2593 693 2660 neque
707 2573 882 2649 infuscare,
899 2575 982 2640 siout
999 2577 1040 2642 de
1054 2579 1139 2663 justo

97 2690 234 2756 refertur
249 2689 281 2752 in
293 2684 444 2775 psalmis:
467 2683 551 2746 «Per
563 2681 648 2746 diem
660 2679 706 2744 sol
724 2703 787 2745 non
802 2694 872 2746 uret
885 2693 932 2758 te,
949 2707 1053 2772 neque
1063 2683 1138 2751 luna

95 2821 177 2887 »per
195 2793 352 2861 noctem⁸.
369 2819 382 2852 ι
401 2789 497 2855 Vides
515 2811 592 2877 ergo
607 2789 678 2875 quia
700 2800 826 2854 sanetus
841 2791 873 2854 iu
895 2791 1012 2878 quibus
1026 2813 1138 2880 pecea-

93 2921 206 2972 torum
221 2901 306 2968 nullu
320 2921 415 2966 eausa
431 2910 498 2972 est,
523 2895 571 2961 sol
590 2917 752 2983 uunquam
770 2895 886 2961 adurit.
906 2897 946 2962 Ut
961 2901 1046 2965 enim
1062 2901 1139 2966 ‹lixi-

96 3035 191 3087 mus,
217 3007 350 3097 duplicis
370 3005 495 3071 rirtutis
515 3015 564 3068 est
584 3002 630 3068 sol
652 3027 660 3067 τ
686 3004 785 3091 justos
811 3006 939 3091 quidem
962 3007 1138 3086 illuminat,

1 3101 2 3114 ¹
96 3125 282 3211 pec'oatores
297 3136 373 3181 vero
389 3135 453 3178 noo
466 3110 643 3186 illuminet,
661 3111 716 3176 sed
732 3112 855 3187 adurit,
873 3116 1022 3201 quoniam
1035 3129 1067 3182 et
1082 3118 1143 3205 ipsi

97 3230 238 3294 oderunt
259 3224 385 3297 lucem,
407 3221 481 3308 quia
503 3217 585 3284 mole
609 3231 717 3306 egunt.
743 3217 885 3308 Denique
904 3222 947 3288 ob
970 3223 1033 3290 hoe
1056 3223 1143 3290 Deus

1 3309 2 3328 l
101 3347 210 3402 noster
224 3333 305 3423 ignis
319 3331 436 3396 dieitur
450 3349 519 3392 esse
539 3349 750 3402 consumens,
767 3339 800 3392 et
819 3328 1024 3397 nibilominus
1039 3330 1094 3397 lux
1109 3334 1143 3399 in

101 3465 171 3532 qrso
184 3442 320 3507 tenebre
335 3461 400 3503 non
414 3434 519 3502 sunt‘.
535 3435 603 3499 Lux
618 3433 685 3498 siue
701 3433 799 3499 dubio
815 3437 924 3522 justis,
937 3452 969 3503 et
984 3440 1064 3529 iguis
1078 3440 1144 3505 effi-

99 3553 188 3620 eitur
199 3548 442 3639 peceatoribus,
457 3554 492 3608 ut
504 3553 674 3608 consumat
686 3542 718 3604 iu
731 3543 776 3605 eis
789 3564 884 3608 omne
895 3547 981 3632 (prod
992 3548 1024 3612 in
1040 3547 1144 3613 enims

94 3681 214 3727 eorum
229 3652 501 3743 corruptibilitatis
525 3663 580 3714 aut
600 3646 775 3738 fragilitatis
795 3651 960 3718 invenerit.
980 3655 1076 3734 Quod
1093 3679 1145 3720 au—

94 3785 167 3836 tem
180 3769 213 3832 in
226 3763 334 3831 multis
346 3761 512 3849 scripturas
523 3756 600 3824 locis
612 3768 645 3821 et
656 3755 702 3820 sol
714 3768 746 3820 et
757 3756 838 3846 ignis
849 3781 913 3825 non
925 3761 983 3825 iste
995 3760 1146 3838 visibilis,

136 3913 236 3963 ¹Esud.
246 3929 278 3972 rr,
294 3914 336 3958 23.
349 3901 478 3954 -21bisl.
492 3908 517 3966 4.
531 3899 771 3962 Apulum,
786 3903 812 3953 6.
825 3929 856 3942 ·-
868 3903 879 3936 ²
890 3907 962 3956 Dent.
975 3921 1011 3956 rr.
