2660 4610
321 289 353 332 na
380 289 766 334 carmenumnmconun
789 293 850 334 mn.
878 294 912 334 11.
1072 276 1132 350 44¹

95 421 174 498 puto
186 421 220 474 et
232 405 331 474 debis
346 430 416 496 quae
431 405 532 474 Judaei
548 409 580 477 in
595 407 784 477 salvatorem
800 411 1047 488 commiserunt,
1063 413 1137 478 nnl-

96 517 165 583 lum
188 513 450 604 evangelistarum
472 515 605 583 voluisse
628 518 793 594 scribere,
818 521 889 606 quin
912 521 1045 586 meridie
1069 521 1138 586 hace

98 637 187 711 gesta
202 635 274 688 sunt
292 645 367 688 cnm
385 623 491 710 utique
504 635 589 690 sexta
605 623 684 690 hora
699 648 764 690 non
781 624 865 691 aliud
876 649 972 712 quam
988 628 1138 696 meridia-

100 753 179 794 num
194 741 317 816 tempus
333 730 496 804 ostendat,
512 729 617 797 nullus
636 742 744 798 tamen
761 733 926 799 meridiem
948 735 1134 800 nominavit.

100 837 165 902 Sed
172 835 336 900 lllatthaeus
348 837 390 901 ita
402 837 499 901 dixit:
512 865 524 898 a
535 838 585 906 Ab
599 838 676 904 horn
688 850 794 904 autom
805 852 890 907 sexta
900 842 1040 907 tenebrae
1048 841 1139 907 factae

99 954 195 1007 ‚suut
206 966 301 1031 snper
313 965 441 1008 omnem
457 956 576 1010 terram
592 967 692 1032 usque
707 945 740 1010 in
750 945 863 1016 boram
876 971 994 1012 nonam
1004 947 1032 1012 ¹.
1052 974 1064 1008 a
1080 948 1141 1014 Lu«
1198 933 1204 947 ⁸

96 1073 151 1115 cua
167 1073 239 1114 vero
250 1073 258 1114 ε
270 1076 284 1111 a
296 1050 371 1114 Erat
382 1050 447 1137 jam
460 1051 547 1137 quasi
560 1050 756 1127 horamate,
770 1065 802 1117 et
815 1055 954 1120 tenebrae
965 1053 1057 1120 factm
1069 1066 1144 1119 sunt

97 1179 216 1245 »super
241 1179 370 1222 omnem
389 1168 506 1222 terram
529 1181 626 1245 usque
647 1158 680 1224 in
706 1158 818 1226 boram
839 1184 958 1228 nonam
973 1161 1143 1227 deficiente

99 1263 187 1330 »sole
197 1263 220 1328 ².
239 1291 253 1324 a
270 1263 334 1329 Sed
352 1275 384 1328 et
402 1263 551 1330 Marcus:
581 1264 698 1329 «Cum
720 1279 827 1332 autom
849 1280 930 1332 esset
951 1267 1033 1334 factu
1060 1269 1140 1334 hora

99 1383 228 1444 asarta,
249 1371 388 1436 tenchrae
403 1371 493 1440 factae
508 1383 582 1435 sunt
601 1393 696 1460 super
710 1395 839 1450 omnem
856 1386 973 1441 terram
992 1376 1142 1461 usquein

101 1476 235 1542 »horam
255 1476 403 1542 nonam⁸.
420 1477 539 1542 »Unde
562 1489 710 1566 apparet,
733 1480 807 1566 quia
825 1480 857 1544 in
876 1480 1053 1546 visitatione
1071 1483 1145 1568 qui-

105 1587 175 1652 dem
194 1585 349 1661 Abrahae,
375 1598 408 1651 et
425 1587 458 1651 in
478 1587 622 1653 convivio
643 1587 895 1676 patriarcharum
917 1591 1001 1678 apud
1023 1591 1144 1678 Josepb
1257 1647 1258 1654 ,

106 1715 172 1760 non
190 1693 348 1782 indigebat
366 1705 399 1760 ut
415 1705 539 1782 tempus
551 1694 635 1758 istud
646 1683 706 1758 sub
722 1695 851 1759 nomine
863 1695 940 1760 sexti
957 1697 1081 1761 numeri
1102 1697 1146 1762 si-

110 1797 324 1890 gnificaretur,
334 1801 389 1866 sed
402 1811 436 1865 ut
448 1800 593 1866 meridies
603 1800 1004 1870 dicoretur.Volobateni1n
1016 1825 1143 1890 sponsa,

105 1909 253 1995 quaejam
272 1920 351 1974 tunc
367 1908 399 1972 in
418 1906 477 1973 illis
499 1908 770 1984 adumbrabatur,
791 1909 912 1976 discere
928 1911 982 1982 nbi
997 1921 1144 2000 pasceret

102 2039 254 2104 sponsus,
267 2026 300 2080 et
311 2016 367 2080 ubi
385 2016 517 2082 baberet
529 2013 653 2090 cubile,
669 2028 701 2080 et
716 2017 788 2080 ideo
804 2017 969 2083 meridiem
985 2020 1140 2084 nominat.

105 2122 308 2212 Evangelistae
329 2145 401 2188 roro
423 2123 455 2188 in
472 2122 521 2188 bis
542 2146 611 2209 qnae
635 2124 806 2189 narrabant
823 2173 832 2199 ‚
848 2146 913 2190 non
935 2126 1145 2192 meridianum
1202 2187 1210 2205 ,
1255 2193 1256 2196 ,

103 2243 246 2319 tempus,
267 2231 322 2296 scd
339 2229 426 2295 horae
442 2241 536 2294 sextas
555 2250 724 2294 numerum
746 2230 973 2316 requirebant,
997 2233 1037 2298 ad
1051 2255 1146 2298 enar-

106 2340 239 2406 randum
257 2338 377 2405 scilicet
397 2337 588 2404 sacrificium
607 2337 718 2403 hostias
737 2339 824 2424 ojus,
841 2361 912 2426 quae
927 2337 1031 2404 oblata
1049 2353 1096 2405 est
1112 2342 1145 2411 in

106 2443 157 2508 die
171 2442 302 2510 Paschae
314 2465 372 2530 pro
389 2443 606 2530 redemptione
624 2440 780 2517 hominis,
798 2442 897 2529 quiin
913 2443 964 2508 die
982 2456 1067 2509 sexta
1080 2443 1147 2507 for-

102 2563 209 2619 matus
221 2562 268 2632 est
284 2551 401 2625 aDeo‚
418 2561 622 2638 posteaquam
634 2560 718 2646 terra
730 2530 879 2637 produxit
890 2550 1028 2616 animum
1042 2552 1146 2615 viven-

103 2670 170 2723 tem
182 2657 358 2724 secundum
373 2679 490 2744 genus,
508 2656 741 2743 quadrupedia,
757 2668 789 2720 et
805 2658 964 2744 repentia,
982 2669 1013 2722 et
1031 2659 1146 2723 bestias

104 2778 209 2830 terrae.
230 2765 281 2832 Ob
293 2765 356 2830 hoc
368 2763 462 2851 igitur
479 2763 511 2827 in
528 2763 675 2852 praesenti
687 2761 758 2828 loco
774 2761 944 2831 illuminari
958 2787 1072 2852 sponsa
1089 2766 1147 2829 de-

102 2873 222 2940 siderat
233 2871 328 2961 pleno
337 2872 474 2940 scientiae
487 2871 624 2947 lumine,
637 2895 678 2937 ne
688 2895 746 2960 per
760 2871 950 2959 imperitiam
965 2897 1091 2949 errans,
1110 2873 1142 2938 in

102 2979 213 3069 aliquo
226 2979 335 3045 similis
347 2979 503 3046 efficiatur
517 2978 577 3044 illis
589 2979 758 3046 doctorum
773 2978 907 3055 scholis,
921 3003 991 3066 quae
1006 3003 1071 3046 non
1087 3003 1146 3068 per

99 3087 207 3173 ipsam
218 3085 277 3152 Dei
289 3084 493 3173 sapientiam,
510 3084 566 3150 sed
576 3106 633 3171 per
648 3081 910 3171 pbilosophorum
922 3096 953 3148 et
965 3085 1145 3173 principum

1 3243 2 3251 ,
99 3194 201 3280 hujus
216 3193 325 3258 mnndi
341 3204 540 3258 exercentur.
561 3192 630 3256 lloc
645 3191 730 3260 enim
746 3201 778 3258 et
794 3190 962 3279 Apostolus
976 3193 1082 3258 dicere
1098 3193 1145 3256 vi-

104 3301 201 3365 detur
214 3301 247 3366 in
262 3323 301 3365 eo
314 3299 368 3366 ubi
381 3300 442 3374 ait,
456 3299 529 3385 quin
544 3323 557 3356 a
569 3297 730 3386 loquimur
742 3299 799 3365 Dei
807 3299 995 3392 sapientiam
1010 3299 1043 3364 in
1056 3322 1146 3386 mys-

2 3486 6 3494 *
104 3436 120 3468 ι
132 3407 211 3471 terio
228 3385 463 3482 absconditam,
488 3430 582 3494 quam
601 3429 697 3472 nemo
716 3407 896 3494 principum
913 3407 1010 3494 hujus
1034 3407 1146 3476 mnndi

100 3515 312 3604 »cognovit⁶.
332 3516 398 3580 »Et
412 3515 528 3578 iterum
545 3513 614 3580 haec
631 3514 743 3580 eadem
762 3514 935 3602 significat,
954 3536 1028 3582 cum
1044 3515 1143 3582 dicits

109 3624 211 3692 «Non
226 3625 312 3691 enim
327 3623 473 3711 spiritum
490 3621 713 3709 hujusmundi
729 3621 922 3708 accepimns,
932 3621 988 3685 sed
1001 3620 1145 3708 spiritum

137 3789 258 3841 ¹Mauh.
280 3805 373 3852 τινα,
396 3783 505 3845 t.5.··¹
520 3787 580 3837 Luc.
600 3803 683 3847 xuni,
708 3791 753 3848 44,
772 3787 813 3850 45.
829 3816 852 3827 w
873 3787 971 3838 lllluro.
995 3805 1045 3848 xv,
1061 3785 1144 3844 33.-=

92 3877 337 3946 *lCor.11,7‚8·
431 3933 436 3940 ,
