2744 4624
226 247 289 311 eo'
428 293 434 311 .
674 269 816 312 onvennts

230 413 246 452 a
264 400 360 476 puteo
377 387 500 452 visionis
516 386 697 476 aggreditur
713 386 789 452 alios
801 400 913 475 puteos
925 387 1062 475 aperires
1077 399 1109 452 et
1123 411 1188 453 non
1199 389 1261 478 pri·

231 520 318 562 urum
334 519 433 562 novos
450 508 574 584 puteos,
591 494 646 560 sed
660 519 739 582 quos
755 495 878 561 fuderat
893 508 984 584 pater
999 497 1068 582 ejus
1086 496 1258 563 Abraham.

229 605 269 670 Et
290 625 363 672 cum
387 605 517 670 fodisset
541 605 680 693 primum
703 616 850 692 puteum,
875 633 887 664 α
910 604 1009 670 Zelnti
1027 617 1114 679 sunt,
1135 608 1258 692 inquit,

225 743 243 776 -s
260 736 334 780 eum
353 715 520 781 Philistini.
539 717 609 782 »Aa
624 713 676 780 illa
700 713 768 780 zelo
790 737 901 781 eorum
925 737 989 780 non
1011 727 1059 778 est
1079 714 1260 789 deterritus,

231 847 291 891 nec
305 825 400 891 cessit
415 826 539 892 invidiae
552 848 560 889 :
575 825 631 891 sed
647 825 801 899 «iterum,
816 826 941 910 inquit,
960 824 1039 889 lodit
1053 836 1165 912 puteos
1183 849 1262 912 quos

231 935 404 1000 ‚foderant
417 936 507 1023 pueri
523 934 683 1000 Abraham
703 935 801 1023 patris
821 934 903 1020 ejus,
921 945 954 998 et
971 932 1187 1022 oppilaverant
1207 957 1262 999 eos

232 1041 413 1110 »Philistini
426 1055 497 1131 post
516 1055 651 1108 mortem
663 1041 798 1110 Abrahae
809 1045 906 1131 patris
925 1044 994 1130 ejus
1009 1054 1062 1107 :et
1080 1044 1184 1131 posuit
1203 1042 1263 1108 illis

233 1154 400 1229 momina,
421 1154 597 1220 secundum
614 1153 742 1219 nomina
762 1175 833 1240 quae
853 1164 1002 1242 posuerat
1017 1163 1107 1240 pater
1124 1154 1225 1240 ejus¹.
1243 1184 1256 1214 ι

231 1262 325 1328 Fodit
339 1286 425 1351 ergo
437 1262 506 1328 illos
522 1276 635 1352 puteos
651 1259 729 1351 quos
745 1274 835 1351 pater
847 1287 922 1328 suns
939 1262 1074 1336 foderat,
1086 1275 1117 1326 et
1135 1265 1190 1351 qui
1206 1288 1264 1353 per

230 1370 381 1437 malitiam
393 1371 630 1446 Philistinorum
642 1384 726 1436 terra
741 1369 866 1436 fuerant
885 1370 1007 1459 repleti.
1023 1369 1117 1436 Fodit
1135 1385 1168 1436 et
1185 1371 1262 1438 alios

231 1502 328 1546 novos
340 1480 372 1546 in
384 1480 463 1546 velle
475 1481 680 1554 Gerararum,
694 1505 758 1546 non
770 1481 899 1567 quidem
911 1481 990 1570 ipse,
1003 1481 1059 1546 sed
1070 1481 1159 1569 pueri
1170 1485 1240 1571 ejus
1251 1506 1258 1545 :

240 1592 308 1656 «Et
333 1591 463 1664 invenit,
484 1591 608 1674 inquit,
636 1589 678 1653 ibi
702 1601 833 1678 puteum
861 1590 1059 1676 aquaevivae.
1087 1589 1150 1656 Sed
1171 1593 1261 1656 rixati

232 1711 334 1766 »sunt
350 1711 490 1788 pastores
502 1698 695 1764 Gerararum
710 1721 786 1763 cum
804 1699 982 1787 pastoribus
1002 1701 1102 1773 lsaac,
1123 1700 1258 1765 dicentes

232 1831 351 1874 »suum
374 1831 443 1873 esse
464 1829 592 1894 uquam,
607 1819 640 1870 et
661 1805 829 1895 appellavit
852 1829 967 1872 nomen
990 1809 1076 1896 putei
1100 1809 1255 1895 iniquitas.

232 1945 245 1977 ι
261 1919 371 2005 lnique
382 1918 467 1982 enim
483 1929 646 2006 gesserunt
658 1916 816 1982 cumen-²1.
832 1944 844 1978 v
863 1915 926 1982 Sed
938 1918 1025 1983 lsaac
1038 1919 1156 1984 recedit
1168 1941 1186 1982 a
1198 1941 1262 1983 ma-

232 2026 297 2092 litia
313 2049 437 2102 eornm,
454 2038 509 2090 vet
524 2013 604 2091 ludit
621 2027 736 2091 iterum
754 2025 889 2090 alterum
907 2039 1039 2115 puteum
1052 2050 1060 2092 s
1075 2039 1107 2093 et
1122 2051 1179 2116 pro
1196 2028 1263 2116 ipso

234 2134 480 2210 »nihilominus
502 2136 624 2221 iuquit,
644 2133 895 2208 altercabantur3
913 2147 946 2200 et
964 2136 1131 2225 appellavit
1146 2160 1263 2202 nomen

233 2275 245 2307 s
260 2247 330 2333 ejus
345 2246 556 2311 lnirnicitiam.
571 2248 611 2310 El
625 2247 754 2311 recessit
765 2246 852 2320 inde,
868 2258 901 2310 et
913 2246 992 2312 fodit
1005 2250 1118 2313 iterum
1130 2260 1264 2338 puteum

234 2353 371 2430 tatium,
383 2367 415 2419 et
431 2377 494 2418 non
506 2366 580 2418 sunt
593 2355 682 2418 rixati
698 2349 739 2418 ¹de
750 2378 800 2420 eo.
819 2355 895 2420 Ideo
911 2370 943 2420 et
960 2356 1128 2444 appellavit
1146 2383 1264 2426 nomen

234 2490 246 2522 ι
261 2463 331 2548 ejus
342 2459 540 2550 Amplitudo,
553 2461 675 2537 dicens,
689 2461 772 2541 Quia
791 2486 877 2528 nunc
895 2462 1034 2528 dilatavit
1053 2487 1109 2529 nos
1123 2467 1220 2544 Deus,
1233 2481 1265 2534 et

235 2573 347 2636 »nuxit
367 2593 424 2635 nos
446 2593 541 2657 super
564 2581 693 2635 terram.
708 2599 721 2632 r
737 2572 824 2635 Bene
841 2571 874 2634 in
893 2570 1030 2656 quodam
1047 2571 1117 2637 loco
1136 2588 1265 2642 sanctus

234 2676 416 2766 Apostolus,
430 2675 634 2741 considerans
646 2678 870 2763 mysteriorum
886 2677 1148 2764 magnitudinem,
1161 2681 1239 2747 dicit
1254 2708 1262 2747 τ

167 2833 172 2845 ,
242 2787 306 2848 «Et
324 2785 365 2850 ad
376 2784 452 2849 -haec
468 2785 537 2871 quis
556 2783 706 2848 idonens⁸
719 2784 733 2847 l
747 2812 759 2845 r
774 2782 875 2849 Simili
891 2783 1000 2859 modo,
1013 2785 1076 2849 imo
1090 2783 1182 2874 longe
1198 2787 1265 2852 dis-

233 2893 338 2970 simili,
351 2904 470 2981 quanto
485 2892 578 2981 longe
594 2891 648 2956 illo
658 2894 822 2960 inferiores
834 2918 955 2972 sumus,
968 2895 1065 2961 etiam
1080 2918 1137 2961 nos
1154 2896 1265 2963 viden—

234 3017 281 3084 tes
300 3017 420 3070 tantam
444 3005 477 3068 in
500 3003 658 3090 mysteriis
681 3000 880 3070 altitudinem
902 3016 1086 3095 puteorum,
1104 3004 1262 3072 dicimus:

242 3117 307 3180 «Et
326 3115 366 3180 ad
384 3115 453 3180 haee
472 3114 526 3201 qui
541 3112 722 3179 idoneusia
740 3114 819 3194 Quis
835 3117 921 3181 enim
936 3117 1028 3205 digne
1046 3113 1146 3181 valeat
1165 3115 1266 3206 expli·

235 3246 321 3299 care,
336 3223 382 3289 vel
403 3237 572 3312 puteorum
593 3235 789 3288 sacramenta
807 3236 981 3299 tantorum,
1000 3222 1048 3289 vel
1065 3248 1177 3290 eorum
1195 3251 1266 3314 quau

237 3349 321 3426 gestu
342 3359 400 3424 pro
415 3335 518 3423 puteis
530 3333 724 3410 referuntur,
744 3333 802 3398 nisi
822 3334 1006 3399 invocemus
1025 3333 1152 3399 Patrem
1170 3335 1266 3403 Verbi

238 3447 382 3521 viventis,
398 3447 510 3534 etipse
526 3443 557 3509 in
573 3467 628 3508 ore
641 3455 750 3510 nostro
764 3446 895 3509 verbum
908 3443 983 3509 dare
1000 3443 1160 3532 dignetur,
1175 3457 1209 3509 ut
1223 3445 1267 3510 si-

238 3557 387 3624 tientibus
403 3556 491 3620 vobis
506 3554 662 3641 possimus
678 3551 910 3641 aliquantulum
932 3577 1021 3640 aquae
1042 3555 1118 3618 vivae
1140 3553 1267 3618 haurire

236 3691 275 3731 ex
286 3666 334 3730 ltis
352 3677 415 3728 tam
429 3663 561 3750 copiosis
579 3673 612 3725 et
629 3649 999 3749 multiplicibusputeisi'

283 3776 364 3840 Sunt
382 3797 456 3861 crgo
474 3772 572 3860 putei,
585 3794 664 3857 quos
680 3770 828 3836 foderunt
847 3772 936 3858 pueri
948 3771 1108 3837 Abraham
1118 3797 1126 3845 ;
1143 3773 1199 3837 sed
1211 3773 1269 3839 hos

274 3901 439 3954 1(Ιοιωινι,
454 3895 809 3958 18.-²1b.19etseq.-⁸
824 3895 944 3950 sconis,
962 3894 998 3941 16.
