2744 4600
419 310 450 351 us
475 310 615 353 nurtsnos
640 310 767 365 nonusis
792 312 868 353 xun.
1091 291 1154 378 165

121 446 347 511 »supersum
367 437 399 488 et
414 438 533 491 statues
547 451 620 491 euin
637 451 745 493 cortun
763 425 912 492 Eleazaro
929 429 1104 500 sacerdote.
1125 442 1156 491 rt

120 564 132 594 t
149 545 307 622 praeceptu
321 532 395 598 dato
407 536 436 597 ei
449 535 481 599 in
494 548 668 626 conspectu
683 536 777 600 totius
790 558 968 624 synagogae,
978 549 1010 601 et
1022 538 1157 625 praecipe

1 707 3 718 ‚
121 672 133 702 s
152 643 190 706 de
207 642 275 729 ipso
291 662 401 705 coram
417 642 478 714 eis;
495 653 528 706 et
546 643 634 707 dabis
647 641 824 708 claritatem
840 652 929 740 tumn
945 665 1039 730 super
1054 642 1155 717 illurn,

123 782 135 812 s
153 764 188 816 ut
203 751 332 816 audiant
347 749 437 816 illum
454 749 510 816 lilii
527 749 656 816 lsraEl¹.
671 750 793 816 »Audis
811 750 973 816 evidenter
988 751 1159 819 ordinatio·

124 883 200 926 nem
210 858 360 948 principis
376 857 484 947 populi
497 855 562 924 tuin
575 858 740 924 manifeste
752 858 955 946 descriptam,
971 870 1159 947 61666666-

125 969 281 1057 positione
293 991 356 1034 uon
368 979 470 1056 egeat.
487 966 582 1064 Nulla
591 968 645 1034 hie
656 966 763 1056 populi
776 966 976 1041 acclamatio,
988 964 1073 1032 nulla
1085 989 1161 1033 eon÷

123 1075 344 1167 sanguinitatis
356 1076 450 1151 ratio,
464 1075 550 1142 nulla
561 1075 805 1164 propinquitatis
817 1075 924 1140 habita
934 1073 1160 1163 contemplatio

124 1202 183 1254 cst.
198 1188 389 1277 Propinquis
403 1209 552 1276 agrorum
568 1197 600 1250 et
616 1185 807 1273 praediorum
823 1183 1020 1272 relinquatur
1033 1185 1163 1250 haereali-

123 1313 194 1369 tas;
215 1297 405 1386 gubernatio
425 1295 535 1385 populi
558 1294 602 1361 illi
623 1295 765 1360 tradatur
786 1317 882 1381 quem
902 1294 987 1360 Deus
1009 1294 1158 1383 elegerit:

125 1408 248 1474 homini
265 1406 386 1474 scilicet
403 1406 471 1482 tuli,
488 1409 541 1495 qui
557 1407 654 1472 habet
673 1406 774 1491 (siout
792 1406 946 1493 scriptum
962 1406 1110 1490 surlistis)
1128 1407 1162 1471 in

128 1517 297 1603 semetipso
307 1517 456 1604 spiritum
470 1516 541 1590 Dei,
553 1528 586 1580 et
605 1529 761 1603 praeeepta
780 1515 838 1578 Dei
855 1515 888 1580 iu
902 1527 1078 1604 conspectu
1093 1516 1163 1602 ejus

129 1637 218 1700 sunt,
235 1637 266 1689 et
282 1627 334 1712 qui
354 1624 454 1712 Moysi
478 1623 568 1690 valde
588 1636 681 1688 notus
695 1635 728 1688 et
742 1622 903 1688 familiaris
925 1623 977 1698 sit,
998 1621 1110 1700 idest,
1130 1625 1162 1692 in

129 1755 195 1820 quo
211 1733 252 1797 sit
265 1731 391 1798 claritas
405 1731 483 1821 legis
499 1745 531 1798 et
546 1731 689 1806 scientia,
703 1743 740 1796 ut
754 1734 875 1820 possint
892 1739 968 1796 erim
987 1732 1098 1802 audire
1109 1731 1165 1798 lilii

128 1839 237 1907 lsrael.
257 1839 376 1908 Verum
389 1842 540 1929 quoniam
555 1840 712 1929 mysteriis
728 1857 843 1907 cuncta
862 1840 975 1906 referta
990 1854 1077 1919 sunt,
1099 1863 1164 1907 non

128 1973 298 2038 possumus
313 1974 384 2038 quae
400 1951 585 2040 pretiosiora
605 1961 679 2015 sunt
694 1950 853 2025 omittere,
873 1949 996 2015 etiamsi
1012 1949 1080 2016 haec
1095 1973 1165 2037 quas

128 2060 308 2125 secundum
320 2057 459 2126 litteram
475 2059 679 2134 mandantur,
691 2059 868 2125 necessario
885 2059 1052 2124 videantur
1062 2072 1094 2126 ct
1107 2060 1166 2126 uti-

131 2154 194 2233 lia.¹¹
205 2168 448 2234 Consideremus
467 2191 543 2256 ergo
558 2190 628 2254 quae
642 2168 682 2231 sit
696 2167 811 2254 Moysis
828 2189 926 2242 mors,
939 2165 1011 2232 finis
1025 2167 1092 2232 siue
1110 2168 1166 2232 du-

134 2277 192 2342 bio
208 2275 311 2365 Legis,
325 2277 379 2342 sed
393 2275 470 2364 legis
488 2275 571 2340 illius
590 2298 660 2362 quae
681 2274 858 2339 secundum
878 2271 1015 2340 litteram
1037 2275 1162 2341 dicitur.

21 2461 36 2480 ι
137 2387 219 2468 Quis
227 2399 331 2452 autem
342 2389 370 2475 ej
376 2410 410 2452 us
422 2385 494 2461 finis
506 2386 575 2451 estl
587 2383 815 2449 sacrificiorum
827 2379 948 2448 scilicet
964 2384 1166 2472 interruptio.

133 2510 168 2561 ot
191 2507 381 2561 caeterorum
395 2519 465 2584 quae
480 2492 575 2560 simili
592 2493 790 2558 observantia
809 2477 1001 2557 mandantur
1016 2493 1048 2557 in
1068 2493 1163 2582 Lege.

133 2609 211 2673 llam
222 2629 298 2697 ergo
315 2607 369 2672 ubi
384 2606 482 2673 finem
497 2605 668 2692 accipiunt,
683 2603 775 2668 lesus
787 2603 918 2691 suscipit
929 2603 1142 2692 principatum
1159 2627 1166 2669 :

141 2715 256 2784 «Finis
271 2717 355 2782 enim
371 2716 467 2809 Legis
482 2715 626 2780 Christus
638 2713 843 2800 adjustitiam
855 2713 941 2777 omni
954 2712 1127 2778 credenti².
1148 2741 1160 2774 s

135 2825 268 2890 Etsicut
277 2825 318 2910 tle
330 2825 488 2912 prioribus
501 2824 695 2898 dictumest,
709 2822 781 2909 qui-a
791 2848 804 2882 a
813 2844 922 2886 omnes
935 2822 966 2886 in
979 2821 1087 2910 Moyse
1096 2825 1171 2912 bap·
1278 2829 1279 2834 ’

134 2963 149 2996 ι
167 2935 252 2999 tizati
272 2946 346 2999 sunt
362 2935 394 2999 in
410 2935 508 3008 nube,
526 2944 558 2998 ot
574 2934 607 2997 in
623 2931 721 2996 niari⁸
738 2955 746 2996 z
760 2933 825 2997 »ita
840 2943 872 2995 et
888 2932 928 2996 de
943 2930 1019 2996 Jesu
1041 2932 1170 3009 dicitur,

136 3043 211 3131 quia
221 3065 332 3109 omues
343 3043 376 3108 in
387 3043 625 3131 lesubaptizati
636 3053 711 3107 sunt
727 3042 760 3108 in
775 3041 894 3130 Spiritu
909 3052 1019 3106 sancto
1030 3055 1062 3107 et
1073 3065 1165 3129 aqua.

135 3155 231 3220 lesus
253 3177 390 3242 namque
409 3165 470 3229 est,
495 3154 549 3240 qui
569 3153 680 3220 transit
699 3173 795 3240 aquas
810 3151 971 3228 lordanis,
993 3164 1024 3217 et
1044 3153 1077 3218 in
1098 3154 1172 3243 ipsis

93 3305 99 3313 -
137 3263 376 3351 quodammodo
392 3265 456 3351 jam
476 3275 545 3328 tum
566 3261 720 3352 populum
736 3264 874 3351 baptizat
894 3286 902 3326 ε
923 3274 955 3327 et
971 3263 1036 3351 ipse
1050 3275 1099 3330 est
1118 3265 1171 3350 qui

138 3387 260 3438 terram
272 3372 475 3448 haereditatis,
488 3383 606 3436 terram
621 3371 771 3437 Sanctam
784 3372 919 3460 partitur
932 3372 1095 3449 universis,
1108 3396 1172 3438 non

140 3481 241 3569 priori
262 3481 389 3571 populo,
410 3481 466 3546 sed
490 3481 641 3547 secundo.
670 3480 760 3546 Prior
780 3481 866 3546 enim
890 3479 1025 3569 populus
1044 3494 1174 3571 propter

138 3591 430 3680 praeuaricationem
452 3613 541 3657 susm
562 3591 677 3658 cecidit
698 3591 731 3656 in
746 3592 883 3656 deserto.
905 3592 952 3656 De
968 3590 1045 3656 lesu
1067 3603 1173 3657 autem

137 3701 336 3789 temporibus
359 3702 488 3775 dicitur,
516 3700 617 3789 quia«
641 3711 724 3764 terra
746 3700 863 3787 quierit
880 3723 897 3763 a
916 3697 1027 3764 bellis⁴
1042 3722 1049 3762 :
1066 3701 1174 3787 »quod

134 3812 240 3900 Moysi
262 3824 405 3902 tempore
428 3813 491 3878 diei
511 3835 576 3878 non
598 3811 713 3901 potuit.
737 3809 801 3875 Sed
821 3809 860 3874 de
880 3808 958 3874 lesu
977 3807 1039 3875 hoc
1060 3807 1176 3872 dicitur

167 3937 269 3990 ι11666.
285 3957 363 4001 nasu,
379 3938 786 4005 ιὸ,19,66.-111666.6,4.--1
801 3956 810 3988 t
826 3939 882 3988 Cor.
897 3935 1077 3996 1‚a.-lJos.
1092 3951 1126 3996 xi,
1140 3935 1177 3984 ²5.
