2644 4612
310 273 342 316 ιιι
367 272 528 316 ιιιιιιιιιι
552 273 754 318 caarrcouou
777 276 838 318 ιιι.
865 275 912 317 ιιι.
1074 257 1142 342 495

99 393 205 484 poscit
222 403 257 456 ut
272 391 416 458 ordinem
424 394 494 479 ejus
509 392 627 466 discat,
644 415 684 458 ne
696 393 778 458 lorte
794 393 912 482 aliquid
923 395 1143 488 inordinatum

101 502 221 566 faciens
241 497 350 566 virinus
368 501 408 566 ab
427 523 464 564 ea
487 497 613 586 aliquod
630 501 782 588 accipiat,
808 513 842 565 ut
861 503 893 568 in
912 504 1139 590 posterioribus

102 609 239 674 dicitur:
252 631 264 666 ι
275 603 622 672 Vulnerataecharitatis
635 631 694 694 ego
709 606 807 672 sum'.
822 609 886 674 »Ea
901 621 1007 675 eutem
1024 612 1087 677 sive
1097 615 1143 678 ab

103 714 231 803 Angelis
253 715 315 780 dici
338 714 551 802 accipiamus,
574 737 590 780 e
615 716 730 802 quibus
756 738 789 780 se
811 715 926 792 instrui
949 717 1087 804 postulat
1107 733 1141 786 et

103 822 238 898 muniri,
253 820 331 886 nihil
346 822 518 888 absurdum
531 822 690 888 videbitur
709 846 716 887 :
735 822 915 888 secundum
927 823 991 890 hoc
1002 826 1089 912 quod
1099 827 1142 892 de

101 929 219 1017 populo
240 929 357 996 dicitur
372 930 595 1004 :tLaetumini,
618 941 747 1018 gentes,
766 952 841 996 eum
859 931 976 1019 populo
999 933 1087 1020 ejus,
1106 947 1141 1000 et

100 1038 305 1104 »confortent
319 1061 374 1102 eos
390 1060 499 1104 omnes
515 1035 627 1125 Angeli
644 1037 701 1102 Dei
716 1037 738 1101 ².
755 1040 861 1104 »Etut
875 1040 907 1104 in
919 1037 986 1104 aliis
998 1040 1138 1106 dicitur:

109 1146 324 1212 «Circumdet
340 1143 478 1233 Angelus
496 1145 625 1210 Domini
645 1145 829 1212 incircuitu
849 1146 1029 1212 timentium
1045 1169 1139 1224 eum,

102 1267 158 1318 »et
173 1254 288 1342 eripiet
299 1276 353 1318 eos
365 1253 388 1316 ⁸.
405 1255 467 1318 »Et
478 1252 554 1320 item
571 1251 644 1318 alibi
660 1276 692 1317 :a
707 1251 811 1320 Nolite
823 1265 1029 1322 contemnere
1040 1277 1143 1330 unum

100 1385 162 1426 nex
177 1361 317 1428 minimis
340 1361 405 1426 istis
422 1360 475 1447 qui
492 1360 523 1424 in
539 1358 678 1426 Ecclesia
696 1372 789 1436 sunt,
806 1362 879 1448 quia
896 1361 1007 1451 Angeli
1027 1387 1141 1430 eorum

102 1493 251 1558 »seraper
266 1468 501 1537 vident‘laoiem
516 1468 616 1534 Patris
627 1469 691 1534 mei
703 1470 756 1557 qui
773 1470 805 1537 in
817 1469 904 1536 omlis
919 1469 999 1536 estl.
1012 1472 1142 1540 »Sedet

101 1575 135 1638 iu
156 1571 343 1661 Apocalypsi
360 1572 491 1638 loannis
506 1569 627 1659 Augelo
637 1572 837 1660 Thyatirensi
854 1565 1071 1640 testimonium
1087 1577 1144 1641 dat

105 1680 201 1746 Filius
214 1681 271 1746 Dei
283 1703 340 1768 pro
357 1679 511 1745 charitate
524 1701 619 1766 quam
628 1679 794 1756 ‚ordinavit
807 1679 944 1769 Angelus
956 1681 1022 1769 ipse
1039 1681 1073 1746 in
1083 1683 1142 1748 Ec·

104 1787 197 1852 clesia
213 1789 271 1853 sibi
287 1787 465 1852 commissa.
484 1785 538 1852 Sic
554 1787 640 1852 enim
662 1788 817 1875 scriptum
837 1799 904 1852 est:
920 1815 932 1847 ι
949 1789 1024 1854 Scio
1045 1813 1142 1877 opera

100 1925 114 1958 ι
126 1910 198 1972 tua,
214 1910 247 1962 et
262 1897 449 1964 charitatem
459 1907 547 1965 tuam
557 1945 568 1972 ‚
579 1908 613 1962 et
627 1896 744 1972 lidem,
758 1909 790 1962 et
802 1898 1030 1975 ministerium,
1042 1912 1073 1964 et
1089 1924 1144 1988 pa-

98 2005 287 2080 ndentium,
305 2017 337 2068 et
348 2027 443 2092 opera
459 2015 514 2068 tua
529 2004 698 2070 novissima
716 2006 838 2091 majora
854 2028 949 2092 quam
964 2005 1070 2093 priora
1081 2007 1134 2071 ⁵.»

94 2113 167 2178 Sed
191 2111 249 2176 etsi
264 2110 305 2176 ad
319 2109 495 2197 'prophetas
513 2109 582 2174 haec
602 2110 794 2187 referamus,
810 2113 864 2198 qui
883 2113 1142 2180 ministraverunt

92 2220 236 2286 verbum
251 2217 308 2283 Dei
324 2228 396 2282 ante
409 2215 579 2282 adventum
596 2217 722 2303 sponsi,
739 2229 776 2280 ut
791 2238 849 2304 per
864 2219 1004 2306 ipsorum
1022 2222 1141 2288 doctri-

95 2350 179 2397 nam
191 2325 335 2391 videatur
352 2321 494 2390 Ecclesia
511 2320 590 2387 velle
606 2322 751 2388 ordinem
769 2324 891 2390 discere
910 2325 1088 2406 charitatis,
1109 2330 1143 2394 id
1239 2379 1246 2392 .

92 2446 168 2509 est,
181 2433 372 2521 propheticis
388 2429 500 2496 instrui
518 2427 749 2506 voluminibus,
767 2453 831 2496 non
851 2431 1010 2496 videbitur
1029 2435 1142 2500 absur-

96 2543 192 2606 dum.
216 2540 281 2606 Sed
294 2552 327 2606 et
339 2561 448 2604 omnes
460 2537 560 2602 sancti
573 2537 627 2623 qui
642 2537 682 2602 de
697 2536 759 2604 hec
776 2538 836 2604 vita
849 2539 1071 2618 decesserunt,
1083 2542 1143 2611 ha-

94 2657 214 2722 bentes
229 2653 335 2718 adhue
353 2651 541 2718 charitatem
557 2671 630 2737 erga
647 2670 702 2712 eos
717 2647 773 2736 qui
789 2649 820 2714 in
836 2648 898 2728 hoc
914 2651 1034 2716 mundo
1050 2665 1143 2728 sunt,

94 2765 127 2830 si
145 2764 290 2830 dicantur
301 2783 412 2827 curam
426 2781 536 2846 gerere
552 2756 660 2822 salutis
676 2780 807 2834 eorum,
824 2770 855 2823 et
868 2761 981 2848 juvare
997 2785 1052 2828 eos
1067 2787 1143 2852 pre-

97 2872 193 2937 cibus
207 2870 292 2945 suis,
309 2879 405 2954 atque
420 2867 601 2932 interventu
618 2887 675 2930 suo
696 2865 781 2954 apud
800 2865 921 2942 Deum,
937 2891 1002 2934 non
1017 2871 1077 2935 erit
1093 2872 1145 2939 in·

1 2973 3 3000 ³
99 2976 304 3042 conveniens.
325 2973 488 3059 Scriptum
509 2993 647 3058 nemque
662 2982 710 3036 est
729 2971 765 3038 in
774 2971 1030 3038 Machabaeorum
1054 2974 1143 3042 libris

99 3085 170 3150 ite:
194 3083 284 3149 «Hie
309 3093 357 3146 est
382 3079 555 3146 Hieremias
577 3078 732 3167 propheta
752 3079 829 3154 Dei,
855 3080 909 3166 qui
929 3103 1054 3170 semper
1074 3098 1144 3152 orat

102 3214 184 3277 »pro
199 3189 317 3278 populo
327 3189 349 3253 ⁸.
364 3187 450 3252 »sed
462 3185 544 3252 etad
557 3183 725 3274 Apostolos
737 3184 805 3252 haec
818 3186 900 3262 dici,
920 3201 955 3254 ut
970 3214 1063 3278 supra
1076 3193 1142 3280 jam

105 3294 185 3370 (lixi,
202 3317 264 3360 non
280 3291 438 3358 videbitur
453 3288 614 3356 alienum:
634 3312 692 3380 per
706 3287 763 3382 hos
779 3289 865 3354 enim
883 3294 986 3360 omnis
1000 3294 1143 3363 Ecclesia

1 3381 2 3388 ἵ
105 3401 183 3477 Dei,
200 3401 248 3468 rel
268 3401 371 3468 anima
395 3419 539 3488 querens
563 3397 685 3472 Deum,
711 3397 925 3466 introducitur
952 3403 985 3468 in
1012 3403 1144 3468 domum

1 3505 8 3544 '¹
105 3509 189 3586 viui,
204 3522 344 3596 utsupra
356 3506 504 3580 diximus,
517 3517 549 3568 et
566 3504 759 3570 aromatibus
772 3517 866 3594 atque
879 3509 1032 3574 odoribus
1039 3508 1144 3596 reple-

105 3630 171 3693 tur,
190 3629 222 3682 et
238 3615 443 3705 componitur
460 3613 492 3678 in
514 3611 643 3688 melius,
665 3612 747 3676 sicut
766 3612 798 3676 in
814 3616 1041 3702 posterioribus
1065 3615 1145 3705 logi-

142 3779 227 3826 4(ἶιιιιι.
243 3795 279 3838 ιι,
293 3775 316 3828 5.
327 3770 461 3823 —-²Deut.
483 3786 577 3830 xxxii,
597 3769 638 3831 43.
650 3799 684 3810 -
698 3773 804 3822 teratu.
827 3791 925 3836 miv,
948 3793 970 3836 7.
988 3805 1003 3813 -
1031 3773 1145 3829 tutaret.

106 3881 193 3925 xviri,
212 3881 286 3912 ro.-
298 3866 307 3900 ὅ
321 3865 398 3927 Apoc.
415 3877 453 3920 ιι,
472 3875 510 3926 ¹9·
525 3887 557 3896 -—
573 3857 703 3908 ‘aMaclu
714 3876 754 3921 xv,
768 3863 809 3920 ιιί.
