2744 4600
256 240 320 316 5²4
700 259 841 304 onrnnrus

255 376 366 445 dineet
375 379 529 454 castitate,
538 377 1124 464 cunctisquecontinentiaevirtutibus,
1133 388 1279 462 tanquam

254 487 350 558 anuis
365 485 486 554 bellicis
501 489 710 553 communiti:
726 499 843 554 etcum
855 487 986 576 regressi
996 485 1116 570 fuerint
1131 485 1174 549 ud
1186 497 1280 550 costra

255 595 403 669 victores,
414 595 568 660 'fruuntur
578 594 740 662 laboribus
753 619 865 661 eorum
875 597 972 660 etium
983 591 1140 668 imbelles,
1154 603 1187 657 ct
1198 593 1219 657 ii
1230 595 1279 679 qui

251 704 296 769 ud
309 727 447 791 pugnam
462 703 512 780 vel
526 725 590 770 non
606 718 771 780 vocentur,
784 705 833 770 rel
844 693 1007 770 exire‘non
1018 715 1162 793 possunt.
1180 701 1279 767 Scien-

255 812 332 886 dum
351 825 457 880 tamon
475 826 534 890 est,
551 815 639 902 quod
652 815 757 880 omniu
773 837 844 899 ques
858 828 1028 879 sumuntur
1041 835 1081 876 ex
1097 812 1166 876 istis
1181 812 1279 898 genti-

254 925 327 997 bus,
341 923 502 990 immunde
518 937 591 1008 sunt
609 949 618 989 ε
634 936 667 987 et
682 946 777 989 omne
796 921 929 988 fortusse
945 919 1100 1009 quidquid
1115 919 1156 986 e¹x
1171 918 1280 985 saeculo

254 1034 437 1109 assumitur,
454 1033 502 1099 vel
518 1033 625 1122 praelio
641 1033 779 1123 cupitur,
795 1031 997 1098 immundum
1011 1041 1061 1095 est
1080 1043 1113 1094 et
1135 1027 1281 1119 purifice-

254 1129 340 1208 tione
348 1143 484 1230 indigot;
496 1157 527 1208 et
540 1145 684 1232 quaednm
696 1167 735 1209 ex
745 1143 819 1232 ipsis
831 1165 888 1231 per
900 1143 1005 1229 ignem
1017 1135 1188 1204 transitui-'n
1200 1133 1280 1211 sunt,

254 1249 320 1316 eliis
333 1262 438 1316 autem
450 1252 585 1318 sufficiet
596 1273 685 1341 uquae
698 1252 886 1342 purificatio.
904 1255 1118 1317 Assumuntur
1128 1257 1236 1312 nutem
1247 1271 1281 1313 ex

254 1360 361 1449 praelio
376 1363 472 1426 etiam
487 1363 631 1428 homines
646 1376 678 1429 et
693 1365 848 1450 jumento,
865 1385 940 1428 cum
955 1361 1159 1448 captivantur
1174 1379 1280 1423 omnes

254 1469 431 1536 intellectus
446 1474 487 1538 ud
502 1473 716 1538 obediendum
736 1473 872 1537 Christo.
896 1473 943 1536 Ex
958 1471 995 1535 iis
1011 1469 1096 1534 enim
1117 1468 1194 1556 ipsis
1210 1489 1283 1555 quos

253 1581 442 1667 ceperimus,
457 1581 619 1646 offerimus
636 1581 714 1646 Deo.
734 1579 799 1646 Nisi
815 1581 900 1644 enim
915 1577 1161 1666 pugnaverimus
1174 1577 1207 1640 in
1222 1597 1285 1640 ver·

255 1689 297 1753 bo
309 1688 379 1764 Dei,
392 1712 456 1753 non
469 1691 641 1777 poterimus
657 1690 816 1779 captivare
833 1687 1029 1754 intellectum
1042 1705 1156 1750 eorum
1171 1685 1226 1772 qui
1238 1684 1284 1747 di-

190 1858 197 1867 ,
255 1819 344 1862 versu
360 1822 377 1861 a
393 1796 520 1861 Christo
535 1800 687 1873 sentiunt,
704 1811 736 1862 et
751 1797 926 1885 perducere
941 1817 996 1860 eos
1011 1791 1053 1857 ud
1071 1793 1285 1858 obedientium

256 1905 382 1970 Christi.
396 1904 491 1971 Pauci
503 1920 576 1971 sunt
586 1920 693 1972 tumen
703 1907 758 1993 ‘qui
771 1927 911 1993 pugnore
923 1905 1056 1993 possint,
1070 1915 1102 1966 et
1110 1897 1218 1991 praelio
1229 1901 1285 1964 istu

256 2012 436 2080 conficere:
452 2013 492 2078 de
503 2015 658 2082 sexcentis
671 2013 810 2080 millibus
824 2025 857 2076 et
872 2013 1006 2102 emplius
1023 2023 1223 2077 armatorum
1233 2009 1285 2095 qui

91 2153 95 2164 ‹
156 2109 160 2114 ⁵
255 2121 443 2188 uidebantur
463 2121 598 2187 militare
616 2123 696 2198 Deo,
713 2120 777 2187 sola
793 2123 963 2188 duodecim
985 2119 1082 2188 millio
1103 2118 1282 2206 cliguntur;

255 2229 359 2300 oaetcri
375 2229 598 2317 relinquuntur
608 2233 642 2306 in
656 2233 776 2297 castris.
793 2231 922 2297 Intuere
938 2230 1015 2295 mihi
1031 2249 1118 2294 nunc
1133 2226 1287 2316 populum

254 2336 324 2410 Dei,
340 2337 394 2422 qui
409 2349 457 2400 est
475 2339 507 2403 in
527 2338 680 2412 Ecclesia,
698 2339 807 2425 quanti
826 2350 899 2403 sunt
915 2362 954 2404 ex
970 2337 1006 2402 iis
1022 2339 1075 2424 qui
1091 2333 1217 2423 possint
1232 2357 1288 2423 pro

255 2447 385 2511 veritato
399 2470 552 2534 pugnare,
566 2449 687 2535 possint
699 2449 843 2512 resistere
858 2449 895 2513 iis
911 2444 964 2535 qui
980 2447 1222 2521 contradicunt,
1236 2446 1289 2531 qni
1306 2467 1311 2476 ·

254 2555 356 2622 sciunt
372 2556 459 2622 verbi
470 2555 552 2622 belle
565 2569 711 2623 tractore.
727 2559 817 2622 Beuti
831 2570 905 2624 sunt
921 2558 971 2622 isti
986 2558 1039 2644 qui
1056 2579 1113 2643 pro
1130 2557 1221 2621 omni
1238 2578 1291 2644 po

254 2663 330 2753 pulo
344 2687 485 2753 pugnare
496 2678 640 2752 possunt,
658 2679 690 2730 et
702 2666 871 2731 defendere
888 2667 945 2731 Doi
961 2664 1100 2753 plebem,
1115 2665 1292 2754 etcopiose

256 2775 295 2856 ile
307 2775 450 2841 hostibus
467 2773 565 2863 spolia
578 2786 749 2863 reportare.
765 2775 885 2841 Tamen
896 2787 929 2840 et
941 2773 1061 2860 reliquo
1077 2795 1150 2861 pers
1165 2771 1293 2862 populi,

174 2901 175 2905 ’
255 2906 324 2968 quae
338 2885 462 2950 videtur
476 2883 625 2959 imbellis,
646 2886 671 2948 si
694 2907 767 2950 oum
783 2885 890 2970 quiete
912 2883 1047 2948 resident
1063 2883 1095 2946 in
1114 2884 1246 2957 cestris,
1269 2883 1294 2946 si

256 2990 288 3054 in
305 2987 428 3074 silentio
444 3003 527 3077 ngat,
543 3001 576 3055 et
591 3015 655 3055 non
671 2991 797 3056 recedet
814 3016 831 3056 a
848 2991 969 3080 Moyse,
986 2992 1046 3057 sed·
1056 3005 1250 3078 permoneat
1264 2993 1293 3055 in

257 3097 325 3186 lege
339 3098 410 3172 Dei,
424 3109 547 3184 portem
558 3098 732 3188 spoliorum
747 3099 844 3164 etium
859 3100 924 3187 ipse
935 3099 1099 3187 percipiet.
1119 3095 1197 3164 Fiet
1207 3101 1295 3165 enim

257 3225 345 3293 sequa
358 3207 472 3295 portio,
484 3231 548 3274 non
566 3231 623 3296 per
635 3231 804 3272 numerum
817 3209 966 3295 quidem;
987 3206 1043 3272 sed
1058 3219 1218 3294 quantum
1237 3208 1296 3271 ‹ln-

259 3329 310 3381 tnr
322 3317 407 3383 omni
420 3317 539 3406 populo
550 3319 687 3408 reliquo,
700 3331 824 3383 tuntum
835 3329 867 3384 ot
879 3317 938 3384 illis
950 3317 1119 3384 duodecim
1132 3317 1296 3391 millibus,

258 3426 372 3510 quibus
396 3428 592 3492 vincentibus
615 3431 707 3516 cepte
726 3443 800 3494 sunt
821 3426 930 3516 spolia.
953 3423 1046 3507 Quis,
1063 3427 1298 3497 haeoaudiens,

258 3553 322 3595 non
343 3532 490 3597 invitetur
506 3535 545 3600 nd
557 3535 701 3602 militium
713 3537 793 3602 Dei?
808 3537 878 3624 quis
891 3560 955 3602 non
970 3536 1134 3601 animetur
1145 3557 1299 3623 pugnare

258 3661 315 3726 pro
331 3637 483 3715 Ecclesia,
499 3655 531 3707 et
548 3635 692 3709 resistere
712 3647 880 3710 adversum
898 3645 1035 3710 veritatis
1055 3643 1220 3717 inimicos,
1245 3664 1301 3706 eos

259 3747 379 3815 scilicet
393 3749 448 3834 qui
457 3761 458 3766 ’
467 3750 516 3814 vel
532 3751 847 3840 dogmate-Ecclesiae
861 3777 1057 3844 oppugnare,
1071 3751 1120 3817 vel
1137 3749 1303 3838 voluptati

259 3869 291 3922 et
306 3857 436 3923 luxuriae
449 3881 575 3946 opernm
589 3861 663 3928 dure
679 3865 823 3932 homines
842 3864 981 3932 docenti
994 3864 1056 3942 Qui
1071 3885 1148 3950 orgo
1165 3861 1228 3928 hos
1241 3884 1303 3926 ex-
