2644 4612
198 233 260 308 482
639 249 782 292 ostensis

197 376 251 443 hic
266 375 360 442 etiam
376 373 458 440 filios
474 372 522 439 vel
537 396 590 439 eos
606 375 660 462 qui
677 372 847 462 aliquando
860 375 985 439 luerunt
995 425 1004 450 ,
1016 387 1050 439 et
1061 399 1130 440 non
1146 387 1235 447 sunt,

198 480 246 549 vel
265 480 500 548 multitudinem
516 481 687 548 caelestium
704 480 922 548 ministrorum
938 483 1041 547 dictos
1056 505 1128 547 esso
1148 482 1239 547 intel-
1317 475 1319 533 l

198 591 305 680 ligere.
326 587 374 657 Ad
389 613 498 655 omnes
515 591 600 656 enim
618 589 708 655 initio
728 589 864 679 pertinet
881 588 961 654 illud
981 591 1068 678 quod
1086 591 1238 678 scriptum
1316 609 1318 687 p

199 708 247 761 est
258 719 266 760 τ
277 695 349 784 Ego
365 695 432 759 dixi
447 695 491 759 dii
507 697 576 760 estis
593 707 622 760 et
636 695 696 782 fitia·
711 695 819 760 excelsi
833 695 964 760 omnm'.
983 696 1049 761 Sed
1062 694 1237 760 differentia
1315 734 1316 784 p

199 803 376 870 intercessit
389 825 446 891 per
460 802 521 868 hoc
538 805 625 892 quod
641 803 683 868 ait
698 827 706 867 :
728 829 742 862 a
757 801 822 869 Vos
838 816 944 869 autem
957 815 993 867 ut
1006 803 1163 868 homines
1176 825 1240 867 mo·
1315 791 1317 829 ¹

200 911 363 986 amemini,
385 923 418 975 et
438 911 520 976 sicut
540 933 621 982 unns
639 911 679 976 de
696 909 893 999 principibus
915 910 1038 977 cadetis
1051 910 1075 974 ².
1098 939 1115 971 ι
1138 909 1199 976 set
1213 923 1239 974 ct
1314 909 1315 916 '

198 1019 275 1085 illud
287 1020 319 1084 in
334 1018 398 1084 hoc
410 1019 538 1108 respicit
554 1019 759 1098 :aQuoniam
775 1019 844 1106 quis
859 1019 891 1084 in
907 1019 1051 1085 nuhihus
1067 1019 1240 1106 aequabitur

200 1125 382 1193 »Dominoi
397 1111 450 1192 aut
463 1126 531 1212 quis
544 1124 766 1192 assimilabitur
777 1125 806 1191 ei
818 1127 902 1192 inter
912 1124 995 1190 lilios
1007 1126 1071 1192 Dei
1082 1126 1094 1161 ⁸
1108 1127 1126 1190 Ρ
1139 1155 1152 1186 ι
1165 1127 1238 1190 Sicut

199 1259 273 1324 ergo
294 1235 389 1298 arhor
409 1233 482 1300 meli
502 1233 584 1298 inter
606 1230 744 1322 reliquos
766 1231 868 1309 lilios,
888 1235 1010 1300 hahens
1030 1234 1179 1300 fructum
1194 1235 1236 1322 qni

199 1365 264 1406 non
284 1337 386 1404 solum
405 1361 516 1428 sapore
534 1345 663 1413 omncs,
683 1337 736 1402 sed
752 1349 789 1404 et·
801 1338 898 1404 odore
913 1338 1104 1426 praealtas,
1125 1351 1158 1404 et
1171 1339 1233 1402 duos

120 1519 124 1528 ,
198 1448 311 1516 animae
326 1470 451 1522 sensns,
468 1447 501 1511 id
516 1457 563 1511 est
578 1457 705 1534 gustum
720 1458 753 1511 et
767 1447 936 1512 odoratum
949 1445 1094 1522 reliciat.
1112 1448 1228 1512 Diversis

199 1579 337 1644 namque
358 1555 454 1643 copiis
469 1576 612 1619 mensam
630 1577 719 1619 suam
736 1553 826 1620 nobis
845 1567 1004 1644 praeparat
1023 1557 1184 1644 sapientia.
1197 1555 1223 1620 ln

200 1688 261 1752 qua
278 1686 343 1729 non
363 1659 464 1727 solum
488 1683 603 1750 panem
626 1662 697 1727 vitae
717 1663 864 1749 apponit,
888 1663 943 1728 sed
964 1662 1119 1729 immolat
1135 1685 1220 1730 carne

202 1771 287 1838 verbi
303 1795 310 1836 :
327 1781 360 1835 et
378 1793 443 1835 non
460 1767 563 1834 solum
581 1771 693 1835 miscet
709 1771 744 1835 ln
763 1783 885 1836 cratere
903 1794 961 1836 suo
984 1773 1116 1846 vinum,
1132 1772 1214 1835 sedet

200 1876 282 1943 mela
304 1875 433 1942 odorata
453 1875 527 1941 satis
549 1873 678 1940 adhibet
696 1885 728 1940 et
746 1873 868 1951 dulcia,
888 1898 959 1964 quae
982 1901 1057 1942 non
1072 1889 1169 1942 tantam
1181 1875 1205 1937 in

201 2007 255 2050 ore
265 1996 297 2050 et
310 1983 399 2049 labiis
413 1975 599 2049 suavitatem
618 1982 774 2059 reddant,
789 1983 846 2048 sed
861 1995 894 2049 et
909 1985 1113 2050 interior-rhus
1120 1983 1208 2048 tradita

200 2091 344 2158 suricibus
361 2087 562 2156 dulcedinem
577 2101 712 2154 servent.
733 2090 903 2155 Possumus
920 2104 1035 2157 autem
1053 2091 1132 2180 ligna
1145 2089 1219 2177 sylva

202 2201 345 2290 accipere
362 2223 417 2264 eos
433 2198 568 2288 Angelos
585 2200 638 2286 qui
659 2198 909 2289 uniuscujusque
925 2201 1089 2268 hereseos
1103 2215 1222 2268 anone

201 2311 401 2396 fautoresque
413 2309 554 2373 visisunt
563 2306 776 2394 extitisseslta
791 2320 825 2372 ut
842 2309 986 2374 rideatur
999 2309 1143 2376 Ecclesia
1159 2332 1230 2374 com·

202 2440 315 2506 parans
330 2418 515 2481 suavitatem
537 2414 689 2480 doctrinm
709 2414 826 2480 Christi
840 2415 880 2482 ad
896 2419 1103 2504 asperitatem
1123 2417 1235 2482 haereti-

204 2547 316 2592 corum
329 2522 511 2613 dogmatnm
520 2573 529 2597 ‚
538 2545 577 2588 ac
589 2521 728 2587 sterilem
740 2522 1035 2611 infructuosamque
1048 2525 1238 2596 doctrinam,

206 2633 311 2699 dicere
329 2656 337 2696 ε
354 2628 435 2694 mela
451 2626 580 2717 quidem
595 2629 702 2696 suavia
718 2642 750 2694 et
768 2628 873 2695 dulcia
890 2653 959 2695 esse
975 2631 1125 2722 dogmata
1142 2631 1240 2698 eccls-

207 2740 348 2812 siastica,
370 2757 438 2824 quae
459 2736 490 2801 in
510 2735 627 2802 Christi
647 2734 788 2802 Ecclesia
806 2737 1021 2825 praedicantur
1039 2737 1153 2828 :ligna
1176 2763 1243 2806 roro

184 2925 187 2933 Ι
207 2846 301 2937 sylvas
322 2867 389 2909 esse
409 2867 446 2908 ea
465 2864 571 2932 quaea
593 2843 721 2910 dirersis
741 2844 895 2910 haereticis
914 2845 1128 2912 affirmantur.
1151 2849 1193 2913 Et
1210 2849 1257 2934 dc,

207 2953 272 3019 istis
288 2949 446 3016 videbitur
461 2948 664 3014 infructuosis
681 2948 773 3038 lignis
790 2949 884 3038 sylvm
896 2949 977 3028 dici,
997 2952 1087 3039 qnod
1103 2954 1138 3018 in
1153 2976 1247 3020 eran-
1304 2992 1307 3041 p

208 3059 295 3150 gellis
312 3059 551 3147 scriptumest:
570 3057 681 3122 «Eece
696 3058 762 3145 jam
781 3059 900 3124 securis
912 3061 951 3125 ad
967 3061 1112 3126 radicem
1130 3063 1248 3128 arboris
1305 3058 1306 3062 ¹

210 3168 333 3258 »posita
341 3177 398 3232 est.
410 3164 521 3231 Omnis
533 3187 608 3253 ergo
620 3166 716 3231 arbor
727 3189 796 3253 qnae
809 3191 872 3232 non
884 3167 959 3234 iacit
970 3167 1115 3235 frutetum
1129 3170 1247 3236 honum

211 3272 407 3346 »excidetur‚
423 3283 455 3335 et
466 3271 498 3335 in
513 3271 619 3359 ignem
634 3271 811 3336 mittetur⁴.
826 3300 839 3333 ι
854 3273 1026 3339 Fraternus
1037 3297 1118 3364 ergo
1131 3301 1251 3365 spone

210 3396 277 3459 est,
294 3393 330 3446 ut
348 3381 443 3446 arhor
461 3378 535 3445 meli
554 3377 694 3446 Ecclesia
714 3382 819 3468 sponsi
841 3406 849 3445 τ
869 3383 974 3449 caeteri
991 3407 1066 3449 vero
1080 3384 1250 3452 hrot-esim-

212 3492 299 3565 ohae,
328 3501 479 3575 tanquam
501 3487 696 3554 infructuosa
716 3486 800 3577 ligna
820 3487 916 3578 sylvas
938 3489 1045 3557 divino
1071 3493 1199 3580 judicio
1218 3508 1248 3560 nt

212 3579 315 3666 securi
337 3594 525 3669 excidendi,
552 3608 584 3661 et
606 3597 638 3661 in
662 3595 765 3685 ignem
789 3598 945 3664 mittendi.
974 3600 1077 3688 Igitur
1099 3603 1135 3669 in
1158 3603 1246 3690 hujus
1304 3553 1307 3633 l

212 3705 286 3774 meli
302 3705 415 3770 umbra
430 3705 627 3793 concupiscit
645 3727 792 3792 sponsam
805 3706 960 3782 residere,
973 3706 1021 3773 vel
1038 3710 1190 3780 Ecclesia
1208 3714 1241 3795 (u
1306 3712 1308 3781 l

248 3857 256 3892 ⁵
273 3858 359 3910 Psalm.
370 3873 462 3906 mxu
473 3893 480 3917 ‚
495 3857 519 3906 6.
531 3883 554 3891 -
572 3852 653 3910 'thid
665 3873 689 3925 7.
702 3885 735 3894 -
748 3851 804 3908 ⁸ltl.
817 3875 930 3922 nxxxrx,
944 3861 969 3910 fi.
981 3889 1014 3902 -
1025 3859 1141 3914 *Matuta
1152 3884 1185 3916 nr
1195 3904 1202 3930 ,
1214 3882 1239 3915 rs

844 4085 863 4122 Ι
