2632 4600
333 295 366 346 ιιι
390 301 530 346 ιιιιιιιιιι
551 294 656 348 xxxtu
679 298 752 348 nou.
780 297 802 346 ι.
1024 275 1089 368 spi

68 440 146 494 tmen
160 448 178 492 u
192 423 274 492 lucio
289 423 344 490 iro‘e
360 433 431 488 ture.
447 451 460 482 ι
480 423 527 495 De
541 446 580 488 eo
595 424 649 511 q'ui
664 425 750 512 opud
766 424 957 492 Corinthum
973 449 1090 515 ponem

67 547 142 604 reret
161 531 312 600 indicavit
335 529 522 618 Apostolus,
548 531 655 598 ‹lieens
680 555 687 598 ι
715 531 884 598 ‹Tradere
906 533 1091 623 hujusmodi

68 642 237 710 uhominem
251 639 379 706 satane
391 639 425 704 in
440 637 604 706 interitum
620 633 723 704 earnis
733 639 755 704 ¹.
776 667 789 704 ι
808 641 960 728 Nunquid
974 655 1093 730 puten-

68 751 137 816 dum
156 760 202 814 est
222 747 310 834 quod
332 746 477 835 iniquum
500 745 570 812 lieri
593 745 719 812 volehut
740 771 835 834 quem
857 749 985 816 dioohat
1010 751 1092 816 tradi

69 857 174 924 dobere
192 857 317 921 Sutunae
336 854 369 918 in
389 854 553 920 interitum
569 853 696 920 cornis?
711 855 797 934 Quin
818 857 923 942 potius
941 870 1091 947 opponet,

68 963 205 1052 quioniam
217 977 275 1049 pro
288 959 388 1027 solute
399 961 468 1046 ejus
479 961 624 1028 trudebat
640 983 770 1025 earnem
784 962 854 1049 ejus
864 963 897 1028 in
914 963 1089 1030 interitum·

67 1071 199 1156 Denique
211 1068 300 1136 addit
311 1067 419 1132 disens
431 1088 439 1130 ε
462 1092 474 1125 ι
486 1066 615 1169 Tradidi
627 1068 784 1154 ejusmodi
796 1067 959 1135 hominem
970 1073 1095 1138 Suttnae

18 1237 22 1246 ,
68 1176 117 1244 siu
126 1174 289 1240 interitum
301 1170 425 1246 curnis,
441 1181 476 1235 ut
486 1171 614 1257 spiritus
626 1169 729 1236 soltus
741 1171 796 1236 lint
805 1173 839 1238 in
852 1173 904 1238 die
916 1175 1041 1241 Domini
1053 1225 1062 1252 ‚
1076 1205 1089 1237 ι

67 1282 225 1350 ostendens
236 1303 302 1346 non
313 1297 405 1366 posse
415 1276 527 1344 salvari
544 1278 704 1365 spiritum,
726 1278 787 1346 nisi
802 1303 877 1346 euro
889 1283 922 1346 in
934 1281 1096 1349 interitum

68 1389 245 1455 truderetur.
263 1386 345 1466 Quis
360 1403 436 1473 ergo
451 1386 491 1452 sit
505 1385 651 1453 interitus
667 1386 791 1461 earnis,
807 1387 892 1452 nudi.
912 1391 995 1489 Quia
1010 1389 1097 1479 quod
1211 1391 1215 1402 ’

70 1495 236 1570 interierit,
259 1494 324 1560 sine
347 1493 446 1558 ‹luhio
469 1503 632 1563 mortuum
655 1505 713 1557 est.
736 1492 820 1559 Vivit
842 1506 949 1560 nutem
968 1519 1043 1563 ooro
1066 1498 1099 1564 iu

69 1609 251 1686 poenotens,
268 1608 391 1662 mortuo
407 1607 455 1662 est
470 1615 546 1662 earo
561 1597 593 1662 in
608 1595 739 1662 homine
753 1597 849 1684 justo.
865 1598 997 1686 Propter
1013 1596 1101 1689 quod

68 1716 99 1772 et
112 1705 185 1791 justi
199 1703 335 1770 tlionnt:
358 1730 372 1766 ι
389 1703 526 1789 Semper
540 1701 817 1768 mortificationem
836 1703 913 1770 Jem
933 1705 1048 1772 Christi
1067 1709 1100 1776 iu

66 1805 217 1900 »corpore
228 1823 338 1876 nostro
352 1809 631 1885 circumferentes,
649 1821 684 1876 ut
698 1822 731 1878 et
743 1811 806 1876 vita
817 1809 893 1876 Jesu
907 1812 1023 1878 Christi
1035 1836 1100 1882 mu-

65 1920 249 1988 »nilestotur
260 1920 293 1987 in
305 1941 401 1986 earne
412 1932 521 1984 nostra
534 1909 691 1989 moi-mit
708 1947 721 1982 ι
734 1920 774 1984 Et
786 1919 902 1986 iterum
914 1923 1099 1992 mandatum

63 2030 241 2117 accepimus
255 2027 365 2096 :licens
384 2050 392 2092 .·
419 2025 637 2092 «llortilicete
651 2027 796 2092 membre
815 2040 918 2093 vestro
936 2053 1007 2118 qum
1027 2047 1100 2098 sunt

63 2161 178 2226 »super
193 2134 344 2204 terrant‘.
361 2157 373 2196 ι
389 2135 429 2200 Es
442 2135 555 2208 heatus
574 2133 629 2220 qui
645 2145 789 2198 mortuus
809 2147 859 2198 est
877 2151 1027 2224 peceato,
1049 2163 1101 2206 se·-

64 2244 203 2313 cundum
224 2241 310 2330 quod
326 2240 448 2309 dietum
461 2252 511 2308 est
530 2263 538 2304 t
560 2268 573 2300 ι
589 2240 712 2326 Corpus
729 2239 857 2326 quidem
873 2256 1036 2311 mortuum
1052 2233 1114 2312 est

64 2359 213 2436 »propter
227 2357 415 2435 peceatum,
434 2344 564 2430 spiritus
586 2355 692 2414 autem
712 2344 775 2410 vite
795 2345 871 2410 vivit
886 2361 1016 2436 propter
1030 2348 1099 2437 jus*
1202 2425 1211 2439 ι

63 2437 564 2542 ›titiouonem⁶'.aT1-adisrgo
585 2453 617 2516 in
638 2451 802 2523 interitum
824 2455 927 2519 curnis
948 2456 1011 2522 tulo
1031 2472 1099 2536 eet,

59 2577 96 2630 ut
110 2565 285 2632 emoriatur
299 2585 409 2628 sensus
421 2557 558 2627 nonnulis
573 2560 605 2624 in
621 2559 733 2634 nohis,
753 2572 786 2626 ot
806 2584 871 2626 non
892 2562 975 2630 vivat
995 2568 1100 2633 cernis

58 2673 217 2762 cupiditas
237 2673 271 2738 in
290 2693 337 2736 en.
358 2667 405 2738 Ex
425 2689 464 2734 ee
481 2669 573 2737 onim
591 2667 677 2752 quod
694 2667 831 2734 meritur
851 2689 960 2736 sensus
979 2671 1099 2751 cornis,

57 2793 97 2846 ut
115 2803 183 2846 non
199 2777 376 2860 secundum
396 2795 525 2842 otonem
545 2774 720 2861 sopiamus,
739 2774 866 2861 spiritus
885 2775 987 2844 sulvus
999 2781 1102 2847 efflet

58 2902 125 2954 tur.
150 2886 298 2975 Alioquin
320 2885 399 2950 tlnm
422 2883 629 2950 risissemus
649 2881 682 2951 iu
704 2881 797 2948 nobis
818 2883 938 2959 our-nis,
967 2898 999 2950 et
1026 2907 1103 2955 our-o

57 2997 158 3072 vivit,
170 3017 237 3060 non
251 3011 422 3083 possumus
436 2989 478 3055 de
494 2987 685 3077 spiritalibus
696 3011 818 3076 sapere
832 2990 905 3056 llon
915 2992 991 3080 orgo
1001 2997 1100 3063 modo

53 3101 233 3193 Apostolus
249 3100 377 3168 tradidit
396 3097 430 3165 io
449 3096 614 3164 interitum
633 3095 737 3163 earnis
759 3117 833 3162 eum
851 3099 905 3185 qui
922 3104 1100 3171 seeundum

51 3233 194 3279 curnem
213 3209 352 3282 uixerat,
375 3216 412 3270 nt
434 3225 528 3273 seusu
552 3202 656 3270 earnis
675 3213 823 3271 emortuo
846 3205 972 3291 spiritus
993 3210 1027 3275 iu
1050 3213 1104 3279 die

50 3319 192 3388 Domini
212 3315 395 3384 solueretur.
420 3312 455 3380 Si
474 3309 652 3378 intellexisti
673 3308 882 3399 apostolieum
902 3337 1100 3396 sermonem,

51 3427 100 3496 nd
120 3426 158 3492 id
175 3425 259 3512 quod
272 3421 471 3512 propositum
486 3433 534 3487 est
549 3429 756 3486 revertemur·
775 3417 903 3486 Utinam
917 3422 950 3487 in
964 3412 1103 3515 empore

47 3559 133 3604 meo
150 3534 177 3600 si
192 3529 483 3620 quandodeliuquo
494 3575 503 3603 ,
514 3539 549 3592 et
559 3525 714 3594 delictum
725 3549 765 3592 eu
776 3549 870 3592 sensu
878 3534 985 3599 onmis
995 3537 1099 3612 venit,

45 3642 330 3732 superduceretur
349 3634 636 3712 interituscarnis,
658 3646 695 3698 ut
716 3635 843 3722 spiritus
864 3635 1047 3706 solveretur.
1068 3643 1100 3710 Si

44 3752 147 3820 enim
163 3773 240 3816 euro
255 3747 447 3822 infirmatur,-
459 3745 525 3812 sine
537 3743 636 3816 delrio
648 3743 818 3831 pmlioieno
828 3744 995 3813 infirmiter
1005 3751 1101 3818 etium

72 3895 75 3900 ¹
90 3898 124 3950 ¹1
141 3900 203 3950 Cer.
218 3916 244 3958 v,
256 3895 280 3948 5.
291 3919 327 3938 ..
337 3893 348 3927 ²
360 3915 374 3947 n
386 3895 446 3946 Cor.
461 3913 495 3957 ιι,
510 3913 589 3944 ιο.·-
602 3889 612 3923 ³
623 3893 720 3944 Coloss.
736 3912 782 3956 ιιι,
795 3891 819 3944 5.
833 3924 862 3932 .„
875 3899 968 3947 tuom.
979 3915 1024 3960 ιιι,
1044 3915 1080 3951 ιο.

201 4011 230 4050 ιι.
933 3985 971 4046 ι8
