2660 4610
202 253 284 331 tio*
648 271 791 316 omanus

202 400 344 464 »tionem
358 398 444 485 ejus,
459 409 494 462 ut
506 397 654 462 invocent
662 419 774 462 omnes
785 419 903 463 nomen
910 396 1040 462 Domini
1052 446 1061 470 ,
1071 407 1108 459 et
1115 394 1245 458 serviant
1312 477 1313 486 ἵ

202 508 252 572 »ei
265 509 325 570 sub
341 507 415 593 jugo
431 527 505 570 uno.
521 505 568 570 De
585 503 665 569 ultra
677 504 809 570 llumino
824 504 994 594 AEthiopiae
1009 502 1187 590 suscipiam
1198 525 1245 565 eos

203 614 281 703 »qui
297 614 427 700 dispersi
444 624 536 687 sunt,
553 624 585 677 et
601 613 736 678 afferent
749 612 941 679 sacrificium
958 612 1050 678 mihi.
1073 610 1113 674 ln
1134 607 1245 673 dioillo
1312 681 1313 704 ζ

148 787 150 796 ,
204 745 290 788 »non
311 713 512 786 confunderis
533 721 615 787 Saba
636 721 676 786 ab
698 722 845 786 omnihus
866 719 1158 786 adinventionibus
1174 717 1244 792 tuis,

203 831 257 895 »in
276 829 390 915 quibus
403 829 497 916 impie
513 829 603 916 egisti
615 830 646 892 in
664 829 746 895 me¹.
763 855 775 888 s
797 829 860 894 Sed
875 841 908 893 et
923 829 955 892 in
975 826 1149 893 Hieremia
1163 825 1245 912 serip-
1311 811 1313 894 l

203 947 271 999 tum
287 945 352 1007 ost,
369 932 454 1018 quod
466 933 624 1020 principes
640 934 769 1020 quidam
781 932 889 1022 populi
906 931 1005 998 Israel
1021 931 1178 996 miserint
1188 929 1245 994 llis
1312 919 1313 1002 l

205 1039 335 1102 remiam
361 1037 424 1101 «in
447 1035 555 1101 laeum
578 1033 721 1103 Melchiae
739 1035 795 1102 filii
815 1038 914 1126 regis,
935 1037 1087 1126 quierat
1114 1036 1147 1099 in
1165 1034 1244 1098 dono

205 1146 380 1232 respueris,
392 1157 424 1210 et
441 1145 656 1232 deposuerunt
666 1169 742 1211 eum
754 1170 830 1213 cum
842 1146 972 1211 funibus
984 1195 994 1220 ,
1008 1157 1046 1209 et
1058 1145 1097 1208 in
1115 1142 1184 1208 lacu
1195 1165 1243 1206 ooo

204 1265 293 1318 serat
310 1277 408 1340 aqua,
425 1252 480 1316 sed
496 1275 644 1330 coenum,
664 1265 697 1318 et
712 1267 780 1320 erat
796 1256 827 1318 in
851 1277 954 1318 eoeno.
979 1252 1137 1320 Audiens
1157 1261 1242 1315 auum

206 1358 456 1436 »Aladimelech
481 1359 625 1449 AEthiops
645 1363 692 1426 vir
711 1361 903 1435 eunuchus,
926 1361 982 1448 qui
1005 1372 1085 1424 erat
1111 1361 1144 1424 in
1166 1359 1242 1424 domo

208 1469 333 1557 mgis,
358 1469 430 1554 quia
453 1469 608 1534 miserunt
633 1455 836 1536 Hieremiamx
848 1470 881 1534 in
904 1468 1035 1544 lacum,
1064 1467 1188 1533 loeutm
1205 1481 1240 1531 est

206 1577 312 1665 megi,
329 1588 361 1641 et
377 1575 476 1641 dixit:
498 1577 634 1642 Domine
652 1601 728 1652 rex,
745 1576 989 1643 malefecerunt
1005 1576 1072 1640 viri
1091 1575 1142 1638 isti
1157 1575 1238 1640 omnia

209 1709 300 1774 »quae
322 1684 466 1749 feceruut
488 1685 520 1749 in
545 1685 735 1751 Hieremiam
758 1685 975 1774 prophetam,
999 1685 1083 1771 quia
1109 1685 1235 1748 mise-runt

210 1793 347 1858 »eumin
360 1791 464 1858 laeum
476 1842 485 1866 ,
498 1805 530 1856 et
542 1793 696 1858 morietur
709 1795 752 1858 ibi
771 1817 786 1858 a
799 1793 878 1858 faeie
894 1793 1007 1866 fomis,
1028 1793 1227 1878 quoniannon

208 1913 303 1967 »sunt
323 1901 387 1987 jam
402 1923 498 1988 panes
518 1900 551 1964 in
569 1901 706 1966 civitate.
727 1903 768 1966 Et
782 1902 931 1989 praeeepit
949 1925 1009 1965 rex
1028 1899 1221 1989 ipsidldime-

208 2009 301 2074 »lech
313 2008 453 2096 AEthiopi
465 2009 573 2074 dicens
590 2033 598 2073 t
615 2008 704 2075 Tolle
716 2009 792 2075 hine
805 2010 931 2098 triginta
943 2009 1105 2074 homines
1114 2059 1122 2081 ,
1131 2005 1219 2071 alodus

208 2141 304 2182 »eum
321 2118 360 2183 de
375 2116 466 2192 lacu,
486 2129 519 2180 ut
537 2141 602 2182 non
618 2119 660 2182 ibi
676 2117 858 2182 moriatur².
876 2145 888 2179 s
907 2119 947 2182 Et
965 2117 1054 2204 qnid
1070 2113 1231 2205 plurallir

210 2225 367 2293 dimelech
388 2225 532 2313 AEthiops
556 2226 615 2289 luit
635 2227 689 2312 qui
709 2226 901 2291 Hieremiam
918 2226 1037 2291 eduxit
1056 2227 1099 2289 de
1121 2221 1232 2289 tuenti

209 2333 415 2423 paulopost:
440 2334 579 2398 aFactus
599 2345 647 2398 est
668 2355 773 2398 sermo
790 2333 919 2398 Domini
937 2333 980 2398 ad
998 2332 1196 2398 Hieremiam
1207 2329 1240 2390 di-

212 2465 334 2507 »cens:
360 2441 466 2515 Vade,
487 2453 519 2505 et
541 2440 594 2506 ‹lic
617 2440 825 2506 Abdimelech
849 2440 1012 2528 AEthiopi,
1040 2441 1181 2507 dicens:
1202 2438 1242 2504 st

212 2550 310 2614 »dicit
326 2549 479 2614 Dominus
495 2549 579 2613 Deus
600 2547 717 2614 lsrael:
740 2550 823 2614 Eece
837 2569 896 2636 ego
916 2547 1048 2612 adduco
1069 2547 1170 2613 verba
1188 2567 1245 2609 mea

212 2681 330 2746 isuper
345 2658 503 2722 civitatem
520 2657 611 2721 istam
627 2657 660 2720 in
675 2655 777 2732 mala,
793 2669 825 2720 et
836 2679 901 2720 non
912 2655 946 2719 in
961 2657 1069 2729 hona,
1084 2668 1122 2719 et
1138 2652 1248 2719 salvabo

213 2777 266 2830 »te
281 2765 313 2829 in
329 2765 379 2829 die
394 2762 465 2838 illa,
486 2775 517 2828 et
533 2787 597 2828 non
613 2763 696 2829 dabo
707 2775 738 2827 te
759 2766 791 2828 in
809 2785 922 2828 manus
937 2763 1114 2828 hominum
1134 2785 1209 2851 quos
1221 2772 1249 2824 tu

158 2875 161 2886 “
214 2874 336 2938 »times
356 2875 382 2939 A
398 2872 476 2936 faeie
492 2895 603 2936 eorum
620 2869 740 2948 saluons
754 2869 881 2936 salvabo
898 2883 949 2946 te,
972 2883 1005 2934 et
1020 2871 1056 2934 in
1073 2870 1184 2958 gladio
1197 2891 1250 2934 noo

213 2982 346 3055 »cades‚
370 2980 425 3045 sed
446 2981 506 3044 erit
521 2981 625 3045 anima
647 2992 701 3044 tua
715 2980 749 3043 in
760 2967 918 3053 ¹salutem,
943 2978 1100 3064 quoniam
1122 2977 1250 3044 confisos

214 3110 267 3151 »es
283 3087 398 3159 inme,
416 3084 493 3149 dicit
509 3083 695 3149 Dominus⁸.
711 3111 724 3144 »

220 3243 225 3249 -
256 3195 330 3259 Haeo
349 3193 475 3257 interim
495 3192 535 3257 ad
558 3213 693 3280 praesens
710 3191 749 3255 de
769 3191 931 3280 seripturis
946 3191 1066 3256 sanetis
1086 3209 1252 3255 occurrero

213 3313 401 3390 potuerunt,
426 3299 541 3388 quibus
558 3299 634 3364 mihi
651 3300 775 3364 videtur
789 3298 940 3387 propositi
956 3299 996 3362 de
1018 3298 1167 3363 Canticis
1183 3297 1255 3361 Can

215 3411 351 3474 ticorum
375 3407 519 3473 versiculi
542 3407 730 3494 mysterium
758 3407 983 3494 comprobari,
1012 3406 1044 3469 in
1068 3429 1137 3493 quo
1161 3405 1253 3469 dicit:

223 3519 466 3592 «Fusoa'sum‚
492 3519 555 3580 sive
580 3517 687 3604 nigra,
713 3527 744 3579 et
762 3514 919 3589 formosa,
941 3513 1014 3578 filiae
1037 3511 1254 3583 Hierusalem.

213 3626 315 3690 »sieut
338 3623 578 3690 tabernaculum
601 3623 728 3697 (ledor,
758 3634 790 3686 et
813 3623 894 3686 sieut
914 3620 1012 3709 pelles
1028 3618 1249 3686 Salomonis·

205 3734 377 3797 invenitur
398 3757 475 3822 ergo
497 3733 620 3820 Moyses
636 3733 668 3798 in
692 3730 836 3796 Numeris
858 3731 1004 3817 accipere
1028 3728 1255 3816 AEtlriopissau

252 3875 349 3944 ¹Soplr.
362 3893 384 3938 r,
398 3875 430 3925 8·
442 3876 540 3926 11.-²
552 3878 601 3924 tor,
613 3889 725 3932 xxxviii,
743 3875 780 3920 ti·
798 3869 944 3920 to.-³lil.
961 3887 1055 3932 mix,
1073 3871 1171 3918 rsus.
