2748 4596
590 309 593 325 '
701 313 842 356 ealcum

303 481 315 512 «
333 451 488 526 Omnem,
503 450 615 536 iuquit,
630 439 736 515 locum
755 451 989 537 quemcumque
1005 447 1200 514 ascenderitis
1212 471 1265 513 res·

249 559 352 649 »tigiis
378 560 495 648 pedum
521 571 719 646 vestrorum,
738 558 825 623 vobis
852 558 935 624 dabo
956 555 1061 623 emn'.
1082 558 1185 636 »Quae
1206 569 1267 620 sunt

248 665 318 734 loca
333 689 402 754 quae
416 667 614 732 ascendimus
628 665 764 754 vestigiis
781 665 899 754 pedum
916 663 1120 731 nostrorum?
1131 665 1210 753 Legis
1224 663 1269 729 lit·

248 787 314 840 tera
330 775 418 840 humi
438 775 540 863 posita
555 787 621 850 est,
637 785 670 840 et
687 774 837 838 deorsum
857 774 951 862 jacet.
976 774 1138 860 Nusquam
1148 795 1215 860 ergo
1232 791 1271 838 as

250 883 356 949 cendit
371 884 424 970 qui
438 881 515 971 legis
531 881 666 947 litteram
683 881 836 969 sequitur.
855 881 976 948 sivero
993 881 1134 968 potueris
1150 903 1166 945 a
1182 881 1271 946 littera

149 989 151 994 ’
251 988 420 1055 ascendere
440 989 479 1053 ad
499 989 661 1076 spiritum,
680 999 712 1053 et
733 989 771 1053 ab
788 988 919 1052 historia
937 989 978 1054 ad
993 987 1186 1054 intellectum
1201 1011 1270 1054 con-

250 1099 401 1163 scendere
420 1096 603 1174 celsiorem,
620 1109 699 1162 tunc
718 1119 791 1163 vere
811 1097 980 1163 ascendisti
999 1097 1105 1163 lecum
1120 1097 1233 1164 editum
1246 1111 1273 1163 ct

249 1204 424 1282 excelsum,
444 1229 539 1291 quem
555 1229 572 1270 a
589 1206 656 1270 Deo
671 1206 703 1269 in
720 1204 903 1271 haereditate
923 1206 1088 1293 percipies.
1108 1206 1140 1270 Si
1157 1207 1275 1272 enimin

248 1315 285 1378 iis
307 1337 376 1401 quae
402 1315 519 1400 scripta
545 1323 618 1378 sunt
642 1325 734 1401 typos
760 1312 943 1402 intelligas,
971 1325 1005 1377 et
1031 1325 1151 1379 avertas
1174 1314 1277 1380 larmas

248 1445 316 1487 esse
328 1420 505 1486 coelcstium
515 1470 524 1496 ,
536 1431 569 1484 et
580 1433 689 1486 mente
700 1443 738 1486 ac
753 1443 847 1486 sensu
863 1449 876 1481 ι
892 1443 961 1508 qum
980 1443 1108 1486 sursum
1124 1435 1194 1487 sunt
1207 1444 1278 1510 quu-

249 1537 322 1596 »ναι
333 1581 342 1606 ,
355 1531 410 1595 ubi
424 1529 569 1595 Christus
586 1529 678 1604 estin
694 1528 822 1593 dextera
839 1529 897 1594 Dei
914 1527 1049 1593 sedens²
1066 1553 1074 1594 :
1093 1541 1193 1596 stunc
1204 1543 1234 1596 ct
1244 1531 1278 1596 il-

249 1639 316 1705 lum
332 1638 438 1704 lecum
451 1638 484 1702 in
496 1636 680 1704 haereditnte
696 1637 870 1725 percipies,
884 1637 1011 1702 dicente
1026 1637 1163 1704 Domino
1174 1651 1204 1703 et
1218 1639 1281 1706 Sal-

248 1760 357 1814 vatere
367 1758 474 1812 nostre
481 1793 492 1822 ,
503 1746 575 1833 quia
587 1773 599 1805 ι
610 1745 663 1809 ubi
671 1769 730 1832 ege
739 1767 823 1822 sum,
835 1745 877 1810 ibi
889 1745 949 1809 erit
956 1745 1141 1811 etministcr
1148 1749 1275 1813 meus⁸u

250 1859 284 1922 Si
300 1879 376 1944 ergo
389 1878 489 1942 usquc
504 1853 544 1917 ad
557 1853 720 1918 Christum
736 1853 898 1920 sedentem
915 1855 947 1919 in
963 1854 1091 1921 dextera
1106 1857 1165 1922 Dei
1180 1879 1280 1945 pervc-

251 1965 336 2030 neris
357 1961 442 2036 lide,
463 1962 534 2025 vitae
555 1961 712 2048 puritate,
733 1961 862 2037 virtute,
879 1973 910 2025 et
935 1960 995 2027 illis
1017 1963 1153 2052 vestigiis
1174 1963 1278 2052 pedum

252 2084 383 2135 tuorum
403 2092 472 2156 quse
487 2068 561 2134 lavit
577 2067 688 2144 lesus,
705 2067 794 2135 illum
811 2068 916 2136 locum
932 2065 1115 2148 incesseris,
1133 2073 1217 2138 dabit
1230 2074 1285 2138 tibi

254 2201 328 2243 eum
346 2180 431 2244 Deus
451 2201 459 2242 τ
476 2189 508 2242 et
524 2190 601 2244 tunc
617 2201 680 2244 non
696 2177 797 2244 solum
812 2177 913 2246 haeres
933 2179 1079 2246 efficieris
1099 2181 1174 2258 Dei,
1190 2182 1245 2248 sed
1258 2195 1289 2249 et

252 2287 392 2378 cehaeres
412 2285 539 2351 Christi.
558 2327 563 2339 ·

250 2535 687 2566 wmwtumnummemlwem
692 2543 1092 2572 meeswiwwwwsmmmw
1100 2553 1115 2566 ιι
1129 2549 1295 2572 mamm·

562 2718 757 2784 HOMILIA
781 2720 943 2788 TERTIA
963 2720 984 2787 ⁶.

253 2971 295 3026 Dc
312 2966 428 3030 duabus
449 2967 580 3024 etsemis
596 2965 748 3039 tribubus,
768 2967 797 3023 id
821 2977 881 3040 cst,
904 2970 982 3027 tribu
1008 2971 1136 3044 llubcn,
1166 2987 1197 3031 et
1221 2977 1301 3034 tribu

278 3069 361 3138 Gad,
378 3079 407 3126 et
420 3067 591 3126 semi-tribu
605 3069 757 3138 tranasse,
771 3078 801 3125 ct
820 3086 928 3127 novem
940 3081 970 3128 et
986 3075 1076 3130 semis
1090 3073 1274 3133 utbubust.

301 3293 425 3357 lllorsus
440 3291 450 3323 ⁶
464 3289 680 3355 haereditatem
706 3301 797 3353 terrm
825 3291 984 3358 distribuit
1009 3308 1093 3361 trans
1113 3297 1305 3364 dordancm

253 3403 374 3468 duabus
394 3411 426 3464 et
442 3399 534 3463 scuris
558 3399 725 3473 tribubus,
742 3398 775 3462 id
793 3411 860 3474 est,
878 3401 973 3466 tribui
993 3404 1126 3482 Rubcn,
1145 3419 1181 3471 et
1206 3405 1309 3473 tribui

253 3512 341 3585 Gad,
360 3521 392 3575 et
411 3507 548 3573 dimidie
572 3507 667 3571 tribui
687 3505 839 3570 Manasse.
860 3507 1000 3596 Reliquis
1022 3536 1096 3576 vero
1118 3501 1308 3588 tribubus,

289 3659 361 3709 ¹Jus.
375 3677 398 3719 1,
419 3655 443 3705 3.
457 3685 489 3693 -—
500 3655 511 3688 ¹
524 3654 619 3704 Coloss.
631 3670 678 3714 ιιι,
695 3669 758 3703 1.—
771 3649 780 3682 ⁸
793 3656 866 3702 than.
879 3674 929 3719 xrr,
941 3661 984 3708 ιδ.

289 3749 381 3803 *Tem
397 3766 431 3807 ιι,
447 3763 516 3812 pagg.
533 3751 655 3805 flor-tot.

290 3841 364 3891 5Ιυιι.
379 3857 406 3888 ιι.

289 3932 344 3983 ⁶N.
361 3949 379 3980 1.
