<?xml version="1.0" encoding="UTF-8"?>
<!DOCTYPE html PUBLIC "-//W3C//DTD XHTML 1.0 Transitional//EN"
    "http://www.w3.org/TR/xhtml1/DTD/xhtml1-transitional.dtd">
<html xmlns="http://www.w3.org/1999/xhtml" xml:lang="en" lang="en">
 <head>
  <title>
</title>
<meta http-equiv="Content-Type" content="text/html;charset=utf-8" />
  <meta name='ocr-system' content='tesseract 3.04.00' />
  <meta name='ocr-capabilities' content='ocr_page ocr_carea ocr_par ocr_line ocrx_word'/>
</head>
<body>
  <div class='ocr_page' id='page_1' title='image "./collectioselect01guilgoog_0508.png"; bbox 0 0 2744 4600; ppageno 0'>
   <div class='ocr_carea' id='block_1_1' title="bbox 247 268 836 332">
    <p class='ocr_par' dir='ltr' id='par_1_1' title="bbox 247 268 836 332">
     <span class='ocr_line' id='line_1_1' title="bbox 247 268 836 332; baseline -0.005 -1"><span class='ocrx_word' id='word_1_1' title='bbox 247 268 310 332; x_wconf 73' lang='lat' dir='ltr'><strong>:iuti</strong></span> <span class='ocrx_word' id='word_1_2' title='bbox 693 288 836 332; x_wconf 81' lang='lat' dir='ltr'><strong>onronms</strong></span> 
     </span>
    </p>
   </div>
   <div class='ocr_carea' id='block_1_2' title="bbox 245 391 1288 820">
    <p class='ocr_par' dir='ltr' id='par_1_2' title="bbox 246 391 1284 494">
     <span class='ocr_line' id='line_1_2' title="bbox 246 391 1284 494; baseline -0.001 -25"><span class='ocrx_word' id='word_1_3' title='bbox 246 405 387 494; x_wconf 86' lang='lat' dir='ltr'><strong>inspirati</strong></span> <span class='ocrx_word' id='word_1_4' title='bbox 399 415 474 468; x_wconf 90' lang='lat' dir='ltr'><strong>sunt</strong></span> <span class='ocrx_word' id='word_1_5' title='bbox 485 403 663 490; x_wconf 72' lang='lat' dir='ltr'><strong>Prophetae,</strong></span> <span class='ocrx_word' id='word_1_6' title='bbox 674 417 706 470; x_wconf 91' lang='lat' dir='ltr'><strong>et</strong></span> <span class='ocrx_word' id='word_1_7' title='bbox 717 401 854 492; x_wconf 83' lang='lat' dir='ltr'><strong>psallens</strong></span> <span class='ocrx_word' id='word_1_8' title='bbox 866 401 972 468; x_wconf 87' lang='lat' dir='ltr'><strong>dicere</strong></span> <span class='ocrx_word' id='word_1_9' title='bbox 986 425 994 466; x_wconf 80' lang='lat' dir='ltr'><strong>r</strong></span> <span class='ocrx_word' id='word_1_10' title='bbox 1007 428 1020 462; x_wconf 90' lang='grc' dir='ltr'><strong>ιι</strong></span> <span class='ocrx_word' id='word_1_11' title='bbox 1033 401 1145 468; x_wconf 83' lang='lat' dir='ltr'><strong>Canite</strong></span> <span class='ocrx_word' id='word_1_12' title='bbox 1156 391 1284 468; x_wconf 83' lang='lat' dir='ltr'><strong>initium</strong></span> 
     </span>
    </p>

    <p class='ocr_par' dir='ltr' id='par_1_3' title="bbox 245 509 1288 601">
     <span class='ocr_line' id='line_1_3' title="bbox 245 509 1288 601; baseline -0.003 -23"><span class='ocrx_word' id='word_1_13' title='bbox 245 548 257 578; x_wconf 79' lang='grc' dir='ltr'>ι</span> <span class='ocrx_word' id='word_1_14' title='bbox 272 509 389 582; x_wconf 88' lang='lat' dir='ltr'><strong>mensis</strong></span> <span class='ocrx_word' id='word_1_15' title='bbox 405 513 494 586; x_wconf 87' lang='lat' dir='ltr'><strong>tuha,</strong></span> <span class='ocrx_word' id='word_1_16' title='bbox 510 511 543 577; x_wconf 95' lang='lat' dir='ltr'><strong>in</strong></span> <span class='ocrx_word' id='word_1_17' title='bbox 555 513 606 578; x_wconf 90' lang='lat' dir='ltr'><strong>die</strong></span> <span class='ocrx_word' id='word_1_18' title='bbox 622 513 751 601; x_wconf 85' lang='lat' dir='ltr'><strong>insignis</strong></span> <span class='ocrx_word' id='word_1_19' title='bbox 765 512 973 578; x_wconf 72' lang='lat' dir='ltr'><strong>solemnitatis</strong></span> <span class='ocrx_word' id='word_1_20' title='bbox 985 513 1092 599; x_wconf 48' lang='lat' dir='ltr'><strong>ejus„</strong></span> <span class='ocrx_word' id='word_1_21' title='bbox 1110 523 1142 578; x_wconf 90' lang='lat' dir='ltr'><strong>et</strong></span> <span class='ocrx_word' id='word_1_22' title='bbox 1154 513 1211 600; x_wconf 83' lang='lat' dir='ltr'><strong>qui</strong></span> <span class='ocrx_word' id='word_1_23' title='bbox 1224 513 1288 578; x_wconf 84' lang='lat' dir='ltr'><strong>scit</strong></span> 
     </span>
    </p>

    <p class='ocr_par' dir='ltr' id='par_1_4' title="bbox 248 620 1285 820">
     <span class='ocr_line' id='line_1_4' title="bbox 248 620 1247 714; baseline -0.005 -23"><span class='ocrx_word' id='word_1_24' title='bbox 248 629 279 694; x_wconf 87' lang='lat' dir='ltr'><strong>in</strong></span> <span class='ocrx_word' id='word_1_25' title='bbox 296 623 424 714; x_wconf 88' lang='lat' dir='ltr'><strong>psalmis</strong></span> <span class='ocrx_word' id='word_1_26' title='bbox 439 621 574 709; x_wconf 85' lang='lat' dir='ltr'><strong>jubilare</strong></span> <span class='ocrx_word' id='word_1_27' title='bbox 589 623 632 696; x_wconf 85' lang='lat' dir='ltr'><strong>ei.</strong></span> <span class='ocrx_word' id='word_1_28' title='bbox 646 623 740 711; x_wconf 80' lang='lat' dir='ltr'><strong>digne</strong></span> <span class='ocrx_word' id='word_1_29' title='bbox 755 623 820 711; x_wconf 81' lang='lat' dir='ltr'><strong>agit</strong></span> <span class='ocrx_word' id='word_1_30' title='bbox 835 620 1069 688; x_wconf 78' lang='lat' dir='ltr'><strong>solemnitatem</strong></span> <span class='ocrx_word' id='word_1_31' title='bbox 1081 623 1247 687; x_wconf 85' lang='lat' dir='ltr'><strong>tuburum.</strong></span> 
     </span>
     <span class='ocr_line' id='line_1_5' title="bbox 289 731 1285 820; baseline -0.002 -22"><span class='ocrx_word' id='word_1_32' title='bbox 289 733 332 798; x_wconf 88' lang='lat' dir='ltr'><strong>X.</strong></span> <span class='ocrx_word' id='word_1_33' title='bbox 346 733 400 797; x_wconf 90' lang='lat' dir='ltr'><strong>Est</strong></span> <span class='ocrx_word' id='word_1_34' title='bbox 412 731 517 798; x_wconf 88' lang='lat' dir='ltr'><strong>adhuc</strong></span> <span class='ocrx_word' id='word_1_35' title='bbox 528 743 561 796; x_wconf 89' lang='lat' dir='ltr'><strong>et</strong></span> <span class='ocrx_word' id='word_1_36' title='bbox 572 731 631 796; x_wconf 87' lang='lat' dir='ltr'><strong>alia</strong></span> <span class='ocrx_word' id='word_1_37' title='bbox 642 731 804 808; x_wconf 76' lang='lat' dir='ltr'><strong>festivitas,</strong></span> <span class='ocrx_word' id='word_1_38' title='bbox 817 754 894 798; x_wconf 87' lang='lat' dir='ltr'><strong>oum</strong></span> <span class='ocrx_word' id='word_1_39' title='bbox 905 731 1050 820; x_wconf 83' lang='lat' dir='ltr'><strong>affligunt</strong></span> <span class='ocrx_word' id='word_1_40' title='bbox 1062 732 1183 798; x_wconf 86' lang='lat' dir='ltr'><strong>animas</strong></span> <span class='ocrx_word' id='word_1_41' title='bbox 1198 754 1285 806; x_wconf 84' lang='lat' dir='ltr'><strong>suas,</strong></span> 
     </span>
    </p>
   </div>
   <div class='ocr_carea' id='block_1_3' title="bbox 1355 215 1358 386">
    <p class='ocr_par' dir='ltr' id='par_1_5' title="bbox 1355 215 1358 386">
     <span class='ocr_line' id='line_1_6' title="bbox 1356 215 1358 302; baseline 0 0"><span class='ocrx_word' id='word_1_42' title='bbox 1356 215 1358 302; x_wconf 85' lang='lat' dir='ltr'><strong>t</strong></span> 
     </span>
     <span class='ocr_line' id='line_1_7' title="bbox 1355 319 1358 386; baseline 0 0"><span class='ocrx_word' id='word_1_43' title='bbox 1355 319 1358 386; x_wconf 91' lang='grc' dir='ltr'>ι</span> 
     </span>
    </p>
   </div>
   <div class='ocr_carea' id='block_1_4' title="bbox 248 839 1358 914">
    <p class='ocr_par' dir='ltr' id='par_1_6' title="bbox 248 839 1358 914">
     <span class='ocr_line' id='line_1_8' title="bbox 248 839 1358 914; baseline -0.003 -7"><span class='ocrx_word' id='word_1_44' title='bbox 248 856 280 908; x_wconf 87' lang='lat' dir='ltr'><strong>et</strong></span> <span class='ocrx_word' id='word_1_45' title='bbox 302 839 471 908; x_wconf 88' lang='lat' dir='ltr'><strong>humiliant</strong></span> <span class='ocrx_word' id='word_1_46' title='bbox 490 863 523 906; x_wconf 89' lang='lat' dir='ltr'><strong>se</strong></span> <span class='ocrx_word' id='word_1_47' title='bbox 545 840 612 906; x_wconf 86' lang='lat' dir='ltr'><strong>Deo</strong></span> <span class='ocrx_word' id='word_1_48' title='bbox 633 840 712 906; x_wconf 80' lang='lat' dir='ltr'><strong>fests</strong></span> <span class='ocrx_word' id='word_1_49' title='bbox 733 839 940 906; x_wconf 74' lang='lat' dir='ltr'><strong>celebrantes.</strong></span> <span class='ocrx_word' id='word_1_50' title='bbox 961 840 991 907; x_wconf 93' lang='grc' dir='ltr'>Ο</span> <span class='ocrx_word' id='word_1_51' title='bbox 1009 841 1089 906; x_wconf 84' lang='lat' dir='ltr'><strong>mira</strong></span> <span class='ocrx_word' id='word_1_52' title='bbox 1110 841 1284 906; x_wconf 76' lang='lat' dir='ltr'><strong>festivitas!</strong></span> <span class='ocrx_word' id='word_1_53' title='bbox 1357 877 1358 914; x_wconf 53' lang='grc' dir='ltr'>ι</span> 
     </span>
    </p>
   </div>
   <div class='ocr_carea' id='block_1_5' title="bbox 246 951 1287 1038">
    <p class='ocr_par' dir='ltr' id='par_1_7' title="bbox 246 951 1287 1038">
     <span class='ocr_line' id='line_1_9' title="bbox 246 951 1287 1038; baseline -0.001 -22"><span class='ocrx_word' id='word_1_54' title='bbox 246 953 313 1017; x_wconf 77' lang='lat' dir='ltr'><strong>(lies</strong></span> <span class='ocrx_word' id='word_1_55' title='bbox 329 953 425 1017; x_wconf 82' lang='lat' dir='ltr'><strong>festus</strong></span> <span class='ocrx_word' id='word_1_56' title='bbox 447 962 579 1017; x_wconf 82' lang='lat' dir='ltr'><strong>vocatur</strong></span> <span class='ocrx_word' id='word_1_57' title='bbox 600 951 729 1018; x_wconf 90' lang='lat' dir='ltr'><strong>sflliotio</strong></span> <span class='ocrx_word' id='word_1_58' title='bbox 745 951 868 1018; x_wconf 83' lang='lat' dir='ltr'><strong>animae.</strong></span> <span class='ocrx_word' id='word_1_59' title='bbox 884 951 945 1016; x_wconf 87' lang='lat' dir='ltr'><strong>llio</strong></span> <span class='ocrx_word' id='word_1_60' title='bbox 963 951 1062 1026; x_wconf 89' lang='lat' dir='ltr'><strong>enim,</strong></span> <span class='ocrx_word' id='word_1_61' title='bbox 1081 951 1199 1038; x_wconf 88' lang='lat' dir='ltr'><strong>inquit,</strong></span> <span class='ocrx_word' id='word_1_62' title='bbox 1218 951 1287 1016; x_wconf 88' lang='lat' dir='ltr'><strong>dies</strong></span> 
     </span>
    </p>
   </div>
   <div class='ocr_carea' id='block_1_6' title="bbox 248 1057 1358 1150">
    <p class='ocr_par' dir='ltr' id='par_1_8' title="bbox 248 1057 1358 1150">
     <span class='ocr_line' id='line_1_10' title="bbox 248 1057 1358 1150; baseline -0.002 -24"><span class='ocrx_word' id='word_1_63' title='bbox 248 1073 297 1126; x_wconf 89' lang='lat' dir='ltr'><strong>est</strong></span> <span class='ocrx_word' id='word_1_64' title='bbox 314 1060 547 1150; x_wconf 87' lang='lat' dir='ltr'><strong>Propitiationis</strong></span> <span class='ocrx_word' id='word_1_65' title='bbox 566 1059 689 1126; x_wconf 87' lang='lat' dir='ltr'><strong>decima</strong></span> <span class='ocrx_word' id='word_1_66' title='bbox 704 1060 756 1125; x_wconf 92' lang='lat' dir='ltr'><strong>die</strong></span> <span class='ocrx_word' id='word_1_67' title='bbox 771 1060 889 1126; x_wconf 86' lang='lat' dir='ltr'><strong>mensis</strong></span> <span class='ocrx_word' id='word_1_68' title='bbox 905 1060 1040 1148; x_wconf 82' lang='lat' dir='ltr'><strong>septimi.</strong></span> <span class='ocrx_word' id='word_1_69' title='bbox 1055 1058 1137 1125; x_wconf 86' lang='lat' dir='ltr'><strong>Vide</strong></span> <span class='ocrx_word' id='word_1_70' title='bbox 1151 1081 1245 1148; x_wconf 80' lang='lat' dir='ltr'><strong>ergo,</strong></span> <span class='ocrx_word' id='word_1_71' title='bbox 1261 1061 1286 1124; x_wconf 89' lang='lat' dir='ltr'><strong>si</strong></span> <span class='ocrx_word' id='word_1_72' title='bbox 1357 1057 1358 1066; x_wconf 71' lang='grc'>’</span> 
     </span>
    </p>
   </div>
   <div class='ocr_carea' id='block_1_7' title="bbox 207 1165 1292 3332">
    <p class='ocr_par' dir='ltr' id='par_1_9' title="bbox 243 1165 1292 3113">
     <span class='ocr_line' id='line_1_11' title="bbox 246 1165 1287 1256; baseline -0.001 -23"><span class='ocrx_word' id='word_1_73' title='bbox 246 1170 292 1234; x_wconf 86' lang='lat' dir='ltr'><strong>vis</strong></span> <span class='ocrx_word' id='word_1_74' title='bbox 308 1170 392 1235; x_wconf 91' lang='lat' dir='ltr'><strong>diem</strong></span> <span class='ocrx_word' id='word_1_75' title='bbox 410 1169 526 1236; x_wconf 82' lang='lat' dir='ltr'><strong>festum</strong></span> <span class='ocrx_word' id='word_1_76' title='bbox 546 1191 651 1256; x_wconf 79' lang='lat' dir='ltr'><strong>agere.</strong></span> <span class='ocrx_word' id='word_1_77' title='bbox 669 1168 694 1234; x_wconf 87' lang='lat' dir='ltr'><strong>si</strong></span> <span class='ocrx_word' id='word_1_78' title='bbox 712 1169 756 1233; x_wconf 88' lang='lat' dir='ltr'><strong>ris</strong></span> <span class='ocrx_word' id='word_1_79' title='bbox 773 1179 809 1233; x_wconf 95' lang='lat' dir='ltr'><strong>ut</strong></span> <span class='ocrx_word' id='word_1_80' title='bbox 822 1165 946 1233; x_wconf 81' lang='lat' dir='ltr'><strong>laetetur</strong></span> <span class='ocrx_word' id='word_1_81' title='bbox 964 1167 1050 1232; x_wconf 83' lang='lat' dir='ltr'><strong>Deus</strong></span> <span class='ocrx_word' id='word_1_82' title='bbox 1067 1191 1163 1256; x_wconf 90' lang='lat' dir='ltr'><strong>super</strong></span> <span class='ocrx_word' id='word_1_83' title='bbox 1179 1180 1228 1242; x_wconf 86' lang='lat' dir='ltr'><strong>te,</strong></span> <span class='ocrx_word' id='word_1_84' title='bbox 1240 1167 1287 1232; x_wconf 85' lang='lat' dir='ltr'><strong>uf·</strong></span> 
     </span>
     <span class='ocr_line' id='line_1_12' title="bbox 245 1276 1286 1367; baseline -0.004 -23"><span class='ocrx_word' id='word_1_85' title='bbox 245 1277 318 1367; x_wconf 81' lang='lat' dir='ltr'><strong>ssige</strong></span> <span class='ocrx_word' id='word_1_86' title='bbox 332 1279 471 1344; x_wconf 89' lang='lat' dir='ltr'><strong>animam</strong></span> <span class='ocrx_word' id='word_1_87' title='bbox 485 1289 588 1351; x_wconf 83' lang='lat' dir='ltr'><strong>tuam,</strong></span> <span class='ocrx_word' id='word_1_88' title='bbox 605 1289 637 1342; x_wconf 91' lang='lat' dir='ltr'><strong>et</strong></span> <span class='ocrx_word' id='word_1_89' title='bbox 654 1276 785 1344; x_wconf 85' lang='lat' dir='ltr'><strong>humilia</strong></span> <span class='ocrx_word' id='word_1_90' title='bbox 805 1301 887 1344; x_wconf 90' lang='lat' dir='ltr'><strong>eam.</strong></span> <span class='ocrx_word' id='word_1_91' title='bbox 907 1278 979 1343; x_wconf 92' lang='lat' dir='ltr'><strong>Non</strong></span> <span class='ocrx_word' id='word_1_92' title='bbox 996 1278 1025 1342; x_wconf 91' lang='lat' dir='ltr'><strong>ei</strong></span> <span class='ocrx_word' id='word_1_93' title='bbox 1046 1276 1214 1365; x_wconf 84' lang='lat' dir='ltr'><strong>permittas</strong></span> <span class='ocrx_word' id='word_1_94' title='bbox 1230 1301 1286 1341; x_wconf 83' lang='lat' dir='ltr'><strong>ex-</strong></span> 
     </span>
     <span class='ocr_line' id='line_1_13' title="bbox 245 1384 1286 1476; baseline -0.005 -22"><span class='ocrx_word' id='word_1_95' title='bbox 245 1387 332 1476; x_wconf 89' lang='lat' dir='ltr'><strong>plere</strong></span> <span class='ocrx_word' id='word_1_96' title='bbox 348 1387 502 1452; x_wconf 87' lang='lat' dir='ltr'><strong>desiderio</strong></span> <span class='ocrx_word' id='word_1_97' title='bbox 522 1409 591 1460; x_wconf 87' lang='lat' dir='ltr'><strong>sua,</strong></span> <span class='ocrx_word' id='word_1_98' title='bbox 609 1408 669 1452; x_wconf 90' lang='lat' dir='ltr'><strong>nec</strong></span> <span class='ocrx_word' id='word_1_99' title='bbox 690 1386 847 1452; x_wconf 88' lang='lat' dir='ltr'><strong>concedas</strong></span> <span class='ocrx_word' id='word_1_100' title='bbox 863 1387 891 1450; x_wconf 90' lang='lat' dir='ltr'><strong>ei</strong></span> <span class='ocrx_word' id='word_1_101' title='bbox 912 1384 1047 1451; x_wconf 81' lang='lat' dir='ltr'><strong>lasciviis</strong></span> <span class='ocrx_word' id='word_1_102' title='bbox 1064 1386 1214 1474; x_wconf 66' lang='lat' dir='ltr'><strong>evagaris</strong></span> <span class='ocrx_word' id='word_1_103' title='bbox 1233 1385 1286 1450; x_wconf 86' lang='lat' dir='ltr'><strong>sed</strong></span> 
     </span>
     <span class='ocr_line' id='line_1_14' title="bbox 245 1493 1287 1586; baseline -0.003 -23"><span class='ocrx_word' id='word_1_104' title='bbox 245 1500 435 1585; x_wconf 80' lang='lat' dir='ltr'><strong>inquantum</strong></span> <span class='ocrx_word' id='word_1_105' title='bbox 446 1496 516 1562; x_wconf 87' lang='lat' dir='ltr'><strong>fieri</strong></span> <span class='ocrx_word' id='word_1_106' title='bbox 527 1510 644 1586; x_wconf 89' lang='lat' dir='ltr'><strong>potest,</strong></span> <span class='ocrx_word' id='word_1_107' title='bbox 656 1497 760 1584; x_wconf 78' lang='lat' dir='ltr'><strong>afflige</strong></span> <span class='ocrx_word' id='word_1_108' title='bbox 771 1508 803 1560; x_wconf 89' lang='lat' dir='ltr'><strong>et</strong></span> <span class='ocrx_word' id='word_1_109' title='bbox 814 1493 945 1561; x_wconf 91' lang='lat' dir='ltr'><strong>humilia</strong></span> <span class='ocrx_word' id='word_1_110' title='bbox 958 1519 1039 1561; x_wconf 88' lang='lat' dir='ltr'><strong>eam.</strong></span> <span class='ocrx_word' id='word_1_111' title='bbox 1050 1496 1200 1583; x_wconf 83' lang='lat' dir='ltr'><strong>Denique</strong></span> <span class='ocrx_word' id='word_1_112' title='bbox 1209 1495 1287 1561; x_wconf 85' lang='lat' dir='ltr'><strong>Pas-</strong></span> 
     </span>
     <span class='ocr_line' id='line_1_15' title="bbox 244 1604 1286 1694; baseline -0.005 -22"><span class='ocrx_word' id='word_1_113' title='bbox 244 1606 313 1672; x_wconf 81' lang='lat' dir='ltr'><strong>chae</strong></span> <span class='ocrx_word' id='word_1_114' title='bbox 328 1605 479 1672; x_wconf 79' lang='lat' dir='ltr'><strong>festivitas</strong></span> <span class='ocrx_word' id='word_1_115' title='bbox 494 1615 527 1669; x_wconf 90' lang='lat' dir='ltr'><strong>et</strong></span> <span class='ocrx_word' id='word_1_116' title='bbox 542 1605 751 1691; x_wconf 72' lang='lat' dir='ltr'><strong>Azymorum,</strong></span> <span class='ocrx_word' id='word_1_117' title='bbox 771 1628 886 1694; x_wconf 91' lang='lat' dir='ltr'><strong>panem</strong></span> <span class='ocrx_word' id='word_1_118' title='bbox 907 1605 1087 1670; x_wconf 84' lang='lat' dir='ltr'><strong>afflictionis</strong></span> <span class='ocrx_word' id='word_1_119' title='bbox 1104 1605 1228 1671; x_wconf 86' lang='lat' dir='ltr'><strong>hahere</strong></span> <span class='ocrx_word' id='word_1_120' title='bbox 1243 1604 1286 1668; x_wconf 89' lang='lat' dir='ltr'><strong>di·</strong></span> 
     </span>
     <span class='ocr_line' id='line_1_16' title="bbox 244 1713 1285 1803; baseline -0.005 -22"><span class='ocrx_word' id='word_1_121' title='bbox 244 1717 348 1782; x_wconf 88' lang='lat' dir='ltr'><strong>citur:</strong></span> <span class='ocrx_word' id='word_1_122' title='bbox 363 1738 424 1781; x_wconf 92' lang='lat' dir='ltr'><strong>nec</strong></span> <span class='ocrx_word' id='word_1_123' title='bbox 443 1726 548 1803; x_wconf 89' lang='lat' dir='ltr'><strong>potest</strong></span> <span class='ocrx_word' id='word_1_124' title='bbox 566 1714 641 1801; x_wconf 80' lang='lat' dir='ltr'><strong>quis&#39;</strong></span> <span class='ocrx_word' id='word_1_125' title='bbox 656 1737 749 1802; x_wconf 85' lang='lat' dir='ltr'><strong>agere</strong></span> <span class='ocrx_word' id='word_1_126' title='bbox 769 1714 853 1780; x_wconf 88' lang='lat' dir='ltr'><strong>diem</strong></span> <span class='ocrx_word' id='word_1_127' title='bbox 875 1713 1004 1788; x_wconf 84' lang='lat' dir='ltr'><strong>festum,</strong></span> <span class='ocrx_word' id='word_1_128' title='bbox 1024 1714 1084 1778; x_wconf 83' lang='lat' dir='ltr'><strong>nisi</strong></span> <span class='ocrx_word' id='word_1_129' title='bbox 1104 1714 1285 1780; x_wconf 82' lang='lat' dir='ltr'><strong>afflictionis</strong></span> 
     </span>
     <span class='ocr_line' id='line_1_17' title="bbox 243 1821 1278 1910; baseline -0.001 -24"><span class='ocrx_word' id='word_1_130' title='bbox 243 1845 359 1908; x_wconf 88' lang='lat' dir='ltr'><strong>panem</strong></span> <span class='ocrx_word' id='word_1_131' title='bbox 376 1821 615 1888; x_wconf 80' lang='lat' dir='ltr'><strong>manducaverit</strong></span> <span class='ocrx_word' id='word_1_132' title='bbox 627 1834 660 1885; x_wconf 85' lang='lat' dir='ltr'><strong>et</strong></span> <span class='ocrx_word' id='word_1_133' title='bbox 676 1823 915 1888; x_wconf 78' lang='lat' dir='ltr'><strong>manducaverit</strong></span> <span class='ocrx_word' id='word_1_134' title='bbox 930 1823 1048 1910; x_wconf 86' lang='lat' dir='ltr'><strong>pascha</strong></span> <span class='ocrx_word' id='word_1_135' title='bbox 1070 1845 1145 1888; x_wconf 88' lang='lat' dir='ltr'><strong>cum</strong></span> <span class='ocrx_word' id='word_1_136' title='bbox 1166 1822 1278 1888; x_wconf 81' lang='lat' dir='ltr'><strong>amari-</strong></span> 
     </span>
     <span class='ocr_line' id='line_1_18' title="bbox 246 1928 1286 2018; baseline 0 -24"><span class='ocrx_word' id='word_1_137' title='bbox 246 1931 367 1994; x_wconf 89' lang='lat' dir='ltr'><strong>tudine.</strong></span> <span class='ocrx_word' id='word_1_138' title='bbox 389 1928 622 1995; x_wconf 84' lang='lat' dir='ltr'><strong>hlauducahitis</strong></span> <span class='ocrx_word' id='word_1_139' title='bbox 647 1931 746 2004; x_wconf 86' lang='lat' dir='ltr'><strong>enim,</strong></span> <span class='ocrx_word' id='word_1_140' title='bbox 768 1931 881 2018; x_wconf 88' lang='lat' dir='ltr'><strong>inquit,</strong></span> <span class='ocrx_word' id='word_1_141' title='bbox 903 1953 1014 2018; x_wconf 83' lang='lat' dir='ltr'><strong>azyma</strong></span> <span class='ocrx_word' id='word_1_142' title='bbox 1037 1953 1112 1996; x_wconf 88' lang='lat' dir='ltr'><strong>cum</strong></span> <span class='ocrx_word' id='word_1_143' title='bbox 1136 1931 1286 1996; x_wconf 86' lang='lat' dir='ltr'><strong>amaritu-</strong></span> 
     </span>
     <span class='ocr_line' id='line_1_19' title="bbox 246 2037 1283 2128; baseline 0 -25"><span class='ocrx_word' id='word_1_144' title='bbox 246 2039 335 2114; x_wconf 89' lang='lat' dir='ltr'><strong>dine,</strong></span> <span class='ocrx_word' id='word_1_145' title='bbox 351 2039 415 2104; x_wconf 86' lang='lat' dir='ltr'><strong>sive</strong></span> <span class='ocrx_word' id='word_1_146' title='bbox 431 2038 570 2127; x_wconf 85' lang='lat' dir='ltr'><strong>picriia¹.</strong></span> <span class='ocrx_word' id='word_1_147' title='bbox 586 2037 686 2104; x_wconf 79' lang='lat' dir='ltr'><strong>Audis</strong></span> <span class='ocrx_word' id='word_1_148' title='bbox 701 2063 777 2128; x_wconf 81' lang='lat' dir='ltr'><strong>ergo</strong></span> <span class='ocrx_word' id='word_1_149' title='bbox 792 2041 870 2128; x_wconf 91' lang='lat' dir='ltr'><strong>quid</strong></span> <span class='ocrx_word' id='word_1_150' title='bbox 885 2053 991 2106; x_wconf 83' lang='lat' dir='ltr'><strong>essent</strong></span> <span class='ocrx_word' id='word_1_151' title='bbox 1003 2040 1190 2110; x_wconf 83' lang='lat' dir='ltr'><strong>festivitates</strong></span> <span class='ocrx_word' id='word_1_152' title='bbox 1204 2039 1283 2106; x_wconf 81' lang='lat' dir='ltr'><strong>Dei:</strong></span> 
     </span>
     <span class='ocr_line' id='line_1_20' title="bbox 246 2146 1285 2236; baseline -0.001 -23"><span class='ocrx_word' id='word_1_153' title='bbox 246 2171 311 2216; x_wconf 90' lang='lat' dir='ltr'><strong>non</strong></span> <span class='ocrx_word' id='word_1_154' title='bbox 324 2148 481 2236; x_wconf 83' lang='lat' dir='ltr'><strong>recipiunt</strong></span> <span class='ocrx_word' id='word_1_155' title='bbox 492 2146 694 2214; x_wconf 87' lang='lat' dir='ltr'><strong>dulcedinem</strong></span> <span class='ocrx_word' id='word_1_156' title='bbox 708 2148 920 2236; x_wconf 80' lang='lat' dir='ltr'><strong>corporalem,</strong></span> <span class='ocrx_word' id='word_1_157' title='bbox 929 2149 1007 2215; x_wconf 91' lang='lat' dir='ltr'><strong>nihil</strong></span> <span class='ocrx_word' id='word_1_158' title='bbox 1016 2150 1200 2226; x_wconf 87' lang='lat' dir='ltr'><strong>remissum,</strong></span> <span class='ocrx_word' id='word_1_159' title='bbox 1210 2147 1285 2214; x_wconf 86' lang='lat' dir='ltr'><strong>nihil</strong></span> 
     </span>
     <span class='ocr_line' id='line_1_21' title="bbox 243 2257 1287 2346; baseline 0.001 -23"><span class='ocrx_word' id='word_1_160' title='bbox 243 2257 468 2346; x_wconf 83' lang='lat' dir='ltr'><strong>voluptuosum</strong></span> <span class='ocrx_word' id='word_1_161' title='bbox 485 2269 539 2322; x_wconf 86' lang='lat' dir='ltr'><strong>aut</strong></span> <span class='ocrx_word' id='word_1_162' title='bbox 554 2257 752 2324; x_wconf 84' lang='lat' dir='ltr'><strong>luxuriosum</strong></span> <span class='ocrx_word' id='word_1_163' title='bbox 768 2258 898 2333; x_wconf 72' lang='lat' dir='ltr'><strong>volunta</strong></span> <span class='ocrx_word' id='word_1_164' title='bbox 921 2260 978 2326; x_wconf 86' lang='lat' dir='ltr'><strong>sed</strong></span> <span class='ocrx_word' id='word_1_165' title='bbox 992 2260 1198 2326; x_wconf 85' lang='lat' dir='ltr'><strong>afflictionem</strong></span> <span class='ocrx_word' id='word_1_166' title='bbox 1218 2262 1287 2326; x_wconf 87' lang='lat' dir='ltr'><strong>ani·</strong></span> 
     </span>
     <span class='ocr_line' id='line_1_22' title="bbox 244 2366 1288 2457; baseline 0 -25"><span class='ocrx_word' id='word_1_167' title='bbox 244 2389 306 2432; x_wconf 82' lang='lat' dir='ltr'><strong>mae</strong></span> <span class='ocrx_word' id='word_1_168' title='bbox 320 2377 353 2431; x_wconf 91' lang='lat' dir='ltr'><strong>et</strong></span> <span class='ocrx_word' id='word_1_169' title='bbox 367 2366 624 2442; x_wconf 88' lang='lat' dir='ltr'><strong>amaritudinem,</strong></span> <span class='ocrx_word' id='word_1_170' title='bbox 641 2367 918 2455; x_wconf 87' lang='lat' dir='ltr'><strong>humilitatemque</strong></span> <span class='ocrx_word' id='word_1_171' title='bbox 936 2368 1127 2457; x_wconf 87' lang='lat' dir='ltr'><strong>deposcunt,</strong></span> <span class='ocrx_word' id='word_1_172' title='bbox 1140 2370 1219 2456; x_wconf 85' lang='lat' dir='ltr'><strong>quia</strong></span> <span class='ocrx_word' id='word_1_173' title='bbox 1234 2367 1288 2457; x_wconf 90' lang='lat' dir='ltr'><strong>qui</strong></span> 
     </span>
     <span class='ocr_line' id='line_1_23' title="bbox 245 2457 1289 2568; baseline 0.003 -26"><span class='ocrx_word' id='word_1_174' title='bbox 245 2501 277 2542; x_wconf 82' lang='lat' dir='ltr'><strong>ao</strong></span> <span class='ocrx_word' id='word_1_175' title='bbox 290 2457 452 2550; x_wconf 82' lang='lat' dir='ltr'><strong>humiliat,</strong></span> <span class='ocrx_word' id='word_1_176' title='bbox 470 2477 536 2564; x_wconf 87' lang='lat' dir='ltr'><strong>ipse</strong></span> <span class='ocrx_word' id='word_1_177' title='bbox 551 2475 741 2543; x_wconf 87' lang='lat' dir='ltr'><strong>exaltabitur</strong></span> <span class='ocrx_word' id='word_1_178' title='bbox 755 2479 841 2566; x_wconf 92' lang='lat' dir='ltr'><strong>apud</strong></span> <span class='ocrx_word' id='word_1_179' title='bbox 857 2479 972 2544; x_wconf 87' lang='lat' dir='ltr'><strong>lleum.</strong></span> <span class='ocrx_word' id='word_1_180' title='bbox 992 2480 1061 2545; x_wconf 88' lang='lat' dir='ltr'><strong>Hoc</strong></span> <span class='ocrx_word' id='word_1_181' title='bbox 1075 2502 1152 2568; x_wconf 81' lang='lat' dir='ltr'><strong>ergo</strong></span> <span class='ocrx_word' id='word_1_182' title='bbox 1169 2481 1289 2568; x_wconf 83' lang='lat' dir='ltr'><strong>depos·</strong></span> 
     </span>
     <span class='ocr_line' id='line_1_24' title="bbox 247 2585 1290 2674; baseline 0.001 -22"><span class='ocrx_word' id='word_1_183' title='bbox 247 2587 292 2652; x_wconf 86' lang='lat' dir='ltr'><strong>eit</strong></span> <span class='ocrx_word' id='word_1_184' title='bbox 303 2597 335 2650; x_wconf 89' lang='lat' dir='ltr'><strong>et</strong></span> <span class='ocrx_word' id='word_1_185' title='bbox 347 2585 581 2674; x_wconf 89' lang='lat' dir='ltr'><strong>Propitiationis</strong></span> <span class='ocrx_word' id='word_1_186' title='bbox 598 2586 675 2651; x_wconf 90' lang='lat' dir='ltr'><strong>dies.</strong></span> <span class='ocrx_word' id='word_1_187' title='bbox 692 2588 774 2654; x_wconf 87' lang='lat' dir='ltr'><strong>Cum</strong></span> <span class='ocrx_word' id='word_1_188' title='bbox 786 2588 872 2653; x_wconf 91' lang='lat' dir='ltr'><strong>enim</strong></span> <span class='ocrx_word' id='word_1_189' title='bbox 884 2588 1000 2653; x_wconf 86' lang='lat' dir='ltr'><strong>alllicta</strong></span> <span class='ocrx_word' id='word_1_190' title='bbox 1011 2587 1109 2652; x_wconf 83' lang='lat' dir='ltr'><strong>suerit</strong></span> <span class='ocrx_word' id='word_1_191' title='bbox 1122 2589 1248 2665; x_wconf 83' lang='lat' dir='ltr'><strong>anima,</strong></span> <span class='ocrx_word' id='word_1_192' title='bbox 1260 2600 1290 2653; x_wconf 88' lang='lat' dir='ltr'><strong>et</strong></span> 
     </span>
     <span class='ocr_line' id='line_1_25' title="bbox 247 2693 1290 2783; baseline 0.003 -24"><span class='ocrx_word' id='word_1_193' title='bbox 247 2693 412 2760; x_wconf 88' lang='lat' dir='ltr'><strong>humiliata</strong></span> <span class='ocrx_word' id='word_1_194' title='bbox 426 2695 460 2760; x_wconf 93' lang='lat' dir='ltr'><strong>in</strong></span> <span class='ocrx_word' id='word_1_195' title='bbox 473 2707 647 2781; x_wconf 88' lang='lat' dir='ltr'><strong>conspectu</strong></span> <span class='ocrx_word' id='word_1_196' title='bbox 662 2694 803 2770; x_wconf 86' lang='lat' dir='ltr'><strong>Domini,</strong></span> <span class='ocrx_word' id='word_1_197' title='bbox 817 2697 935 2761; x_wconf 80' lang='lat' dir='ltr'><strong>tuncei</strong></span> <span class='ocrx_word' id='word_1_198' title='bbox 947 2696 1175 2783; x_wconf 87' lang='lat' dir='ltr'><strong>repropitiatur</strong></span> <span class='ocrx_word' id='word_1_199' title='bbox 1186 2697 1290 2772; x_wconf 86' lang='lat' dir='ltr'><strong>Dens,</strong></span> 
     </span>
     <span class='ocr_line' id='line_1_26' title="bbox 246 2804 1290 2894; baseline 0.003 -25"><span class='ocrx_word' id='word_1_200' title='bbox 246 2818 279 2869; x_wconf 90' lang='lat' dir='ltr'><strong>et</strong></span> <span class='ocrx_word' id='word_1_201' title='bbox 294 2819 372 2872; x_wconf 93' lang='lat' dir='ltr'><strong>tunc</strong></span> <span class='ocrx_word' id='word_1_202' title='bbox 387 2807 428 2870; x_wconf 87' lang='lat' dir='ltr'><strong>ad</strong></span> <span class='ocrx_word' id='word_1_203' title='bbox 445 2827 515 2870; x_wconf 91' lang='lat' dir='ltr'><strong>eam</strong></span> <span class='ocrx_word' id='word_1_204' title='bbox 534 2806 619 2869; x_wconf 88' lang='lat' dir='ltr'><strong>renit</strong></span> <span class='ocrx_word' id='word_1_205' title='bbox 637 2804 689 2872; x_wconf 90' lang='lat' dir='ltr'><strong>ille</strong></span> <span class='ocrx_word' id='word_1_206' title='bbox 714 2830 833 2893; x_wconf 86' lang='lat' dir='ltr'><strong>«quem</strong></span> <span class='ocrx_word' id='word_1_207' title='bbox 850 2805 1014 2894; x_wconf 89' lang='lat' dir='ltr'><strong>proposuit</strong></span> <span class='ocrx_word' id='word_1_208' title='bbox 1029 2807 1115 2872; x_wconf 88' lang='lat' dir='ltr'><strong>Deus</strong></span> <span class='ocrx_word' id='word_1_209' title='bbox 1131 2807 1290 2894; x_wconf 89' lang='lat' dir='ltr'><strong>propitia-</strong></span> 
     </span>
     <span class='ocr_line' id='line_1_27' title="bbox 247 2914 1292 3004; baseline 0.004 -28"><span class='ocrx_word' id='word_1_210' title='bbox 247 2928 375 2982; x_wconf 78' lang='lat' dir='ltr'><strong>»torem</strong></span> <span class='ocrx_word' id='word_1_211' title='bbox 391 2939 447 3002; x_wconf 91' lang='lat' dir='ltr'><strong>per</strong></span> <span class='ocrx_word' id='word_1_212' title='bbox 459 2915 556 2980; x_wconf 83' lang='lat' dir='ltr'><strong>fidem</strong></span> <span class='ocrx_word' id='word_1_213' title='bbox 568 2915 602 2980; x_wconf 93' lang='lat' dir='ltr'><strong>in</strong></span> <span class='ocrx_word' id='word_1_214' title='bbox 615 2917 766 3004; x_wconf 79' lang='lat' dir='ltr'><strong>sunguine</strong></span> <span class='ocrx_word' id='word_1_215' title='bbox 781 2914 894 2990; x_wconf 85' lang='lat' dir='ltr'><strong>suo²‚»</strong></span> <span class='ocrx_word' id='word_1_216' title='bbox 910 2915 1053 2980; x_wconf 86' lang='lat' dir='ltr'><strong>Christus</strong></span> <span class='ocrx_word' id='word_1_217' title='bbox 1066 2914 1159 2981; x_wconf 77' lang='lat' dir='ltr'><strong>lesus</strong></span> <span class='ocrx_word' id='word_1_218' title='bbox 1174 2915 1292 2982; x_wconf 87' lang='lat' dir='ltr'><strong>Domi·</strong></span> 
     </span>
     <span class='ocr_line' id='line_1_28' title="bbox 248 3025 649 3113; baseline 0 -24"><span class='ocrx_word' id='word_1_219' title='bbox 248 3047 309 3089; x_wconf 92' lang='lat' dir='ltr'><strong>nus</strong></span> <span class='ocrx_word' id='word_1_220' title='bbox 324 3037 356 3089; x_wconf 88' lang='lat' dir='ltr'><strong>et</strong></span> <span class='ocrx_word' id='word_1_221' title='bbox 371 3025 555 3113; x_wconf 90' lang='lat' dir='ltr'><strong>redemptor</strong></span> <span class='ocrx_word' id='word_1_222' title='bbox 568 3025 649 3111; x_wconf 84' lang='lat' dir='ltr'><strong>ejus.</strong></span> 
     </span>
    </p>

    <p class='ocr_par' dir='ltr' id='par_1_10' title="bbox 207 3133 1292 3332">
     <span class='ocr_line' id='line_1_29' title="bbox 207 3133 1291 3222; baseline 0 -24"><span class='ocrx_word' id='word_1_223' title='bbox 207 3151 210 3156; x_wconf 87' lang='grc'><strong><em>·</em></strong></span> <span class='ocrx_word' id='word_1_224' title='bbox 288 3133 347 3198; x_wconf 88' lang='grc' dir='ltr'><strong>ΧΙ.</strong></span> <span class='ocrx_word' id='word_1_225' title='bbox 367 3134 439 3201; x_wconf 83' lang='lat' dir='ltr'><strong>Jam</strong></span> <span class='ocrx_word' id='word_1_226' title='bbox 456 3157 529 3200; x_wconf 82' lang='lat' dir='ltr'><strong>vero</strong></span> <span class='ocrx_word' id='word_1_227' title='bbox 549 3133 679 3199; x_wconf 91' lang='lat' dir='ltr'><strong>ultimus</strong></span> <span class='ocrx_word' id='word_1_228' title='bbox 695 3134 761 3199; x_wconf 90' lang='lat' dir='ltr'><strong>dies</strong></span> <span class='ocrx_word' id='word_1_229' title='bbox 776 3135 873 3199; x_wconf 86' lang='lat' dir='ltr'><strong>leatus</strong></span> <span class='ocrx_word' id='word_1_230' title='bbox 891 3135 950 3200; x_wconf 89' lang='lat' dir='ltr'><strong>Dei</strong></span> <span class='ocrx_word' id='word_1_231' title='bbox 971 3135 1043 3222; x_wconf 87' lang='lat' dir='ltr'><strong>quia</strong></span> <span class='ocrx_word' id='word_1_232' title='bbox 1057 3135 1098 3199; x_wconf 90' lang='lat' dir='ltr'><strong>sit</strong></span> <span class='ocrx_word' id='word_1_233' title='bbox 1113 3156 1177 3220; x_wconf 92' lang='lat' dir='ltr'><strong>quo</strong></span> <span class='ocrx_word' id='word_1_234' title='bbox 1196 3133 1291 3200; x_wconf 84' lang='lat' dir='ltr'><strong>Deus</strong></span> 
     </span>
     <span class='ocr_line' id='line_1_30' title="bbox 247 3241 1292 3332; baseline -0.001 -25"><span class='ocrx_word' id='word_1_235' title='bbox 247 3243 372 3309; x_wconf 85' lang='lat' dir='ltr'><strong>laetatur</strong></span> <span class='ocrx_word' id='word_1_236' title='bbox 385 3244 418 3310; x_wconf 93' lang='lat' dir='ltr'><strong>in</strong></span> <span class='ocrx_word' id='word_1_237' title='bbox 432 3243 576 3319; x_wconf 87' lang='lat' dir='ltr'><strong>homine,</strong></span> <span class='ocrx_word' id='word_1_238' title='bbox 592 3244 764 3310; x_wconf 84' lang='lat' dir='ltr'><strong>videamus.</strong></span> <span class='ocrx_word' id='word_1_239' title='bbox 781 3243 995 3332; x_wconf 74' lang='lat' dir='ltr'><strong>scenopegia,</strong></span> <span class='ocrx_word' id='word_1_240' title='bbox 1016 3241 1128 3328; x_wconf 90' lang='lat' dir='ltr'><strong>inquit.</strong></span> <span class='ocrx_word' id='word_1_241' title='bbox 1143 3241 1292 3307; x_wconf 73' lang='lat' dir='ltr'><strong>Laetatur</strong></span> 
     </span>
    </p>
   </div>
   <div class='ocr_carea' id='block_1_8' title="bbox 124 3341 1289 3440">
    <p class='ocr_par' dir='ltr' id='par_1_11' title="bbox 124 3341 1289 3440">
     <span class='ocr_line' id='line_1_31' title="bbox 124 3341 1289 3440; baseline 0 -24"><span class='ocrx_word' id='word_1_242' title='bbox 124 3341 128 3350; x_wconf 51' lang='lat'>¹</span> <span class='ocrx_word' id='word_1_243' title='bbox 243 3375 319 3440; x_wconf 85' lang='lat' dir='ltr'><strong>ergo</strong></span> <span class='ocrx_word' id='word_1_244' title='bbox 331 3375 426 3439; x_wconf 90' lang='lat' dir='ltr'><strong>super</strong></span> <span class='ocrx_word' id='word_1_245' title='bbox 438 3364 480 3428; x_wconf 88' lang='lat' dir='ltr'><strong>te,</strong></span> <span class='ocrx_word' id='word_1_246' title='bbox 494 3375 568 3418; x_wconf 92' lang='lat' dir='ltr'><strong>cum</strong></span> <span class='ocrx_word' id='word_1_247' title='bbox 582 3365 613 3416; x_wconf 91' lang='lat' dir='ltr'><strong>te</strong></span> <span class='ocrx_word' id='word_1_248' title='bbox 625 3352 739 3416; x_wconf 82' lang='lat' dir='ltr'><strong>viderit</strong></span> <span class='ocrx_word' id='word_1_249' title='bbox 753 3353 786 3418; x_wconf 92' lang='lat' dir='ltr'><strong>in</strong></span> <span class='ocrx_word' id='word_1_250' title='bbox 802 3353 864 3418; x_wconf 89' lang='lat' dir='ltr'><strong>hoc</strong></span> <span class='ocrx_word' id='word_1_251' title='bbox 880 3352 1001 3416; x_wconf 91' lang='lat' dir='ltr'><strong>mundo</strong></span> <span class='ocrx_word' id='word_1_252' title='bbox 1015 3351 1048 3416; x_wconf 91' lang='lat' dir='ltr'><strong>in</strong></span> <span class='ocrx_word' id='word_1_253' title='bbox 1064 3350 1289 3417; x_wconf 81' lang='lat' dir='ltr'><strong>tabernaculis</strong></span> 
     </span>
    </p>
   </div>
   <div class='ocr_carea' id='block_1_9' title="bbox 244 3457 1296 3875">
    <p class='ocr_par' dir='ltr' id='par_1_12' title="bbox 244 3457 1296 3875">
     <span class='ocr_line' id='line_1_32' title="bbox 245 3457 1294 3537; baseline 0.001 -13"><span class='ocrx_word' id='word_1_254' title='bbox 245 3459 453 3537; x_wconf 88' lang='lat' dir='ltr'><strong>habitantem,</strong></span> <span class='ocrx_word' id='word_1_255' title='bbox 468 3483 542 3526; x_wconf 92' lang='lat' dir='ltr'><strong>cum</strong></span> <span class='ocrx_word' id='word_1_256' title='bbox 559 3473 590 3525; x_wconf 91' lang='lat' dir='ltr'><strong>te</strong></span> <span class='ocrx_word' id='word_1_257' title='bbox 606 3460 720 3525; x_wconf 87' lang='lat' dir='ltr'><strong>viderit</strong></span> <span class='ocrx_word' id='word_1_258' title='bbox 737 3482 802 3525; x_wconf 92' lang='lat' dir='ltr'><strong>non</strong></span> <span class='ocrx_word' id='word_1_259' title='bbox 815 3457 936 3526; x_wconf 89' lang='lat' dir='ltr'><strong>habere</strong></span> <span class='ocrx_word' id='word_1_260' title='bbox 950 3459 1051 3525; x_wconf 81' lang='lat' dir='ltr'><strong>lixum</strong></span> <span class='ocrx_word' id='word_1_261' title='bbox 1065 3471 1099 3523; x_wconf 90' lang='lat' dir='ltr'><strong>et</strong></span> <span class='ocrx_word' id='word_1_262' title='bbox 1114 3458 1294 3525; x_wconf 77' lang='lat' dir='ltr'><strong>fundatum</strong></span> 
     </span>
     <span class='ocr_line' id='line_1_33' title="bbox 244 3567 1295 3660; baseline 0.004 -28"><span class='ocrx_word' id='word_1_263' title='bbox 244 3567 384 3633; x_wconf 92' lang='lat' dir='ltr'><strong>animum</strong></span> <span class='ocrx_word' id='word_1_264' title='bbox 398 3591 433 3632; x_wconf 87' lang='lat' dir='ltr'><strong>ac</strong></span> <span class='ocrx_word' id='word_1_265' title='bbox 448 3570 645 3658; x_wconf 91' lang='lat' dir='ltr'><strong>propositum</strong></span> <span class='ocrx_word' id='word_1_266' title='bbox 656 3591 753 3658; x_wconf 87' lang='lat' dir='ltr'><strong>super</strong></span> <span class='ocrx_word' id='word_1_267' title='bbox 764 3581 880 3645; x_wconf 85' lang='lat' dir='ltr'><strong>terras,</strong></span> <span class='ocrx_word' id='word_1_268' title='bbox 891 3593 952 3635; x_wconf 87' lang='lat' dir='ltr'><strong>nec</strong></span> <span class='ocrx_word' id='word_1_269' title='bbox 964 3569 1203 3635; x_wconf 89' lang='lat' dir='ltr'><strong>desiderantem</strong></span> <span class='ocrx_word' id='word_1_270' title='bbox 1221 3592 1295 3660; x_wconf 75' lang='lat' dir='ltr'><strong>quea</strong></span> 
     </span>
     <span class='ocr_line' id='line_1_34' title="bbox 245 3677 1296 3767; baseline 0.007 -29"><span class='ocrx_word' id='word_1_271' title='bbox 245 3688 370 3741; x_wconf 88' lang='lat' dir='ltr'><strong>terrena</strong></span> <span class='ocrx_word' id='word_1_272' title='bbox 392 3688 479 3751; x_wconf 83' lang='lat' dir='ltr'><strong>sunt,</strong></span> <span class='ocrx_word' id='word_1_273' title='bbox 500 3699 560 3742; x_wconf 92' lang='lat' dir='ltr'><strong>nec</strong></span> <span class='ocrx_word' id='word_1_274' title='bbox 583 3680 730 3744; x_wconf 88' lang='lat' dir='ltr'><strong>umbram</strong></span> <span class='ocrx_word' id='word_1_275' title='bbox 747 3679 816 3744; x_wconf 85' lang='lat' dir='ltr'><strong>vitae</strong></span> <span class='ocrx_word' id='word_1_276' title='bbox 836 3678 933 3767; x_wconf 83' lang='lat' dir='ltr'><strong>hujus</strong></span> <span class='ocrx_word' id='word_1_277' title='bbox 949 3678 1037 3766; x_wconf 86' lang='lat' dir='ltr'><strong>quasi</strong></span> <span class='ocrx_word' id='word_1_278' title='bbox 1054 3677 1296 3766; x_wconf 82' lang='lat' dir='ltr'><strong>possessionem</strong></span> 
     </span>
     <span class='ocr_line' id='line_1_35' title="bbox 244 3785 1293 3875; baseline 0.002 -27"><span class='ocrx_word' id='word_1_279' title='bbox 244 3785 405 3872; x_wconf 86' lang='lat' dir='ltr'><strong>propriam</strong></span> <span class='ocrx_word' id='word_1_280' title='bbox 424 3796 457 3849; x_wconf 89' lang='lat' dir='ltr'><strong>et</strong></span> <span class='ocrx_word' id='word_1_281' title='bbox 472 3797 659 3875; x_wconf 88' lang='lat' dir='ltr'><strong>perpetuam</strong></span> <span class='ocrx_word' id='word_1_282' title='bbox 677 3787 896 3875; x_wconf 87' lang='lat' dir='ltr'><strong>deputantem,</strong></span> <span class='ocrx_word' id='word_1_283' title='bbox 916 3787 972 3852; x_wconf 85' lang='lat' dir='ltr'><strong>sed</strong></span> <span class='ocrx_word' id='word_1_284' title='bbox 989 3785 1074 3852; x_wconf 86' lang='lat' dir='ltr'><strong>velut</strong></span> <span class='ocrx_word' id='word_1_285' title='bbox 1096 3786 1293 3852; x_wconf 89' lang='lat' dir='ltr'><strong>intransitu</strong></span> 
     </span>
    </p>
   </div>
   <div class='ocr_carea' id='block_1_10' title="bbox 275 3913 734 3974">
    <p class='ocr_par' dir='ltr' id='par_1_13' title="bbox 275 3913 734 3974">
     <span class='ocr_line' id='line_1_36' title="bbox 275 3913 734 3974; baseline 0.004 -14"><span class='ocrx_word' id='word_1_286' title='bbox 275 3913 282 3945; x_wconf 79' lang='lat'><strong>¹</strong></span> <span class='ocrx_word' id='word_1_287' title='bbox 301 3913 384 3970; x_wconf 81' lang='lat' dir='ltr'><strong>Exod,</strong></span> <span class='ocrx_word' id='word_1_288' title='bbox 397 3929 441 3970; x_wconf 71' lang='grc' dir='ltr'>ιιι,</span> <span class='ocrx_word' id='word_1_289' title='bbox 454 3914 476 3960; x_wconf 90' lang='grc'><strong>8.</strong></span> <span class='ocrx_word' id='word_1_290' title='bbox 489 3914 542 3951; x_wconf 74' lang='lat'><strong>-2</strong></span> <span class='ocrx_word' id='word_1_291' title='bbox 558 3915 629 3964; x_wconf 83' lang='lat' dir='ltr'><strong>llum.</strong></span> <span class='ocrx_word' id='word_1_292' title='bbox 644 3935 681 3974; x_wconf 85' lang='grc' dir='ltr'>ιιι,</span> <span class='ocrx_word' id='word_1_293' title='bbox 697 3919 734 3963; x_wconf 79' lang='lat'><strong>25.</strong></span> 
     </span>
    </p>
   </div>
   <div class='ocr_carea' id='block_1_11' title="bbox 1356 2209 1358 2474">
    <p class='ocr_par' dir='ltr' id='par_1_14' title="bbox 1356 2209 1358 2474">
     <span class='ocr_line' id='line_1_37' title="bbox 1356 2209 1358 2290; baseline 0 0"><span class='ocrx_word' id='word_1_294' title='bbox 1356 2209 1358 2290; x_wconf 87' lang='lat' dir='ltr'><strong>l</strong></span> 
     </span>
     <span class='ocr_line' id='line_1_38' title="bbox 1356 2387 1357 2474; baseline 0 0"><span class='ocrx_word' id='word_1_295' title='bbox 1356 2387 1357 2474; x_wconf 90' lang='lat' dir='ltr'><strong>l</strong></span> 
     </span>
    </p>
   </div>
   <div class='ocr_carea' id='block_1_12' title="bbox 0 0 1379 4600">
    <p class='ocr_par' dir='ltr' id='par_1_15' title="bbox 0 0 1379 4600">
     <span class='ocr_line' id='line_1_39' title="bbox 0 0 1379 4600; baseline 0 0"><span class='ocrx_word' id='word_1_296' title='bbox 0 0 1379 4600; x_wconf 95' lang='lat' dir='ltr'><strong> </strong></span> 
     </span>
    </p>
   </div>
  </div>
 </body>
</html>
