2776 4616
264 241 330 315 455
706 241 859 308 naemu

267 385 1084 473 uam-fiisfflspoepmntum,
1105 379 1235 463 ὁιςιᾱ,
1257 377 1294 440 i·

265 486 1296 584 aeonqednregis‚etinomnirtrboup'r2i=etffiphae

266 603 562 693 ainqnoquairit
581 608 683 671 abeis
701 629 771 680 rex,
790 606 909 670 invenit
931 597 1172 688 herbe-plo
1194 620 1298 684 m

266 734 406 780 'omnes
433 716 645 782 incantatores
664 731 696 782 et
718 741 827 805 ¹¹³3&
847 717 903 805 qui
923 709 1299 795 mutinomiregno

265 823 620 917 sejusaExiisergo
640 817 1243 915 omnibnspotestintelligiqwmlo
1264 829 1299 880 οἱ

266 931 853 1026 balaamdixeritdesemetipso,rqui
868 937 927 1002 scit
944 926 1292 999 munerantes„

268 1041 388 1110 sciboet
403 1047 738 1138 utintelligaturqnod
752 1049 842 1137 origo
853 1047 949 1111 totins
959 1041 1147 1109 mittat
1161 1041 1300 1126 ipwae-

267 1155 388 1241 oeperlt
400 1157 586 1231 exordium
604 1159 680 1223 vitio
698 1171 805 1222 autem
817 1147 1299 1237 tumnmtsmptranfr

268 1266 328 1330 bus
345 1276 378 1330 et
394 1269 639 1356 subripientsssus
649 1270 744 1334 ahur
756 1268 1004 1341 wambasio
1017 1262 1191 1354 perniciem
1207 1277 1298 1322 vem

230 1381 235 1390 '
269 1372 412 1461 sintque
425 1376 630 1464 proutilitata
644 1399 793 1443 eonooesa
807 1390 891 1440 stant.
906 1367 1296 1458 flaeemeoquoddisitt

277 1481 404 1548 stoicus
420 1484 584 1551 scientiam
599 1485 793 1561 ExoelsiM
814 1487 906 1550 nobis
931 1508 989 1572 pro
1014 1484 1132 1546 uiribus
1153 1479 1297 1542 ἀίεωκι

270 1605 342 1656 unt.

314 1699 368 1766 lV.
386 1699 461 1766 Post
475 1702 545 1767 bae
559 1704 602 1767 ait
617 1726 626 1767 :
647 1703 830 1768 «tisim
845 1703 903 1768 Dei
918 1701 1026 1765 ridens
1047 1701 1079 1763 in
1092 1697 1233 1771 umus,
1249 1719 1294 1760 rs·

272 1806 393 1873 »velati
415 1808 499 1874 oculi
521 1811 622 1897 ejus¹.
638 1841 651 1872 r
666 1813 715 1877 De
737 1813 775 1877 iis
797 1811 990 1876 sufficienter
1008 1810 1041 1873 in
1061 1809 1156 1873 tertia
1181 1809 1293 1870 tisiam

271 1916 441 1983 dimrtm
458 1931 519 1995 est,
539 1931 572 1984 et
590 1922 703 1988 eadem
724 1934 868 2011 repetere
888 1921 1025 1986 otiosum
1044 1929 1106 1982 est
1124 1915 1290 1981 vium

271 2047 348 2114 ergo
362 2027 439 2114 quid
460 2031 612 2116 estquod
630 2033 663 2096 in
682 2033 947 2120 consequentibus
969 2029 1045 2094 dicit
1064 2049 1073 2090 ε
1095 2025 1283 2091 eosic-un

273 2159 287 2196 a
300 2134 344 2210 ei,
358 2147 391 2200 et
406 2159 469 2202 uon
483 2140 597 2212 modo:
610 2141 812 2215 beatificabo,
827 2153 861 2206 et
872 2165 937 2205 non
947 2138 1185 2227 appropinquat
1197 2137 1220 2199 ².
1231 2163 1242 2196 ι
1253 2133 1283 2196 ln

274 2241 342 2310 aliis
349 2248 478 2333 quidem
488 2249 719 2338 exemplaribus
734 2249 888 2340 legimus:
906 2248 1054 2314 «l'idebo
1064 2269 1152 2323 erma,
1166 2247 1225 2311 sed
1236 2265 1290 2309 aon

272 2356 437 2421 amodo.»
454 2357 589 2437 Quodsi
612 2360 793 2448 recipiatur,
810 2357 931 2423 lucilius
952 2355 1081 2444 intelligi
1102 2357 1291 2443 putabitur:

274 2475 310 2529 ut
322 2465 497 2542 Christum,
519 2467 559 2533 de
581 2491 647 2556 quo
668 2469 701 2534 in
723 2468 989 2555 consequentibns
1009 2466 1087 2530 dicit
1109 2487 1118 2527 t
1143 2464 1297 2529 «Orietur

275 2603 289 2636 r
304 2574 393 2643 stella
410 2601 449 2642 ex
462 2577 577 2652 Jacob,
588 2591 621 2646 et
635 2590 765 2667 exurget
779 2579 877 2644 bomo
895 2578 935 2642 de
950 2574 1043 2641 lsrael
1054 2575 1080 2650 ³,
1093 2603 1105 2636 ι
1122 2575 1298 2639 videndum

276 2686 361 2753 dieat
377 2709 458 2762 esse,
482 2687 537 2752 sed
552 2711 615 2753 non
639 2689 751 2762 modo;
774 2689 836 2754 boe
857 2701 918 2762 est,
938 2709 1002 2751 uon
1016 2709 1057 2751 eo
1070 2697 1217 2772 tempore
1236 2707 1299 2772 spuo

275 2795 334 2860 ista
348 2794 547 2884 loquebatur.
563 2798 600 2862 ln
611 2798 785 2864 novissimis
796 2799 881 2863 enirn
894 2796 1019 2869 diebus,
1033 2822 1046 2854 ι
1059 2795 1113 2858 ubi
1129 2794 1217 2857 venit
1235 2792 1299 2879 ple·

276 2931 290 2965 s
303 2904 413 2970 nitudo
426 2907 588 2994 temporis,
597 2907 680 2972 misit
691 2909 776 2972 Deus
783 2906 898 2971 Filium
909 2927 1002 2970 suum
1010 2903 1032 2968 ⁴.
1044 2932 1058 2964 r
1071 2901 1134 2968 sed
1146 2902 1172 2965 si
1185 2924 1300 2966 seeun-

278 3011 354 3082 dum
366 3013 428 3079 boc
438 3014 524 3100 quod
535 3037 593 3079 nos
608 3016 761 3080 babemus
776 3017 807 3079 iu
818 3014 1049 3102 exemplaribus
1060 3011 1232 3100 legendum
1248 3012 1299 3082 sit,

277 3119 340 3186 boe
353 3131 401 3184 est
415 3143 425 3184 τ
444 3144 456 3182 a
469 3120 643 3188 Ostendam
656 3121 712 3199 illi,
722 3135 755 3189 et
770 3147 832 3190 nou
843 3125 939 3190 modo
952 3147 961 3188 ε
974 3122 1177 3196 beetilieebo,
1188 3134 1225 3185 et
1237 3143 1300 3186 non

279 3231 549 3319 »appropinquat
562 3261 575 3292 r
590 3255 653 3297 non
666 3233 705 3298 usl
722 3233 807 3299 huuc
819 3232 960 3309 Balaam,
979 3257 1037 3322 per
1054 3255 1148 3320 quem
1164 3231 1237 3298 baee
1254 3230 1301 3294 di·

280 3351 409 3414 cuntur,
420 3340 475 3406 sed
491 3340 532 3404 ad
545 3339 614 3406 illos
628 3364 764 3430 quorum
780 3365 944 3431 personam
959 3342 992 3406 iu
1007 3343 1071 3407 boe
1088 3341 1238 3416 diximus,
1257 3364 1302 3405 re·

280 3445 389 3512 fertur.
406 3445 453 3513 llll
468 3447 553 3513 enlm
568 3447 713 3517 ‹loetures
729 3451 819 3540 Legis
833 3464 864 3516 et
881 3451 1000 3518 Scribe
1014 3450 1183 3516 ostendent
1195 3450 1303 3514 Chris·

280 3569 348 3622 tum
364 3557 396 3622 in
408 3555 490 3646 Lege
500 3567 531 3622 et
543 3557 707 3647 Prophetis
719 3561 952 3648 prophetatum,
968 3559 1097 3624 sednon
1109 3559 1215 3624 modo.
1233 3562 1301 3626 flou

282 3677 342 3741 est,
354 3687 418 3732 uon
430 3687 468 3730 eo
482 3678 624 3754 tempore
638 3691 700 3756 quo
715 3669 812 3744 venit,
825 3669 879 3734 sed
895 3693 968 3736 cum
984 3667 1148 3757 plenitudo
1159 3671 1301 3758 gentium

283 3776 450 3854 introierit,
466 3788 498 3842 et
514 3799 587 3844 cum
603 3779 704 3844 omnis
724 3777 945 3847 lsraelsulrari
966 3781 1106 3870 incipiet,
1129 3791 1205 3848 tuno
1228 3803 1302 3848 oum

317 3909 412 3960 ¹llum.
424 3925 492 3970 urs,
510 3907 545 3958 ιθ.
560 3937 586 3946 -
602 3907 681 3957 ²lbid
705 3925 782 3974 ¹7·-
794 3910 803 3944 ⁸
816 3911 883 3961 lbid.
898 3912 1039 3962 -tcatae
1053 3911 1121 3978 iud.
