2692 4610
331 310 365 354 ut
389 309 560 354 usvrrrcurr
583 309 713 354 nourrii
737 311 800 354 rur.
1018 293 1080 377 ‘259

62 427 108 494 lsti
118 428 196 492 hene
210 428 358 492 exierunt
369 440 458 492 extra
471 439 586 501 casua,
598 427 652 515 qui
669 429 884 515 sequetanou
892 425 1037 515 Moysen,
1048 429 1081 494 id

61 547 113 610 est,
126 533 227 624 legem
244 535 314 601 Dei.
332 537 375 601 Et
391 535 431 601 de
446 535 514 601 aliis
533 535 673 600 dicitur:
696 535 816 601 ulixite
834 535 972 625 populus
990 557 1081 602 meus
1190 575 1196 586 ι

63 644 123 708 ‚do
141 643 245 708 medio
269 665 399 716 eorum,
416 655 451 706 et
472 643 674 709 immundum
696 643 793 712 nolite
815 647 999 735 contingere
1016 648 1039 712 ¹.
1061 677 1074 709 ι

65 751 131 816 lixit
141 773 228 836 ergo,
242 750 358 836 inquit,
375 748 459 814 lilius
477 749 618 815 mulieris
634 751 827 827 israelitidis,
845 765 879 818 et
892 753 947 819 hic
960 767 1029 820 erat
1046 755 1083 821 fi-

67 858 122 926 lius
136 857 279 946 AEgyptti,
296 859 382 924 iuter
400 857 482 924 lilios
498 859 608 944 lsrael,
631 872 664 926 et
684 859 886 950 litigaverunt
909 865 1082 941 incastris,

66 966 115 1034 ille
128 968 177 1055 qui
194 980 260 1032 oret
278 991 318 1035 ex
333 967 508 1035 lsraiilitide
521 968 657 1034 muliere
674 981 708 1034 et
724 970 822 1036 homo
837 971 987 1039 israelite.
1002 975 1082 1041 Vide

67 1089 171 1165 quanta
185 1076 309 1144 cautela
326 1078 499 1166 Scriptura
516 1078 641 1153 divinae,
654 1078 679 1143 si
694 1091 802 1144 tamen
818 1079 974 1156 intendas,
992 1084 1017 1147 si
1033 1084 1082 1149 di-

64 1187 185 1274 ligenter
206 1187 387 1274 inspicias:
412 1185 503 1252 illurn
523 1187 578 1276 qui
601 1187 642 1251 de
659 1185 840 1252 ‘israelitide
866 1197 969 1254 melre
989 1203 1022 1254 et
1043 1191 1084 1262 de

59 1295 198 1385 AEgyptio
215 1307 308 1384 patre
329 1307 501 1369 natusest,
522 1320 586 1362 nou
606 1296 684 1361 dixit
702 1295 884 1369 hominems
905 1296 994 1364 illum
1011 1321 1083 1367 vero

61 1407 163 1493 quiex
184 1421 323 1493 utroquo
343 1425 459 1493 genere
473 1405 615 1472 lsradlitu
635 1417 704 1470 erat
717 1406 882 1471 hominem
897 1410 1080 1476 nominavit.

64 1515 202 1580 Putamus
217 1516 290 1581 luec
305 1514 435 1580 fortuita
450 1515 592 1603 scripta?
606 1515 757 1580 Putamus
772 1537 845 1580 casu
861 1514 1036 1603 adjeetum,
1050 1531 1087 1584 ut

63 1620 112 1686 ille
123 1645 181 1688 nou
191 1625 355 1690 diceretm
365 1623 516 1698 homo,et
527 1623 580 1689 hic
590 1623 751 1689 diceretur
761 1624 777 1687 i
788 1623 857 1690 Non
870 1639 945 1691 sunt
956 1627 1012 1692 ista
1026 1628 1087 1693 lor·
1211 1716 1216 1728 ι

64 1731 148 1806 tuita,
165 1733 243 1797 ratio
262 1743 322 1796 est.
342 1729 427 1796 Nihil
446 1731 531 1797 enim
553 1731 586 1796 in
600 1731 703 1796 verbis
723 1732 780 1796 Dei
795 1735 916 1820 absque
930 1734 1087 1822 profunda

59 1841 175 1906 ratione
190 1842 411 1927 conscriptum
427 1852 486 1906 est.
505 1839 562 1905 llle
577 1861 717 1928 namque
732 1842 786 1927 qui
802 1863 842 1905 ex
859 1855 949 1930 parte
966 1843 1088 1934 AEgyp·

58 1951 129 2023 tius,
140 1973 179 2014 en
194 1961 286 2038 perte
303 1947 445 2014 lsraie'lita
460 1959 541 2023 erat,
558 1949 701 2014 noudum
718 1949 901 2015 merebatur
915 1952 1013 2018 homo
1029 1975 1088 2019 no·

57 2059 181 2126 minari.
197 2059 262 2122 lste
279 2080 356 2122 vero
366 2057 421 2144 qui
436 2080 476 2122 ex
490 2057 613 2145 integro
629 2056 768 2123 israelita
784 2071 864 2134 erat,
881 2059 944 2126 hoc
958 2075 1019 2136 ost,
1035 2065 1088 2150 qui

56 2178 167 2234 mente
179 2168 284 2232 Deum
299 2165 439 2239 ridebat,
455 2164 515 2231 iste
531 2165 629 2230 homo
647 2163 837 2254 appellatur,
854 2165 907 2231 ille
926 2169 1025 2234 homo
1038 2171 1088 2238 iu·

57 2277 174 2348 terior.
190 2275 245 2360 qui
266 2273 304 2338 sd
321 2274 492 2363 imaginem
514 2273 571 2338 liei
591 2273 693 2338 laetus
716 2284 776 2346 est,
799 2284 834 2336 et
853 2284 959 2360 potest
982 2276 1088 2343 videro

58 2387 180 2451 Deam

101 2493 182 2558 Post
198 2491 266 2556 hac
281 2491 431 2579 jamque
447 2491 481 2556 iu
494 2490 724 2578 posterioribus
741 2488 922 2553 referuntur
937 2511 1002 2555 nou
1017 2493 1092 2557 alts-

55 2626 119 2691 qne
130 2603 273 2692 quedam
289 2603 464 2688 questione
478 2611 564 2676 suut,
581 2600 621 2664 de
636 2622 698 2687 qua
714 2596 805 2664 multi
821 2610 1013 2688 quaerentes,
1026 2625 1091 2668 uon

57 2713 158 2780 malta
178 2710 338 2800 explicare
358 2721 542 2800 potuerunt.
565 2709 629 2776 Sed
648 2709 674 2774 si
696 2709 805 2775 restris
822 2731 875 2775 me
895 2710 1092 2778 orationibus

54 2823 213 2909 inmitis,
232 2813 426 2886 tentabimus
450 2818 547 2883 etiam
565 2841 624 2883 uos
646 2818 680 2882 iu
699 2817 841 2884 medium
858 2818 999 2907 prolerre
1023 2843 1093 2910 quae

52 2932 214 2998 Dominus
238 2928 372 2994 dederit.
401 2928 547 3002 «Homo,
566 2926 691 3012 inquit,
712 2927 738 2992 si
760 2925 959 2994 maledixerit
977 2931 1092 3006 Deum,

50 3051 261 3128 »peccatum
276 3038 421 3125 accipiet.
444 3037 509 3116 Qui
523 3049 632 3101 autem
650 3036 794 3101 nominat
814 3058 932 3102 nornen
953 3038 1092 3116 Domini,

53 3179 66 3208 ι
80 3161 193 3216 mone
208 3147 365 3213 moriatur
375 3147 397 3212 ².
411 3175 425 3209 s
444 3146 531 3225 Quid
545 3155 594 3211 est
604 3145 692 3211 laoci
705 3145 769 3225 Qui
782 3143 979 3212 maledixerit
992 3151 1094 3216 Deum

51 3282 119 3324 nou
135 3259 239 3323 habet
254 3277 381 3344 ponem
398 3256 522 3328 mortis,
537 3254 594 3319 sed
605 3255 659 3341 qui
676 3255 886 3319 nominaverit
902 3279 1018 3323 nornen
1035 3260 1097 3324 Do

54 3367 156 3432 minii
179 3364 419 3432 Nonnemultc
438 3363 564 3452 gravius
583 3372 630 3427 est
651 3360 842 3427 maledicere
861 3363 978 3438 Deum,
998 3387 1094 3454 marn

56 3476 240 3551 nominare,
254 3475 399 3562 quamvis
416 3476 450 3537 in
465 3493 581 3538 vanum
597 3471 777 3536 nominasse
796 3469 945 3535 dicetur?
961 3471 1001 3536 Et
1019 3495 1096 3563 quo-

52 3583 159 3648 modo
172 3585 226 3672 qui
248 3581 413 3648 maledicit
426 3592 595 3670 peccatum
610 3578 742 3666 suscipit
758 3589 893 3652 tuntum,
910 3581 964 3667 qui
987 3597 1094 3648 nutem

49 3695 204 3759 muriunt
215 3705 322 3759 morte
336 3689 534 3756 muletatur?
547 3690 621 3754 llaec
636 3711 711 3776 ergo
722 3699 796 3752 sunt
808 3711 879 3774 quae
895 3689 928 3752 in
943 3689 1006 3757 hoc
1025 3690 1095 3758 loco

43 3803 160 3868 solent
177 3803 388 3890 quaestionem
403 3821 544 3872 movere,
557 3821 626 3886 quse
639 3797 857 3885 ignorantibus
872 3820 1000 3864 sensum
1014 3800 1097 3863 Scri·

81 3930 90 3961 ¹
105 3929 170 3977 lsai.
185 3948 229 3988 su,
245 3946 281 3978 rr.
296 3955 327 3966 -
338 3926 443 3978 ’tevit
455 3943 523 3986 nrt,
537 3928 574 3974 15.

913 4033 962 4095 ¹7·
