2692 4610
359 288 391 331 ΙΝ
416 289 586 334 tsvtrtcntt
609 289 740 334 Rolllhld
766 295 806 336 Vl·
1038 297 1097 358 207

56 407 197 476 lominus
208 421 244 474 et
256 405 410 473 carnalia.
426 408 497 474 Non
512 409 737 498 enimpoternt
751 435 820 478 esse
834 412 976 500 pontifex
986 397 1097 480 eorum

56 524 108 610 qui
125 536 208 588 tune
220 519 330 596 erant',
343 521 539 588 nisihostias
555 523 743 591 immolaret.
760 523 806 590 lta
822 547 897 613 ergo
910 528 1101 593 convenien-

57 645 105 697 ter
119 631 177 697 ille
191 630 336 718 pontifex
352 631 476 696 duabus
491 633 619 699 indutus
641 634 756 699 tunicis
777 636 894 701 dieitur
896 681 976 701 ......
993 637 1102 726 lmpo-

62 743 111 806 nit
131 753 248 808 tamen
266 740 390 827 Moyses
413 741 555 829 pontifici
576 755 607 807 et
624 743 835 820 humeralem,
852 745 906 831 qui
923 757 971 810 est
984 744 1101 810 hume-

69 874 183 916 rorum
202 850 328 937 quidam
348 874 388 914 ex
406 851 681 919 circumductione
691 854 789 920 restis
810 867 949 921 ornatus.
969 855 1102 920 llumeri
1139 841 1140 844 Ἴ

70 973 178 1026 autem
191 981 326 1049 operum
335 959 473 1048 figuram
485 972 607 1036 tenent,
620 985 659 1028 ae
669 961 787 1030 laboris
798 964 924 1030 indicia.
937 963 1013 1031 Vult
1024 987 1100 1054 ergo

70 1071 251 1158 pontificem
261 1094 333 1136 esse
344 1072 441 1136 etiam
452 1071 484 1136 in
496 1071 645 1158 operibus
657 1083 818 1146 ornatum,
832 1095 892 1138 noo
904 1072 1019 1137 suffieit
1034 1071 1100 1136 sola

68 1182 213 1255 scientim
228 1181 304 1269 quia
321 1181 399 1268 «qui
417 1181 526 1246 feeerit
539 1192 572 1246 et
588 1182 746 1258 docuerit,
761 1182 814 1248 hio
829 1206 961 1272 magnus
977 1183 1102 1249 vocabi-

64 1303 146 1355 rtur
162 1292 196 1356 in
212 1313 314 1378 regno
331 1288 486 1356 coelornm
501 1289 548 1356 ¹.»

121 1403 188 1466 «Et
213 1401 323 1475 oiuxit,
341 1401 465 1485 inquit,
487 1423 561 1464 eum
578 1400 756 1466 seeundum
775 1401 933 1467 lucturam
955 1401 1102 1466 humera·

72 1507 138 1574 »lis
153 1508 179 1571 ².
193 1537 208 1568 ι
224 1509 295 1572 Jam
313 1523 343 1573 at
368 1510 512 1596 superius
539 1511 660 1574 dixerat
679 1511 751 1597 quia
776 1511 874 1576 cinxit
893 1533 966 1574 eum
988 1531 1101 1574 nonam

74 1640 169 1705 snper
181 1618 378 1691 tunicam,et
394 1621 489 1684 modo
509 1619 624 1686 iterum
645 1619 783 1708 cingitur
802 1620 978 1685 seeundum
994 1619 1102 1684 sactu·
1201 1692 1204 1696 ,

75 1751 136 1792 ram
154 1726 339 1794 humeralis.
358 1728 456 1806 Quod
469 1741 517 1794 est
530 1729 616 1796 istud
630 1727 746 1817 duplex
761 1728 936 1818 cingulum,
952 1752 1102 1816 quoeun-

70 1839 214 1904 striotum
234 1835 304 1902 vult
323 1859 391 1902 asse
407 1837 551 1904 exomni
569 1849 659 1926 parte
680 1835 887 1924 pontificem?
905 1837 1102 1902 Constrictus

66 1950 107 2012 sit
118 1948 152 2014 in
168 1948 284 2020 verbo,
301 1947 492 2016 constrictus
508 1947 541 2014 in
556 1969 665 2034 opere,
680 1946 844 2034 expeditus
859 1946 899 2010 ad
914 1946 1036 2018 omnim·
1055 1946 1117 2036 ¹¹¹:

68 2055 110 2124 hil
125 2058 313 2132 remissum,
325 2053 401 2122 nihil
416 2057 532 2122 habeut
543 2057 742 2124 dissolutum.
761 2058 933 2124 Aoninetns
949 2059 989 2122 sit
1003 2058 1100 2122 animi

69 2168 254 2240 virtutibus,
266 2167 457 2232 constrictus
472 2167 540 2232 sita
553 2166 770 2256 corporalibus
785 2168 885 2241 vitiisa
898 2166 1021 2233 nullum
1037 2169 1102 2233 ani·

76 2297 138 2338 mae
150 2273 421 2362 laps1m,uullum
434 2276 573 2363 eorporis
586 2278 695 2342 timeat
709 2299 717 2340 :
733 2288 869 2364 utroque
884 2274 1011 2363 cingulo
1022 2300 1102 2342 som-

76 2407 138 2472 per
152 2395 271 2458 utatur,
285 2397 314 2448 ut
321 2387 364 2450 sit
375 2396 502 2452 sanetus
514 2409 647 2473 corpore
662 2398 695 2451 et
710 2386 832 2474 spiritu.
849 2386 935 2452 Bene
947 2397 1054 2451 eutem
1070 2396 1103 2450 et

69 2494 251 2560 seeundum
272 2493 428 2561 facturam
450 2495 622 2562 humerulis
644 2496 800 2583 mugitum
821 2497 997 2561 seeundum
1021 2496 1102 2560 foetu

65 2605 154 2670 enim
171 2625 230 2668 sna
246 2615 280 2669 at
295 2604 471 2669 seeundum
486 2627 581 2692 opera
597 2627 651 2670 sua
665 2603 792 2692 cingulo
804 2605 928 2670 virtutis
942 2603 1051 2669 utitur.
1066 2605 1107 2669 Et

64 2725 139 2802 post
150 2713 236 2788 hmo,
250 2713 366 2798 inquit,
385 2739 398 2772 r
414 2715 563 2800 imposuit
578 2736 674 2799 super
690 2736 764 2778 eum
779 2711 938 2802 logium.»
957 2713 1045 2800 quod
1059 2726 1108 2778 est

67 2821 227 2888 rationale
234 2847 245 2894 3
268 2832 327 2886 aet
342 2822 491 2908 imposuit
510 2843 605 2909 super
624 2820 742 2908 logium
761 2821 1058 2896 manifestationem,
1075 2835 1108 2886 et

66 2961 81 2992 ι
97 2931 282 3002 veritatem,
299 2939 332 2992 et
355 2927 503 3015 imposuit
521 2927 650 2992 mitram
667 2949 761 3014 snper
779 2940 876 3014 eaput
892 2929 961 3014 ejus
974 2927 1022 2991 ³.»
1042 2927 1106 2994 Sed

64 3039 236 3106 videamus
251 3035 330 3123 quid
344 3032 476 3122 logium,
489 3035 575 3122 quod
591 3047 639 3100 est
655 3032 820 3108 rationale,
837 3034 1001 3122 significet.
1020 3036 1107 3100 Post-

68 3173 204 3238 eaquam
223 3146 352 3212 nuditas
372 3157 579 3219 sectaretur
600 3143 794 3208 indumentis
813 3144 977 3232 turpitudo
993 3142 1105 3236 velata,

71 3272 279 3346 posteaquam
302 3255 443 3320 munitus
458 3253 606 3340 operibus
622 3265 654 3316 et
671 3249 798 3338 cingulo
815 3262 949 3340 utroque
966 3253 1108 3318 firmatus

78 3381 134 3442 ast,
150 3366 270 3455 logium
291 3365 340 3437 ei,
356 3364 462 3437 idest,
482 3360 635 3428 rationale
655 3374 730 3426 tune
752 3361 896 3428 traditur.
914 3361 1048 3450 Logium
1064 3385 1110 3428 sn-

84 3474 197 3564 pientin
217 3476 378 3542 iudicium
398 3485 457 3550 est,
483 3474 555 3560 quia
580 3473 731 3561 sapientia
753 3474 783 3537 in
809 3473 931 3539 ratione
955 3473 1105 3538 constitit.

83 3586 143 3650 Sed
155 3610 218 3674 quas
229 3587 271 3652 sit
284 3585 447 3673 sapientiae
460 3584 557 3670 hujus
573 3594 604 3648 et
620 3583 748 3649 rationis
765 3584 864 3648 virtus
876 3581 1023 3649 ostendit.
1042 3583 1109 3647 lm-

77 3698 270 3784 pooitenim
294 3693 609 3783 superrationalem,
630 3691 915 3758 manifestationem
942 3705 974 3756 et
999 3691 1111 3756 verita·

75 3818 146 3872 tem.
162 3807 234 3873 Non
249 3805 340 3872 enim
353 3802 470 3869 suffieit
482 3803 624 3891 pontifici
641 3802 758 3866 habere
774 3802 975 3891 sapientium,
986 3811 1017 3865 ot
1030 3799 1111 3866 scire

105 3940 217 3989 ‘status
230 3955 254 3998 r,
271 3953 312 4002 ¹9·
322 3964 354 3974 -
365 3934 377 3968 ²
390 3935 470 3985 luerit.
483 3952 536 3996 rur,
551 3951 572 3998 7.
587 3932 636 3971 -l
647 3911 716 3981 lbid.
727 3933 750 3980 8.
