2706 4624
252 219 315 297 abl
628 228 630 233 ’
697 245 843 289 orsenius

250 387 263 420 s
280 381 326 423 ea.
341 358 429 424 »Sed
442 361 602 428 videamus
613 383 684 448 quae
697 361 736 426 sit
746 363 848 450 prima
861 361 1040 431 benedictio
1050 362 1087 428 iis
1097 363 1152 450 qai
1163 385 1285 451 eaquae

250 469 442 534 inundantur
463 467 682 558 impleverint:
695 471 823 546 «Dabo,
840 472 965 556 inquit,
989 465 1127 560 pluviam
1145 472 1238 538 vobis
1252 473 1284 537 iu

250 588 421 665 »tempore
437 599 495 642 sue
505 577 527 641 ¹.
548 606 561 638 n
577 578 677 667 Igitur
693 578 797 667 primo
811 578 853 645 ad
867 578 995 644 tureos
1010 579 1167 654 dicamus,
1183 591 1219 644 et
1233 601 1284 644 eos

250 685 306 772 qui
316 683 503 773 simpliciter
514 684 562 751 vel
574 685 780 773 corporaliter
795 688 863 756 baec
877 684 1079 776 intelligenda
1092 688 1284 775 opinantur:

252 791 286 857 si
301 789 407 880 pluvis
423 793 492 860 haec
503 804 654 881 tanquam
665 793 880 862 'remuneratio
895 820 953 884 pro
966 797 1127 864 laboribus
1139 798 1238 862 datur
1252 799 1285 862 iia

249 890 305 990 qui
326 902 473 968 mandata
489 903 685 980 custodiunt,
703 907 864 991 quomodo
879 917 912 972 et
926 907 963 972 iis
978 907 1032 993 qui
1051 908 1204 972 mandute
1223 929 1285 974 non

251 1024 389 1088 servant,
406 1032 467 1078 una
478 1024 574 1101 etque
590 1015 701 1083 eadem
718 1016 811 1104 datar
825 1016 930 1105 pluvia
950 1018 1146 1104 temporibus
1161 1015 1241 1089 suis,
1258 1029 1286 1080 et

252 1123 416 1213 univorsos
428 1115 567 1189 mundus
585 1123 810 1188 communibus
827 1125 927 1190 utitur
941 1123 1053 1212 pluviis
1069 1147 1087 1189 a
1101 1125 1170 1190 Deo
1187 1123 1285 1189 datis?

251 1228 335 1300 Pluit
349 1230 435 1298 enim
450 1254 546 1319 super
560 1231 661 1316 justos
680 1243 714 1295 et
732 1230 895 1318 injustos².
920 1232 1054 1326 Quodsi
1071 1233 1163 1318 justis
1183 1245 1218 1297 et
1239 1233 1285 1297 in·

251 1339 341 1426 justis
353 1340 446 1406 detur
453 1338 571 1428 pluvia,
584 1363 649 1406 non
659 1340 720 1406 erit
727 1341 840 1406 eximie
853 1339 1066 1407 remuneratio
1079 1343 1115 1407 iis
1128 1342 1184 1428 qui
1195 1364 1284 1406 men-

253 1449 325 1514 deta
337 1450 539 1516 servaverint.
553 1448 633 1514 Vide
647 1473 723 1538 ergo
736 1449 809 1536 quia
819 1450 942 1518 etiamsi
955 1451 973 1516 J
977 1452 1056 1518 udaei
1067 1452 1285 1540 nonacquies-

254 1570 332 1624 cunt
348 1560 452 1626 verbis
467 1560 544 1625 Jesu
559 1559 687 1626 Domini
703 1561 817 1636 nostri,
837 1572 870 1626 tu
886 1571 993 1626 tamen
1009 1563 1063 1649 qni
1079 1562 1207 1628 nemim
1219 1561 1284 1649 ejus

254 1668 405 1743 censeris,
417 1679 450 1732 et
463 1668 660 1734 Christianus
676 1667 855 1757 appellaris.
868 1668 965 1735 debes
979 1671 1008 1736 ei
1023 1671 1155 1737 credere
1170 1669 1285 1736 dicenti

253 1778 326 1864 quia
339 1776 432 1842 Pater
445 1799 521 1842 suus
536 1776 671 1844 celestis
683 1799 888 1846 communem
902 1777 985 1844 banc
995 1777 1136 1866 pluviam
1147 1777 1226 1867 pluit
1236 1803 1283 1842 su·

253 1907 310 1973 per
326 1887 427 1973 justos
442 1897 476 1952 et
490 1886 639 1975 injustos,
654 1899 687 1952 et
701 1911 766 1953 non
785 1887 881 1954 debes
899 1899 1012 1975 putare
1027 1888 1099 1974 quia
1118 1887 1206 1975 justis
1224 1889 1284 1952 exi·

255 1994 352 2058 mium
367 1997 557 2085 separaverit
573 1996 752 2084 portionem
766 1995 849 2060 bane
861 2001 957 2082 quain
968 2017 1170 2062 communem
1181 1995 1283 2083 posuit

255 2103 351 2168 otiam
373 2127 449 2170 eum
470 2103 605 2192 injustis.
625 2106 813 2184 Quaeramus
828 2127 904 2192 ergo
922 2105 953 2168 in
974 2103 1146 2192 Scripturis
1159 2128 1224 2191 quse
1242 2104 1283 2169 sit

253 2208 360 2299 pluvia
375 2235 445 2299 quae
466 2214 581 2280 sanctis
603 2212 825 2278 tantummodo
842 2212 948 2286 datur,
965 2224 998 2276 et
1014 2212 1054 2276 de
1073 2235 1135 2299 qua
1156 2213 1287 2278 manda-

254 2332 307 2385 tur
321 2321 460 2387 nubibus
476 2345 517 2388 ne
531 2320 643 2410 pluant
663 2318 802 2408 pluviam
826 2319 918 2384 istam
934 2342 1030 2408 super
1043 2320 1191 2408 injustos.
1210 2321 1287 2400 Qus

255 2453 330 2518 ergo
346 2431 459 2496 sitista
474 2431 593 2519 pluvie,
609 2431 675 2517 ipse
691 2455 747 2496 nos
768 2429 891 2516 Moyses
909 2430 1025 2495 horum
1039 2428 1200 2519 legislator
1212 2431 1285 2496 edo-

255 2551 336 2606 cest.
356 2540 428 2628 lpse
445 2539 531 2604 enim
552 2538 630 2604 dicit
645 2539 677 2604 in
693 2537 963 2606 Deuteronomio:
978 2537 1140 2604 «Attouda
1160 2537 1287 2613 celum.

256 2662 315 2716 vet
337 2648 462 2736 loquer,
481 2661 512 2714 et
533 2647 641 2712 audiat
662 2657 745 2712 terra
768 2648 861 2712 verba
876 2668 987 2712 exere
1005 2653 1090 2722 meo,
1108 2659 1290 2735 expectetur

257 2787 270 2820 s
284 2759 367 2824 sicut
376 2756 483 2846 pluvia
497 2756 660 2845 eloquium
676 2755 814 2821 meum⁸.
830 2755 1015 2843 tNumquid
1027 2778 1097 2822 mee
1110 2759 1208 2824 verba
1220 2770 1292 2824 suut

256 2867 341 2932 ista?
364 2867 518 2955 numquid
533 2866 699 2932 rhetoricis
718 2865 911 2954 argumentis
931 2887 1059 2931 sensum
1081 2865 1196 2932 divinos
1217 2867 1293 2957 legis

256 2973 410 3042 violenter
425 2975 640 3043 inflectimus?
661 2975 773 3041 Nonne
788 2973 912 3062 Moyses
929 2975 1045 3063 estqui
1061 2975 1137 3041 dicit
1155 2975 1294 3065 pluviam

256 3086 426 3172 essequod
445 3085 844 3175 loquiturlaExpeetetur,
863 3086 986 3172 inquit,
1005 3087 1088 3152 sicut
1104 3084 1212 3176 pluvia
1228 3087 1295 3154 elo-

258 3194 397 3282 squinm
415 3217 536 3270 meum,
553 3208 585 3259 et
601 3195 796 3260 descendant
818 3194 900 3258 sieut
919 3219 970 3260 ros
992 3199 1086 3262 verbo
1106 3220 1191 3272 mee,
1216 3198 1295 3264 sicut

259 3332 271 3370 v
288 3304 390 3369 imber
401 3327 496 3392 super
506 3327 649 3392 gramen,
661 3317 694 3368 et
708 3304 791 3368 sicut
803 3303 857 3368 nix
868 3303 1124 3391 superloenuml.
1140 3307 1296 3372 »Intende

260 3410 437 3500 diligenter,
448 3413 585 3489 auditor,
599 3438 638 3478 ne
649 3425 742 3502 putes
752 3436 809 3478 nos
818 3413 881 3478 vim
890 3411 994 3479 lacere
1001 3412 1175 3503 Scripturae
1184 3417 1297 3483 divinse

259 3546 334 3588 cnm
347 3523 496 3588 docentes
510 3521 682 3590 Ecclesiam
698 3524 833 3589 dicimus
847 3519 895 3587 vel
911 3546 1020 3609 aquas,
1037 3521 1085 3588 vel
1102 3523 1235 3601 imbres,
1247 3527 1296 3593 vel

259 3630 317 3695 alie
335 3653 405 3719 quae
421 3632 626 3720 corporaliter
640 3634 703 3700 dici
723 3633 882 3706 videntur,
898 3630 1103 3719 spiritualiter
1118 3635 1292 3700 sentienda.

260 3739 342 3813 Audi
359 3739 487 3826 Moysen
503 3741 663 3827 quomodo
679 3743 811 3807 verbnm
828 3739 917 3828 Legis
933 3761 1020 3806 nunc
1035 3740 1176 3828 pluviam
1192 3743 1296 3809 nomi—

294 3870 301 3901 ¹
316 3870 396 3916 Levil.
411 3870 514 3938 traviul.
526 3899 553 3906 -
567 3869 677 3919 Ξ111111(Ι
692 3887 716 3928 v,
729 3871 770 3926 15.
782 3851 829 3909 -·ὲ
846 3872 1012 3928 1)(ὐῐ.κκκιι,
1030 3885 1052 3926 t,
1065 3887 1084 3919 r.
1097 3899 1127 3908 -
1141 3870 1150 3902 ⁶
1165 3871 1233 3920 lbirl.
