2644 4612
347 268 380 311 ru
406 267 568 312 caurrcun
592 269 794 314 caurrconon
817 271 877 312 ιιι.
905 270 952 311 ιιι.
1104 247 1168 332 ⁵¹9

129 386 274 453 »exissc¹
288 411 295 453 ε
311 389 420 454 »itaet
431 387 735 478 cumplurcsessent
746 390 800 478 qui
811 384 1170 464 eumvidehant,nullus

5 549 7 582 ÷
124 519 203 561 eum
217 495 332 562 vidisse
352 495 490 573 dicitur,
506 497 564 562 nisi
580 497 633 586 qui
645 499 772 586 agnovit
790 497 877 585 quod
892 498 1026 572 verbum
1038 495 1117 574 Dei,
1133 505 1166 560 et

6 659 8 696 p
125 603 229 670 Filius
237 604 296 670 Dei
309 616 374 670 est:
388 605 420 669 in
437 628 500 693 quo
515 600 624 692 utique
635 604 729 671 simul
745 607 871 695 agnosci
882 619 914 670 et
931 604 1027 672 videri
1047 605 1164 670 dicitur

128 714 233 780 Pater.
249 711 311 778 Sed
321 723 354 776 et
364 713 427 779 hoc
439 736 497 778 nos
509 737 573 792 non
585 726 768 803 praetereat,
782 714 866 803 quod
878 713 965 804 prius
977 736 1117 802 capreae,
1131 725 1165 778 et

129 844 216 888 nunc
231 818 363 888 hinnulo
378 844 545 888 cervorum
553 835 768 913 comparatur,
777 845 852 890 cum
863 821 972 911 utique
986 823 1090 911 majus
1102 821 1168 888 ani·

128 923 196 991 mal·
208 948 319 1004 cervus
339 948 434 1014 quam
446 949 559 1016 caprea
574 927 727 994 videatur.
748 927 812 996 sed
824 925 1039 992 animadverte
1055 924 1164 992 ncilla

125 1034 232 1122 potius
248 1033 281 1098 in
292 1031 342 1098 his
357 1023 503 1101 habenda
518 1036 558 1101 sit
569 1037 667 1102 ratio:
678 1038 752 1125 quia
767 1059 842 1104 cum
857 1033 1024 1125 dupliciter
1039 1045 1165 1101 constet
1271 1043 1277 1051 “

126 1140 211 1208 salus
230 1143 449 1220 credentium,
469 1168 526 1234 per
540 1146 732 1235 agnitionem
746 1145 824 1210 lidei
841 1157 873 1210 et
895 1167 1027 1234 operum
1044 1144 1172 1232 persec-

130 1251 275 1328 tionem,
292 1253 373 1318 ratio
389 1253 463 1318 lidei
476 1277 546 1343 quae
561 1278 619 1343 pro
631 1255 746 1320 intuitu
763 1267 794 1322 et
808 1253 1005 1344 inspectione
1020 1265 1168 1320 contem-

129 1359 276 1450 plationis
299 1385 420 1451 capreae
439 1365 494 1449 (ut
510 1364 665 1453 diximus)
684 1375 899 1452 comparatur,
914 1363 1035 1450 primus
1050 1363 1170 1428 habea-

130 1481 183 1533 tur
204 1468 311 1535 salutis
326 1470 442 1558 gradus
461 1495 469 1536 ι
488 1473 629 1537 secundo
644 1493 720 1536 vero
735 1472 768 1536 in
783 1469 855 1537 loco
870 1493 1002 1559 operum
1018 1470 1172 1559 perfectio

129 1602 201 1666 quae
216 1579 295 1644 servi
309 1579 443 1646 formam
456 1592 544 1646 tenet
555 1581 710 1646 vincentis
726 1578 956 1668 etpcrimentis
971 1601 1092 1644 venena
1102 1600 1172 1642 ser-

133 1689 302 1776 pentium,
322 1688 356 1753 id
382 1701 448 1764 est,
475 1700 558 1753 artes
581 1685 771 1763 diabolicas,
801 1699 1007 1752 memoretur.
1035 1686 1069 1754 Si
1094 1663 1171 1774 ergo

133 1819 245 1884 sponsa
258 1795 393 1862 similem
405 1797 482 1864 dicit
497 1820 566 1864 esso
580 1797 756 1863 fraternum
771 1819 865 1861 suum
879 1817 1022 1883 capreae,
1036 1791 1084 1861 vel
1096 1793 1172 1858 hin·

130 1903 207 1968 nulo
223 1927 392 1978 servorum
404 1907 438 1972 in
452 1908 616 1974 montibus
631 1903 763 1981 Bethel,
775 1902 888 1972 Bethel
900 1926 975 1968 vero
988 1902 1101 1967 domus
1113 1900 1173 1967 Dei

30 2047 33 2054 =
130 2011 372 2100 interpretatur,
387 2029 510 2081 montes
526 2039 601 2104 ergo
614 2015 667 2103 qui
686 2016 719 2080 in
734 2014 836 2086 domo„
845 2011 903 2078 Dei
925 2022 999 2078 sunt
1010 2061 1019 2086 ,
1032 2021 1174 2099 possunt

127 2119 222 2207 Legis
234 2130 267 2182 et
281 2123 585 2208 prophetarum,sed
600 2134 633 2186 et
648 2120 827 2208 evangelica
841 2133 873 2186 et
887 2117 1056 2209 apostolica
1068 2119 1170 2207 accipi

128 2224 305 2302 volumina,
318 2229 351 2292 in
364 2229 477 2315 quihus
488 2240 520 2292 et
536 2229 615 2293 fides
630 2228 688 2293 Dei
701 2227 865 2315 perficitur
880 2224 1168 2315 etcontemplntur,

130 2347 165 2400 et
179 2357 318 2426 operum
329 2336 481 2423 perfectio
493 2337 610 2402 dicitur
625 2348 657 2400 et
672 2332 872 2423 adimpletur.

160 2447 163 2454 ‘
183 2471 196 2504 a
211 2444 295 2508 Ecce
313 2444 365 2509 hic
385 2445 471 2508 stetit
488 2456 560 2532 post
574 2445 726 2531 parietem
742 2456 887 2510 nostrum
904 2444 1091 2508 incumbens
1115 2467 1171 2508 su·

131 2574 212 2640 sper
228 2550 401 2628 fenestras,
422 2552 616 2640 prospiciens
636 2574 692 2639 per
707 2553 797 2619 retia.
818 2550 1000 2640 Respondet
1012 2551 1171 2617 fraternus

130 2683 262 2736 emens,
276 2673 308 2725 et
323 2660 401 2726 dicit
411 2660 489 2726 mihi
499 2659 521 2724 ².
541 2687 553 2720 s
569 2660 652 2725 Cum
664 2661 833 2726 considero
850 2657 1052 2726 difficultates
1067 2660 1174 2724 iuves-

131 2768 250 2857 tigandi
264 2791 374 2833 sensus
387 2768 420 2834 in
438 2768 488 2835 his
500 2768 554 2857 qui
575 2769 728 2858 propositi
749 2781 822 2834 sunt
834 2769 1006 2858 Scripturas
1021 2769 1173 2834 sermoni-

130 2880 209 2952 bus,
226 2874 327 2942 simile
342 2901 394 2942 me
414 2875 532 2965 aliquid
550 2877 617 2966 pati
632 2877 725 2942 video
744 2877 842 2952 huic„
857 2876 912 2964 qui
929 2876 969 2940 ad
985 2875 1174 2966 investigan-

132 2986 211 3053 dum
232 2986 433 3051 venationem
454 2987 640 3052 odoratibus
663 2986 782 3075 sagacis
806 2985 892 3051 canis
918 2984 1063 3073 procedit
1082 3009 1090 3048 :
1106 2986 1172 3050 ubi

132 3095 295 3180 interdum
307 3094 406 3160 moris
417 3107 483 3172 est,
500 3106 538 3158 ut
553 3119 627 3162 cum
643 3095 780 3184 vestigiis
796 3095 936 3159 intentus
950 3093 1127 3181 proximum
1139 3116 1172 3160 se

134 3215 266 3270 venator
278 3201 447 3268 latentibus
461 3201 611 3268 effectum
623 3202 780 3290 putaverit
795 3224 862 3266 esse
872 3199 1048 3278 cubilibus,
1066 3202 1172 3266 subito

134 3309 335 3398 vestigiorum
352 3312 550 3377 desideretur
560 3310 705 3386 indiciis,
722 3322 754 3376 et
769 3332 896 3375 rursum
907 3307 998 3375 fixius
1013 3309 1173 3399 impressis

136 3421 316 3488 odoratibus
326 3423 453 3488 easdem
464 3445 542 3510 quas
550 3419 776 3510 explicaverat,
790 3433 962 3487 retrorsum
975 3420 1168 3496 redeatvias,

133 3529 236 3597 donec
251 3530 506 3597 inveniatlocum
522 3530 554 3594 iu
573 3553 636 3616 quo
648 3553 682 3595 se
697 3527 788 3594 altius
806 3530 968 3599 excutiens
986 3527 1109 3594 venatio
1127 3525 1169 3594 ln·
1187 3522 1194 3532 ’

132 3651 237 3705 tenter
250 3640 292 3707 ad
314 3638 407 3706 aliam
426 3636 586 3704 transtulit
603 3637 685 3703 viam
700 3662 708 3702 :
725 3661 820 3725 quam
841 3663 915 3705 cum
933 3647 1063 3702 venator
1082 3636 1171 3702 inre-

131 3751 235 3825 nerit,
263 3747 396 3815 alacrior
418 3748 593 3837 insequitur
621 3771 676 3838 spe
700 3747 812 3837 praedre
840 3747 973 3823 certior,
998 3757 1030 3812 et
1052 3747 1174 3836 vestigii

170 3891 179 3923 ¹
201 3899 259 3947 Luc.
276 3913 337 3952 vus,
351 3898 426 3956 iffi.—
439 3891 449 3924 ²
460 3894 533 3946 Cant.
545 3914 563 3944 ιι
573 3932 580 3958 ,
591 3913 607 3962 9
618 3932 624 3957 ,
637 3913 673 3946 ιο.
