2748 4596
214 229 254 292 28
661 249 804 292 osismus

213 369 323 459 »plum
338 369 396 436 Dei
412 370 482 448 ost?
494 371 527 436 Si
543 371 613 457 quis
628 380 736 435 sutem
750 365 905 456 templum
920 365 978 432 Dei
993 364 1173 440 violaverit,
1190 363 1252 429 dis-

213 477 346 567 »perdet
359 476 450 543 illum
464 477 550 542 Deus
560 475 583 542 ¹.
601 506 614 538 s
628 477 704 542 Haec
719 476 843 542 etiamsi
857 476 946 565 prius
959 474 1147 562 ignorabas,
1164 495 1251 538 nuno

211 599 319 653 tomen
334 609 373 650 ex
390 607 453 673 quo
468 585 501 649 in
517 585 646 650 curibus
661 583 723 648 tuis
738 584 797 650 istu
811 583 905 650 verba
917 582 1087 658 dicuntur,
1099 592 1132 647 et
1148 579 1183 644 iu
1196 602 1253 644 cor

211 707 304 760 tuum
319 694 541 782 hujuscemodi
556 692 701 758 doctrina
721 691 962 766 transfunditur,
979 689 1059 778 spito
1078 700 1111 754 te
1129 687 1179 754 bis
1195 711 1252 754 au-

215 801 286 866 ditis
303 800 457 889 templum
473 801 550 877 Dei,
567 811 600 865 ct
615 800 797 866 membrum
815 797 932 864 Christi
950 821 1018 863 esse
1037 799 1103 887 jam
1120 796 1249 862 sactum.

214 907 295 975 Vide
313 919 469 997 quantum
488 906 658 1002 profeceris
676 929 716 972 ex
736 904 934 999 homunculo
953 917 1091 970 terreno.
1115 905 1152 969 ln
1171 915 1254 968 tom-

214 1014 303 1102 plum
319 1016 377 1080 Dei
394 1037 578 1105 progressus
595 1039 629 1080 es
645 1015 712 1080 sinc
726 1013 843 1093 dubio,
861 1013 894 1078 in
913 1037 977 1101 quo
998 1013 1141 1079 babitare
1161 1011 1255 1077 debet

214 1121 300 1185 Deus
318 1143 326 1186 t
344 1120 440 1207 etqui
459 1143 534 1186 curo
548 1131 580 1184 et
598 1119 723 1208 sanguis
739 1141 829 1196 orus,
844 1116 1006 1207 profecisti
1026 1129 1060 1182 ut
1075 1117 1256 1181 membrum

215 1227 332 1293 Christi
350 1228 401 1292 sis.
420 1227 484 1293 Sed
499 1227 581 1292 sicut
598 1247 731 1314 mugnus
747 1237 795 1291 ost
817 1227 876 1292 isto
891 1225 1074 1315 profectus,
1092 1224 1135 1290 ita
1147 1235 1180 1289 ot
1193 1224 1257 1289 dis-

214 1359 321 1429 cessus
333 1333 500 1411 terribilis,
515 1345 609 1421 utque
624 1331 865 1399 irremediabilis
880 1356 963 1422 poue
978 1331 1093 1422 lapsus.
1109 1332 1184 1399 Jum
1203 1332 1258 1397 tibi

214 1444 299 1509 enim
312 1466 377 1509 non
391 1441 468 1508 licet
482 1440 602 1530 templo
614 1441 672 1507 Dei
685 1442 750 1517 uti,
763 1441 822 1506 uisi
835 1441 867 1506 in
879 1441 1065 1517 sanctitate,
1078 1463 1141 1506 nee
1154 1463 1258 1506 mem-

213 1553 271 1618 bra
294 1551 412 1618 Christi
435 1550 475 1616 ud
494 1543 663 1638 indignum
694 1571 843 1616 rovocare
869 1549 1043 1637 negotium.
1068 1549 1111 1614 Et
1133 1547 1208 1612 ideo
1233 1549 1257 1612 si

214 1661 342 1747 quando
364 1672 396 1724 te
417 1656 509 1724 malae
530 1658 797 1746 concupiscentiae
815 1655 920 1746 pulsat
940 1656 1111 1733 illecebra,
1134 1679 1257 1722 memor

213 1767 330 1834 borum
344 1789 416 1856 quae
432 1789 517 1834 nuuc
533 1767 643 1842 nudis,
660 1765 743 1832 hosti
758 1765 802 1830 illi
818 1788 970 1842 occurro,
988 1765 1043 1854 qui
1059 1765 1100 1831 do
1120 1767 1250 1853 teipso,

195 1876 277 1944 'hoc
292 1890 359 1952 est,
373 1877 413 1942 de
428 1889 484 1942 tuo
499 1877 595 1944 cordo
611 1877 774 1965 procedit,
792 1889 823 1944 et
839 1878 948 1942 resisto
964 1878 993 1942 oi
1010 1878 1042 1943 iu
1056 1877 1176 1944 talibus
1187 1901 1252 1942 rer·

213 1985 282 2061 bis,
297 1996 331 2049 et
347 1984 416 2061 die,
433 1985 504 2072 quio
525 2008 589 2050 non
605 2007 676 2050 sum
691 2007 805 2050 meus:
824 1996 950 2074 emptus
965 1986 1050 2052 onim
1067 2009 1139 2051 sum
1155 1985 1256 2074 pretio

213 2092 372 2180 sanguinis
386 2091 521 2168 Christi,
536 2103 568 2156 ot
584 2093 766 2158 membrum
778 2093 875 2181 ipsius
889 2091 1021 2159 effectus
1036 2117 1117 2158 sum.
1142 2094 1215 2160 Non
1225 2091 1259 2157 li·

214 2211 265 2268 cet
279 2201 357 2267 mihi
369 2199 480 2265 tollore
495 2203 678 2268 membrum
692 2200 827 2276 Christi,
840 2211 873 2265 ot
888 2200 992 2267 suoero
1003 2204 1188 2268 membrum
1196 2225 1259 2268 me·

216 2309 350 2374 retricis.
367 2309 427 2374 Dic
442 2309 488 2384 ei,
508 2309 580 2395 quin
597 2307 752 2398 templum
765 2307 823 2373 Dei
840 2308 971 2374 effectus
988 2331 1077 2386 sum,
1096 2333 1163 2376 nou
1181 2311 1260 2376 mibi

216 2415 289 2483 licet
300 2415 500 2484 immundum
515 2413 632 2502 aliquid
645 2414 719 2481 illuc
731 2415 902 2491 inducero,
915 2439 975 2482 nec
987 2417 1033 2482 ius
1045 2430 1093 2482 est
1104 2419 1185 2484 mihi
1199 2420 1260 2484 vio·

215 2523 281 2591 iuro
293 2523 448 2612 templum
460 2522 518 2588 Dei
533 2547 542 2594 s
556 2523 612 2590 sod
623 2535 655 2588 ot
670 2521 749 2591 illud
761 2523 860 2608 udde,
876 2525 1026 2611 quoniam
1036 2553 1049 2587 α
1060 2527 1114 2613 qui
1127 2526 1259 2592 fornico

216 2646 281 2710 tur,
298 2631 331 2698 in
346 2655 462 2720 corpus
475 2655 569 2697 suum
584 2630 731 2720 peccat²=
746 2662 759 2694 s
777 2655 842 2698 non
859 2632 890 2696 in
903 2631 988 2698 istud
1002 2657 1118 2723 corpus
1135 2633 1264 2710 solum,

217 2742 303 2832 quod
319 2734 474 2830 tempium
490 2739 549 2808 Dei
564 2738 715 2805 effoetum
729 2751 795 2816 ost,
811 2739 868 2805 sed
882 2751 914 2806 et
935 2741 968 2806 in
982 2740 1061 2808 illud
1076 2743 1165 2830 quod
1180 2744 1260 2808 ‹lici-

217 2864 281 2928 tur,
299 2851 372 2938 quia
387 2849 489 2914 omnis
505 2845 649 2913 Ecclesia
665 2869 780 2936 corpus
793 2846 910 2914 Christi
926 2850 992 2914 est'
1008 2862 1066 2915 ret
1081 2851 1114 2916 in
1131 2874 1260 2918 omnem

216 2958 390 3025 Ecclesium
407 2954 531 3020 videtur
547 2953 752 3042 delinquere,
768 2955 823 3041 qui
837 2978 953 3044 corpus
968 2979 1061 3024 suum
1078 2958 1260 3026 mucidare-

217 3067 278 3142 rit,
292 3065 364 3153 quis
378 3087 434 3153 per
448 3085 549 3128 unum
564 3061 766 3138 membrum,
780 3061 904 3130 macula
919 3064 952 3130 in
970 3088 1064 3132 omno
1075 3089 1195 3155 corpus
1207 3067 1261 3134 dii·

219 3174 373 3240 funditur.
389 3173 484 3237 Estot
496 3170 573 3236 illud
582 3170 790 3261 opprobrium
802 3170 929 3260 AEgypti
942 3223 950 3247 ,
963 3174 1047 3260 quod
1058 3225 1066 3250 ,
1079 3175 1105 3240 si
1117 3175 1261 3266 neglexe-

220 3281 380 3357 ris‚cti·am
391 3278 616 3366 postJordanis
626 3279 805 3355 transitum,
815 3281 1260 3369 etpostbaptismisecundam

221 3387 519 3460 circumcisionem,
540 3396 670 3452 vetustos
692 3385 929 3452 consuetudinis
945 3387 1103 3454 inustione
1118 3393 1258 3480 suggeri·

219 3509 285 3569 tur,
299 3497 465 3560 observare
476 3492 620 3581 augurio,
634 3494 794 3581 requirere
805 3492 968 3564 stellarum
977 3519 1091 3563 cursus
1100 3549 1110 3574 ,
1119 3511 1154 3564 ot
1164 3521 1263 3565 orcu-

220 3619 271 3670 tus
282 3627 321 3669 ex
332 3603 369 3668 iis
384 3603 565 3666 futurorum
580 3601 709 3676 rimari,
726 3625 850 3668 servare
865 3605 986 3670 somnia
1004 3607 1190 3695 caeterisque
1200 3607 1262 3673 bu-

222 3713 358 3801 jusmodi
376 3708 649 3796 superstitionibus
666 3707 830 3798 implicari.
847 3709 1033 3777 idololatriis
1048 3738 1187 3802 numque
1200 3741 1263 3784 ruu-

257 3856 290 3907 ¹1
309 3855 367 3906 Cor.
382 3873 422 3912 vr,
438 3871 483 3916 iffi
497 3869 545 3914 ur,
560 3867 599 3919 17.
654 3837 1094 3920 ²1u.‘v1‚rt.-³t:otoss.1,24.
