2702 4610
393 285 428 329 m
449 285 576 330 nxonuu
599 287 728 332 nourmr
753 289 794 331 rx.
1051 275 1109 356 1439

66 427 185 472 rocem
202 403 338 470 dicentis
358 403 401 468 ad
419 402 600 469 Corinthios
617 428 624 468 :
646 404 852 472 «Dilatamini
866 420 899 472 et
917 408 1001 474 ros‘.
1018 439 1031 470 a
1048 411 1111 475 Po-

66 527 132 580 test
147 537 183 580 se
198 525 234 578 et
256 512 330 580 seris
345 512 485 587 munire,
503 535 577 577 cum
593 536 626 577 sa
642 515 850 580 unanimitate
866 516 1043 585 dilectionis
1060 544 1112 585 as·

69 625 237 690 trinxerit.
258 622 361 688 Potest
387 645 485 710 super
507 633 670 710 argenteas
691 625 781 689 bases
803 636 898 700 stare,
923 649 997 692 cum
1017 651 1112 716 suprr

73 731 283 798 stabilitatem
296 731 379 797 verbi
397 731 468 808 Dei,
482 730 569 796 verbi
587 732 764 820 prophetici
776 747 809 798 ct
827 735 992 823 apostolici
1011 736 1113 818 collo-

78 855 184 910 cator.
197 842 300 907 Potest
313 840 433 906 habere
446 840 478 906 iu
494 838 642 918 columna
658 841 846 908 deauratum
858 857 967 932 eaput,
980 847 1006 912 si
1016 860 1113 936 caput

79 974 212 1017 aureum
229 951 270 1015 ait
290 950 319 1014 ei
338 949 419 1014 fides
440 949 568 1015 Christi.
596 949 735 1015 «Omnis
759 976 903 1039 nomque
923 955 980 1019 riri
1003 969 1112 1045 caput,

80 1090 93 1122 ι
111 1061 251 1126 Christus
266 1072 315 1126 est
324 1059 346 1125 ².
367 1089 380 1122 a
396 1060 516 1125 Decem
528 1084 603 1126 vero
615 1062 695 1126 atria
706 1074 811 1150 potest
825 1064 857 1129 in
873 1065 1043 1154 semetipso
1054 1068 1115 1132 dis·

75 1171 217 1247 tendere,
245 1194 322 1236 cum
346 1193 411 1236 non
434 1171 466 1235 in
489 1193 553 1234 uno
575 1181 701 1236 tantum
723 1174 822 1237 verbo
842 1173 932 1262 Legis
948 1175 1112 1252 dilatatur,

69 1303 178 1367 neque
193 1280 322 1344 duobus
346 1292 402 1344 aut
422 1280 524 1344 trihus
547 1279 651 1345 sedin
668 1290 735 1344 toto
750 1279 909 1369 Deculogo
930 1282 1006 1371 logis
1021 1287 1114 1372 spiri-

70 1387 170 1453 tualis
191 1387 405 1476 intelligentiae
422 1386 553 1452 dilatare
570 1387 812 1476 amplitudinem
835 1403 951 1478 potest,
969 1406 1024 1458 aut
1040 1419 1113 1460 cum

76 1496 225 1561 iructum
241 1496 375 1584 spiritus,
396 1496 561 1585 gaudium,
577 1519 703 1584 pacem,
719 1499 919 1585 patientiam,
936 1503 1115 1590 benignita-

82 1616 165 1678 tem,
180 1606 362 1681 bonitatem,
375 1605 577 1678 modestiam,
595 1607 702 1681 fidem,
716 1608 959 1684 continentiam,
975 1612 1113 1699 adjecta.

80 1737 153 1800 quae
172 1725 221 1778 est
243 1726 343 1778 mater
358 1715 516 1789 omnium,
533 1714 688 1780 charitate
704 1713 902 1803 protulerit⁸.
918 1720 1041 1787 Habeat
1056 1723 1115 1788 ad-

79 1819 143 1886 huc
159 1822 191 1886 in
207 1843 241 1886 aa
255 1821 360 1886 anima
375 1822 448 1897 ista,
462 1845 532 1908 quae
547 1845 612 1887 non
627 1821 751 1886 dederit
762 1845 910 1890 somnum
923 1824 1023 1892 oculis
1037 1829 1113 1905 suis,

76 1953 138 1997 nec
153 1927 315 2020 palpebris
329 1932 394 1996 suis
408 1932 678 2008 dormitationem,
690 1955 751 1998 nec
767 1935 908 2020 requiem
923 1939 1116 2026 temporibus
1192 1939 1202 1954 ’

77 2042 155 2115 suis,
181 2039 286 2106 donec
311 2039 451 2106 inveniat
476 2037 584 2106 locum
607 2041 757 2116 Domino,
782 2045 1025 2112 tabernaculum
1049 2050 1116 2116 Deo

78 2148 203 2216 Jacob·
223 2147 378 2224 thebert,
393 2150 536 2238 inquam,
554 2151 587 2214 in
603 2174 636 2215 se
657 2151 799 2216 defixum
816 2165 848 2218 et
870 2152 981 2230 altare,
1001 2156 1034 2221 in
1054 2137 1134 2246 (Ῑιιο4

84 2258 267 2336 orationum
278 2257 395 2323 hostias
410 2269 443 2323 et
460 2258 684 2325 misericordie
695 2261 837 2326 victimas
851 2262 964 2328 offerat
979 2266 1066 2340 Deo;
1087 2268 1117 2334 in

86 2387 154 2454 quo
169 2365 365 2430 continentiae
380 2363 485 2432 cultro
504 2367 684 2455 superbiam
704 2369 792 2456 quasi
811 2380 938 2436 taurum
956 2372 1117 2450 immolet,

77 2475 280 2541 iracundiam
296 2476 383 2562 qnasi
402 2476 533 2546 arietem
554 2476 689 2564 jugulet,
709 2475 868 2542 luxuriam
880 2502 1073 2568 omnemque
1086 2483 1120 2548 li-

73 2585 226 2652 bidiuem
240 2595 391 2671 tauquam
406 2585 512 2651 hircos
524 2597 556 2650 et
572 2586 679 2652 haedos
696 2586 774 2652 litet.
790 2585 878 2654 Sciat
897 2599 1004 2654 tamen
1016 2615 1055 2658 ex
1073 2592 1120 2657 his

72 2697 176 2764 etiam
197 2696 417 2762 sacerdotibus
430 2719 576 2784 separare
589 2698 736 2763 dextrum
754 2697 935 2773 brachium,
949 2712 981 2764 et
996 2715 1121 2789 pectus-

73 2805 205 2880 culum,
225 2818 259 2870 et
274 2804 427 2880 maxillas,
448 2806 480 2871 id
505 2819 565 2881 est,
590 2830 685 2895 opera
703 2809 801 2882 hona,
825 2820 858 2872 et
880 2831 974 2896 opera
998 2811 1142 2878 dextra·

74 2917 161 2984 Nam
184 2916 351 2981 sinistrum
372 2913 450 2981 nihil
473 2927 621 2982 reservet.
646 2914 871 2982 Pectusculum
887 2941 1015 3006 quoque
1037 2922 1120 2987 inte-
1193 2913 1199 2919 ¹

76 3049 188 3116 gruum
198 3022 288 3112 quod
300 3034 348 3086 est
359 3033 553 3098 correctum,
565 3035 598 3087 et
609 3045 699 3088 mens
710 3023 778 3088 Deo
790 3035 926 3098 sacrata;
937 3036 969 3088 et
982 3027 1121 3096 maxillas

77 3133 275 3201 adverbum
290 3131 349 3196 Dei
363 3129 571 3218 loquendum.
587 3130 675 3196 Sciat
689 3132 748 3196 sihi
764 3130 797 3196 in
814 3133 929 3198 sanetis
940 3135 1036 3200 etiam
1049 3160 1122 3204 can-

80 3241 251 3306 delabrum
269 3236 398 3304 luminis
417 3236 654 3315 collocandum,
669 3245 706 3302 ut'
717 3239 780 3304 sint
795 3240 824 3304 ei
840 3237 980 3309 lucernae
996 3267 1121 3334 semper

84 3349 242 3423 ardentes,
263 3359 298 3411 et
313 3345 416 3411 lumbi
434 3347 601 3422 succincti,
621 3359 653 3411 et
671 3347 737 3434 ipso
762 3358 913 3435 tauquam
933 3374 1042 3420 servus
1067 3358 1120 3444 qui

91 3471 228 3545 expectat
244 3458 414 3524 dominum
432 3480 526 3522 suum
544 3458 647 3523 redire
671 3457 711 3523 do
730 3459 848 3547 nuptiis
860 3460 882 3524 ⁵.
900 3462 948 3527 Do
963 3462 1011 3528 his
1033 3467 1119 3532 onim

92 3563 221 3635 lucernis
242 3580 277 3634 et
301 3567 457 3633 Dominus
479 3567 607 3634 dicebat
627 3589 635 3630 ε
656 3567 824 3634 «Lucerna
849 3571 991 3659 corporis
1013 3575 1058 3640 tui
1074 3591 1123 3640 cst

86 3677 217 3744 »oculus
229 3689 305 3743 tuus
315 3675 337 3739 ⁸.
352 3704 364 3735 ι
381 3674 445 3740 Sed
456 3675 541 3740 istud
553 3673 780 3742 candelabrum
793 3677 996 3746 lucernarum
1008 3683 1039 3749 in
1053 3710 1123 3751 aris·

116 3841 223 3890 ¹²Cor.
235 3856 272 3896 vr,
285 3836 324 3885 15.
339 3833 387 3872 —¹
400 3853 408 3883 ι
421 3835 480 3883 Cor.
493 3849 527 3894 ιι,
538 3835 561 3884 3.
574 3835 623 3873 ..t
636 3835 692 3887 Gal,
708 3853 733 3898 v,
749 3855 787 3888 ῃ,
800 3839 848 3878 ..t
863 3841 954 3890 Μαι,
966 3858 1047 3901 emh
1059 3845 1084 3904 4,
1097 3849 1120 3897 5·

85 3945 116 3955 —-
127 3917 137 3950 ⁵
149 3917 210 3965 brar.
222 3931 271 3973 ιιι,
280 3912 322 3960 35.
335 3938 366 3948 -
377 3909 386 3943 ⁶
398 3910 489 3959 hlatth.
502 3925 536 3969 rr,
550 3925 588 3960 ar.
648 3941 653 3960 ,
