2604 4614
228 315 259 356 ιιι
284 311 445 357 ιιιιτιιιιιι
468 295 671 358 cstlrscmu
696 313 768 358 nou.
796 315 829 356 ιι.
989 293 1051 356 555

23 465 98 532 rpus
115 439 220 528 quippe
235 438 382 502 sectionis
394 436 498 510 adest,
515 454 574 500 vox
590 437 722 501 turturis
735 437 842 503 auditu
856 449 905 502 est
920 437 951 502 in·
968 451 1051 504 term

24 561 152 616 »nostra
166 548 191 612 ⁴.
207 545 296 612 silon
312 544 378 610 sine
394 562 488 610 cause
503 544 536 610 in
554 543 710 610 sacrificio
725 538 896 610 assumitur
914 567 971 634 par
984 557 1055 611 tur-

24 673 155 734 turum,
173 667 226 722 aut
243 653 305 720 duo
322 651 398 741 pulli
419 651 665 735 columborum¹.
687 653 765 719 Nam
784 653 869 719 idem
886 653 1009 731 utcu,-
1023 665 1055 718 ot

27 786 193 856 nunquam
205 763 321 828 dietum
333 745 562 848 est'sepsrutim
578 761 798 827 tautummodo
816 761 1055 838 columbus-unt,

28 875 85 940 sed
104 896 160 962 par
174 879 349 945 turturum,
373 880 406 932 et
425 868 505 934 duos
525 867 628 957 pullus
645 867 875 934 columbarum.
901 869 1056 936 Columba

31 983 161 1070 Spiritus
175 990 302 1044 sanctus
317 988 374 1042 est.
394 977 529 1066 Spiritus
545 991 651 1043 autem
667 987 794 1042 sauctus
808 986 857 1042 est
875 980 1002 1067 quaudo
1020 979 1059 1044 de

28 1089 146 1178 maguis
164 1098 197 1152 et
219 1083 447 1151 occultioribus
467 1086 690 1160 sacramentis,
706 1094 738 1150 et
754 1107 824 1175 quse
839 1085 930 1151 ntulti
947 1105 1060 1177 capere

27 1221 89 1263 nou
112 1207 246 1286 possunt
266 1194 418 1281 loquitur,
434 1195 467 1258 lu
488 1195 618 1259 turturis
633 1193 840 1283 appellatione
859 1189 1011 1285 si'gtttturr
1027 1194 1061 1262 id

29 1317 97 1380 est,
111 1305 180 1392 ejus
201 1305 285 1378 svis,
302 1325 376 1391 quae
396 1322 519 1390 semper
534 1305 565 1367 iu
581 1304 737 1368 montium
759 1304 839 1392 jugis
859 1317 890 1370 et
913 1307 1061 1370 ethorum

35 1413 201 1477 verticibus
220 1421 450 1477 commoratum
474 1401 511 1475 lu
533 1409 665 1477 vallibus
684 1423 789 1477 sutem
811 1425 845 1477 et
865 1413 912 1478 bis
936 1407 1006 1500 quse
1022 1415 1062 1479 sd

41 1519 177 1586 homines
200 1539 299 1606 usque
314 1519 520 1606 perveniunt,
547 1514 696 1585 cobumbe
717 1517 894 1586 ussumitut.
921 1522 1064 1610 Denique

42 1626 173 1694 Salvator
192 1628 266 1714 quia
281 1626 444 1692 bominem
459 1638 506 1690 est
521 1621 666 1714 diguatus
680 1645 857 1704 assumere,
876 1641 909 1692 et
924 1631 1008 1694 veuit
1024 1631 1064 1694 sd

42 1749 150 1812 terras,
165 1733 323 1823 multique
337 1747 415 1800 tuuc
427 1735 512 1801 circs
523 1735 886 1826 dordunemp'edesteres
897 1748 988 1804 eraut
999 1780 1009 1814 ,·
1021 1739 1067 1804 ld-

37 1845 120 1910 circo
127 1844 264 1932 Spiritus
277 1856 477 1910 sanctaenon
489 1844 521 1908 in
534 1854 690 1909 turturem
699 1846 842 1922 vertitur,
854 1847 910 1911 sed
919 1842 1067 1913 columbo

31 1952 89 2029 fit,
105 1956 191 2018 inter
205 1967 264 2017 uos
277 1965 408 2041 propter
418 1952 583 2018 bominum
599 1945 834 2022 mriltitutliuem
845 1955 910 2020 sris
926 1974 1068 2020 massue-

34 2059 96 2124 tior
108 2069 328 2124 conversatur.
343 2058 461 2122 Turtur
472 2069 578 2122 nutem
591 2057 714 2122 videtur
724 2057 831 2142 (verbi
841 2060 959 2148 grstia)
969 2059 1068 2148 Mbysl

37 2179 74 2232 et
90 2164 144 2232 uui
160 2166 291 2232 cuilibet
307 2165 531 2254 prupbetarum
548 2165 763 2232 recedentium
778 2168 810 2232 iu
822 2180 946 2232 montes
963 2181 997 2232 et
1011 2168 1068 2233 de-

36 2289 143 2350 serta,
159 2289 189 2342 et
204 2276 247 2342 ibi
260 2275 481 2362 accipientium
493 2289 654 2342 sermones
669 2276 736 2339 Dei.
750 2273 923 2364 «Voxugo
937 2277 1072 2342 turturis

45 2385 173 2449 »aridis
188 2397 233 2448 est
249 2385 281 2448 iu
297 2395 381 2448 terrs
397 2394 512 2448 nostre.
531 2383 624 2448 Ficus
635 2383 783 2470 produxit
793 2403 918 2471 grossos
929 2383 1070 2450 suos⁸.d

43 2493 127 2558 rficu
151 2492 324 2582 dignoscite
345 2491 525 2580 parobolam
543 2516 550 2556 :
569 2514 642 2557 eum
658 2515 763 2556 ramus
782 2493 849 2579 ejus
866 2506 955 2558 tener
972 2493 1072 2558 luctus

32 2602 154 2668 »suerit
167 2649 177 2676 ‚
192 2613 226 2666 et
240 2599 312 2666 solis
321 2600 457 2674 miserit,
471 2599 583 2664 scitote
595 2599 667 2686 quia
680 2600 767 2686 juxta
777 2613 826 2666 est
837 2614 925 2666 aestas
938 2601 959 2668 ⁴.
975 2600 1073 2668 »Vult

31 2711 130 2777 nohis
145 2710 205 2776 Dei
222 2707 382 2798 eloquium
399 2707 572 2784 nunciare,
588 2718 658 2794 post
674 2707 840 2794 hyemem,
860 2722 931 2796 post
948 2707 1073 2796 procel-

32 2819 83 2885 las
99 2817 279 2886 animarum
288 2815 553 2904 appropinquasse
570 2837 725 2890 messem,
738 2828 770 2879 et
786 2815 829 2880 ait
842 2840 850 2881 :
862 2842 875 2874 ι
887 2817 981 2881 Ficus
996 2841 1074 2906 pro-

36 2929 152 2994 sduxit
167 2949 293 3015 grossos
306 2947 397 3000 suos,
411 2924 489 2990 vites
500 2921 691 2998 florescunt,
705 2923 859 2989 dederunt
872 2926 1002 2991 odorem
1013 2927 1040 2991 ⁵:
1054 2957 1067 2988 s

33 3036 64 3099 si
88 3037 151 3124 jam
180 3045 375 3122 rumpuntur
398 3032 429 3096 iu
452 3030 582 3107 liorem,
604 3043 729 3120 tempus
751 3033 912 3109 adveniet,
934 3047 966 3099 et
983 3049 1077 3100 erunt

29 3169 118 3210 ιιι-ε.

88 3251 185 3317 tht.
206 3278 218 3310 s
237 3250 357 3338 Surge,
377 3247 466 3322 seui,
486 3248 625 3336 proxima
643 3271 731 3323 ntea,
749 3249 888 3336 speciosa
911 3275 1001 3327 mea,
1023 3275 1079 3316 co—

28 3390 47 3422 ·
56 3358 177 3424 lumba
188 3381 259 3424 mea
269 3357 292 3422 ⁶.
305 3357 399 3422 »Haee
411 3378 481 3443 quse
492 3356 633 3444 superius
642 3357 841 3443 exposuimus
850 3407 858 3432 ,
868 3380 1000 3446 sponsus
1012 3350 1078 3426 uon

26 3466 249 3534 audientibus
263 3461 527 3538 adolescentulis,
542 3465 596 3528 sed
608 3463 673 3529 sola
688 3486 801 3552 sponsa
815 3465 962 3532 audiente
978 3466 1082 3554 loqui·

17 3593 104 3644 tur.
122 3575 277 3650 Volumus
288 3588 393 3642 autem
407 3587 438 3638 et
450 3574 548 3664 ipsius
563 3575 627 3661 jum
642 3575 748 3639 audire
764 3598 941 3640 sermonem
953 3575 1083 3666 loqueu-

17 3689 78 3754 tis
98 3688 142 3753 ad
153 3707 321 3776 sponsam:
336 3685 478 3771 sSurge,
493 3683 578 3758 veui,
595 3683 983 3772 proximumea,speciosa
993 3709 1081 3760 mea,

66 3855 175 3905 ¹Cant.
190 3867 273 3908 ιι,ιι.
286 3879 318 3888 -
329 3847 475 3898 Uestam.
486 3845 537 3886 -⁸
548 3851 617 3898 funt.
630 3867 666 3910 ιι,
684 3865 722 3912 ιι,
743 3847 780 3900 ι3,
794 3880 821 3888 -
840 3851 1030 3914 tpppppmw'
1044 3851 1087 3907 32·

14 3977 58 3988 —-
77 3945 88 3976 ⁵
103 3948 184 3994 Cant.
199 3959 233 4000 u,
249 3943 285 3990 13.
301 3969 333 3977 -
347 3936 432 3988 tund.

161 4057 192 4094 ιι.
934 4031 973 4092 us)
