2644 4612
231 196 293 274 548
679 220 820 264 cursurus
875 231 884 245 s

229 362 299 404 mus
321 364 328 403 :
351 339 448 407 Mirer
464 363 539 428 ego,
562 337 700 426 quoniam
716 353 903 426 cornpanrtus
920 367 985 408 suar.
1006 344 1066 410 Nou
1078 361 1116 412 est
1128 372 1190 416 mn-

227 459 365 536 penotus
385 459 554 536 antequam
570 448 689 514 videret
711 450 882 525 visionem,
899 463 1050 538 antequam
1062 453 1134 520 Osias
1145 482 1192 524 no

171 638 172 650 χ
228 567 352 622 reretur
375 581 384 620 :
409 580 484 622 cum
510 556 622 644 incipit
650 559 870 644 poeniteutiam
891 583 996 647 agere,
1016 561 1105 628 statim
1121 564 1190 643 didt:

230 664 383 745 Quoniam
395 675 582 751 coanpunctus
596 689 678 757 sum,
694 663 727 730 si
745 666 814 752 quis
829 667 895 732 sine
909 690 996 732 sensu
1006 681 1048 732 est
1059 669 1129 755 juxta
1140 673 1193 738 inte

228 775 344 838 riorem
356 772 534 848 homiuem,
551 795 626 838 cum
639 785 789 861 peccator
800 775 858 851 sit,
873 798 934 840 uon
945 777 1194 866 compungituraud

228 883 316 968 quasi
338 882 370 946 in
392 881 545 948 exteriora
567 883 711 946 membra
733 880 808 946 lieet
831 883 975 950 adhibeas
994 883 1193 961 stimulamur

228 989 321 1052 sentit
332 997 494 1051 mortuum
506 1007 643 1074 eorpus,
659 987 773 1052 eodem
789 988 886 1053 modo
900 989 925 1054 si
939 988 1072 1055 adhibeas
1083 995 1192 1079 peccator
1253 1029 1255 1038 ι

226 1095 319 1161 verba
331 1095 435 1160 divina
447 1093 637 1160 mortificato
647 1118 706 1182 per
716 1108 905 1184 peceatum,
921 1110 953 1162 et
964 1121 1023 1164 non
1033 1101 1117 1186 agenti
1129 1102 1190 1188 peni

226 1207 374 1282 tentiam,
392 1229 496 1296 neque
513 1218 644 1272 moestus
660 1219 727 1283 eat,
750 1229 855 1296 neque
872 1209 1020 1297 prenitet,
1036 1233 1118 1297 neque
1130 1211 1190 1277 hrtrt

223 1314 382 1382 tristitiam
399 1327 583 1403 operantem
603 1315 853 1392 consessionem,
875 1317 1029 1384 tristitiam
1047 1340 1103 1404 que
1116 1341 1187 1384 recn-

224 1424 301 1490 dum
313 1423 416 1490 Deum
427 1435 484 1490 est.
500 1423 533 1489 si
548 1422 618 1514 quis
637 1433 744 1490 autem
759 1421 826 1490 vult
844 1423 978 1499 salvari,
993 1437 1025 1490 et
1038 1425 1185 1493 audieritaer

224 1555 335 1598 mones
351 1531 508 1622 arguentis
526 1553 578 1606 se,
595 1542 628 1596 et
644 1531 863 1618 corripientis,
879 1531 1070 1600 statim·‹iicit
1083 1557 1090 1601 t
1103 1533 1184 1600 Ouier

224 1642 302 1729 egoi
320 1639 384 1706 Nec
406 1637 521 1704 suffieit
543 1638 667 1715 dicere,
688 1638 779 1704 mirer
799 1663 873 1728 ego,
900 1642 1103 1732 apponendum
1117 1642 1180 1714 utri,
1254 1681 1255 1686 κ

225 1745 293 1832 quia
313 1756 502 1830 compunctus
523 1768 599 1808 sum.
629 1741 818 1830 Utinamque
840 1743 977 1833 amplius
997 1769 1177 1835 eompunpnu.
1253 1785 1254 1790 κ

226 1855 352 1934 Quanto
367 1854 452 1917 enim
466 1850 537 1940 plus
555 1852 811 1940 compungimur,
830 1863 921 1918 tanto
942 1851 1013 1942 pius
1032 1855 1098 1920 notis
1109 1873 1170 1940 perr

223 1976 328 2028 torum
347 1957 471 2027 vincula
489 1958 643 2025 laxantur.
666 1961 798 2050 Propter
816 1961 879 2027 hoc
896 1961 1009 2030 Achab
1024 1962 1071 2028 ille
1085 1957 1175 2026 muud-

222 2081 290 2133 tum
305 2065 447 2133 utilitatis
461 2077 508 2130 est
526 2078 736 2143 consecutus,
754 2068 827 2154 quia
847 2091 912 2133 non
928 2067 1063 2136 multum
1077 2085 1182 2152 conput-

221 2188 334 2242 tuaest
351 2198 358 2239 :
376 2175 432 2240 sed
447 2186 657 2263 compunctus
676 2175 803 2262 quidem
821 2187 869 2241 est
888 2176 989 2246 semel
1008 2173 1151 2253 tantun.Q
1176 2207 1185 2216 ·

221 2287 365 2353 mobrem
386 2283 507 2349 dietum
529 2294 602 2348 est:
630 2281 774 2348 «Vidisti
792 2286 958 2372 quomodo
979 2293 1147 2374 componetur
1159 2285 1189 2344 att

221 2391 381 2460 »thth
403 2421 415 2453 ι
430 2391 464 2456 Si
474 2392 629 2479 veroquis
644 2389 713 2456 talis
725 2391 819 2456 suerit
830 2404 866 2456 ut
877 2417 945 2466 nou
958 2386 1188 2478 oessetconpup'.
1253 2437 1255 2466 ι

220 2503 295 2568 dicit
311 2498 455 2566 similiter
471 2513 505 2564 ut
517 2496 708 2587 Apostolris:
727 2499 822 2566 «Non
835 2525 907 2566 sum
923 2501 1034 2592 dignm
1050 2498 1131 2567 vocari
1140 2514 1194 2584 aper
1253 2467 1255 2518 Ι

221 2609 325 2676 »tolus
340 2619 471 2698 propter
481 2607 543 2674 hoc
554 2607 640 2697 quod
650 2621 835 2698 persecutus
851 2634 925 2680 sum
941 2609 1099 2680 Ecclesiam
1111 2601 1192 2676 neit·

220 2711 270 2784 iet
290 2717 387 2784 :Mihi
394 2717 527 2782 minimo
538 2715 680 2782 omnium
695 2730 879 2784 sanctorum
891 2719 966 2789 data
982 2731 1028 2786 est
1041 2720 1092 2786 ista
1103 2707 1196 2806 gratia',

221 2841 270 2892 »et
284 2852 295 2894 .·
309 2824 426 2892 Fidelis
439 2827 543 2900 Deus,
561 2825 635 2912 qula
649 2825 742 2890 Jesus
757 2811 904 2894 Christus
923 2829 1006 2895 venit
1020 2827 1131 2896 inhune
1141 2839 1200 2886 nm·

221 2937 320 3002 ndum
334 2945 516 3024 peccatores
532 2923 669 3008 saliare,
686 2957 825 3021 quorum
839 2935 964 3025 primus
978 2959 1035 3026 ego
1048 2931 1133 3001 sum‘.
1145 2923 1204 2994 ‚ti-

221 3046 318 3111 desne
340 3043 413 3132 quia
435 3038 571 3108 multum
594 3055 804 3130 compunctus
824 3057 891 3120 est,
916 3057 951 3110 et
973 3069 1034 3114 non
1056 3037 1151 3121 semei,
1168 3031 1206 3100 sed

222 3175 346 3243 semper
367 3150 527 3226 scribens,
552 3161 584 3214 et
603 3147 757 3239 loquens,
781 3162 814 3228 et
835 3175 930 3241 agens
953 3161 1138 3242 compunctus
1155 3139 1206 3210 esti
1253 3149 1255 3270 p

224 3260 396 3345 Quomodo
413 3269 445 3322 et
465 3257 558 3324 isaias
577 3258 789 3347 inpraesenti,
808 3259 864 3350 qui
883 3259 983 3326 dicit:
1006 3257 1206 3340 «Omiseresst
1253 3285 1255 3360 ᾗ

224 3397 334 3446 asum,
347 3380 555 3456 compunctus
567 3391 655 3444 sum,
672 3367 744 3458 quia
757 3391 832 3436 eum
843 3369 902 3435 sim
913 3371 1031 3446 homo,
1045 3381 1074 3434 et
1083 3359 1207 3446 immunda
1253 3373 1254 3384 *

225 3480 327 3548 »labia
339 3477 493 3552 habeam,
509 3488 541 3540 et
556 3475 588 3541 in
603 3477 709 3549 medio
726 3501 852 3570 quoque
868 3478 977 3573 populi
994 3473 1141 3543 immunda
1151 3465 1209 3536 lubi·

206 3642 209 3649 ,
227 3587 390 3657 »habentis
404 3585 544 3652 habitem
556 3585 579 3651 ⁸.
599 3617 612 3649 ι
631 3587 827 3655 Annotemus
842 3601 875 3653 et
893 3585 978 3657 uliud
992 3586 1143 3677 quiddam,
1158 3575 1209 3676 quil
1253 3645 1254 3652 ,

1252 3659 1255 3744 t

251 3755 271 3786 '¹
285 3740 439 3816 3Rrgi'xx1,
451 3769 492 3815 ²9·
511 3721 648 3801 -¹²1Cor.
663 3771 706 3808 xv,
717 3771 741 3817 9.
755 3779 780 3788 -
796 3749 905 3818 ‘Ephrn
915 3769 960 3814 ιιι,
975 3751 1000 3804 8.
1010 3749 1056 3790 -¹
1067 3767 1078 3798 1
1090 3751 1169 3806 'lindr
1183 3733 1210 3790 ¹⁵⁵⁴
1254 3787 1255 3790 =

227 3845 278 3880 -t
289 3840 345 3890 lsai.
358 3834 432 3898 v1,5.
