2644 4612
189 225 253 310 496
640 189 799 290 onicinusv

187 369 258 435 vitis
274 391 362 443 vera,
380 379 413 432 et
426 390 524 455 agnus
546 368 625 444 Dei,
649 382 681 434 et
694 367 795 434 multa
815 367 875 434 alia
894 369 1086 436 nominetur.
1110 371 1219 438 Omnia

186 496 325 563 namque
339 475 408 541 haec
419 477 551 540 verbum
560 475 618 540 Dei
631 476 957 564 unicuiquecllicitur,
970 491 1066 564 prout
1080 501 1222 544 mensura

186 583 234 649 vel
249 583 441 650 desiderium
461 583 677 672 participantis
697 584 864 672 exposcit:
887 584 1064 650 secundum
1088 587 1174 673 quod
1193 599 1223 651 et

186 711 319 763 manna,
336 689 390 775 qui
412 711 486 754 cum
503 700 586 754 esset
603 713 683 754 nnus
702 690 814 765 cibus,
831 691 1002 778 unicuique
1021 703 1130 756 tamen
1144 691 1219 756 desi-

185 799 274 863 derio
289 800 336 862 sni
353 798 506 864 reddebat
527 821 683 886 saporem.
702 799 826 864 Praebet
843 821 919 886 ergo
935 800 1075 886 seipsum
1094 821 1159 863 non
1174 823 1225 864 so-

185 904 252 974 lum
270 907 481 972 esurientibus
497 929 635 995 panem,
653 918 686 970 et
701 907 881 972 sitientibus
896 906 1025 982 vinum,
1048 907 1152 971 sedet
1171 907 1225 973 dc-

186 1011 285 1078 liciari
301 1011 497 1088 volentibus,
514 1014 718 1101 semetipsum
730 1063 739 1088 ,
751 1026 784 1078 et
799 1013 967 1101 fragrantia
978 1013 1215 1101 exhibetpoma.

185 1122 357 1207 Propterea
377 1139 453 1208 ergo
469 1133 502 1186 ct
521 1143 635 1210 sponsa
650 1119 737 1186 velut
759 1121 876 1188 relecta
891 1122 957 1210 jam
972 1133 1005 1200 et
1019 1122 1105 1186 bene
1121 1134 1220 1209 pasta,

135 1259 136 1266 ¹
184 1231 290 1296 fulciri
306 1231 338 1295 in
353 1230 455 1298 meliis
467 1253 504 1296 se
519 1232 638 1319 poscit,
656 1231 758 1298 sciens
774 1232 807 1296 in
823 1233 922 1297 verbo
937 1252 1005 1296 esse
1017 1232 1080 1298 sibi
1094 1255 1159 1297 non
1173 1257 1220 1296 so-

183 1337 248 1407 lum
262 1363 391 1406 omnem
403 1321 530 1415 cibum,
544 1339 639 1407 sedet
647 1351 759 1406 omnes
769 1339 896 1408 delicias
908 1363 915 1404 :
926 1352 961 1405 et
970 1363 1028 1428 per
1039 1363 1078 1405 ea
1090 1342 1214 1406 maxiem

184 1447 350 1521 discurrit,
370 1448 446 1518 dum
462 1470 495 1510 se
510 1445 708 1520 vulneratam
723 1448 818 1512 sentit
832 1445 1029 1534 essejacnlis
1047 1447 1207 1514 charitatis.

183 1553 216 1618 Si
230 1553 301 1640 quis
315 1577 446 1640 usquam
462 1565 510 1616 est
524 1553 578 1639 qui
592 1551 680 1620 fideli
696 1553 760 1620 hoc
774 1575 883 1621 amore
898 1552 988 1618 verbi
1004 1554 1065 1618 Dei
1078 1555 1147 1618 arsit
1158 1553 1215 1618 ali-

182 1665 327 1752 qnando,
340 1665 365 1730 si
377 1665 446 1751 quis
455 1675 522 1740 est,
536 1676 572 1732 ut
582 1664 741 1752 Propheta
750 1663 859 1739 dicit¹,
873 1665 927 1750 qui
938 1662 1038 1752 electi
1047 1664 1138 1750 jaculi
1150 1667 1220 1752 eius

182 1772 276 1840 daulce
294 1771 406 1838 vulnus
428 1771 616 1859 plagamque
636 1773 775 1860 accepit,
792 1773 818 1837 si
838 1772 908 1858 quis
931 1783 980 1837 est
1001 1773 1059 1860 qni
1081 1772 1217 1838 scientie

180 1883 249 1968 ejus
266 1879 392 1945 amabili
408 1879 549 1946 confixus
564 1892 612 1946 est
626 1878 709 1955 telo,
723 1882 767 1946 ita
783 1893 818 1946 ut
830 1880 951 1946 diurnis
966 1903 1046 1946 cum
1059 1881 1210 1946 desideriis

182 1987 407 2074 nocturnisque
423 1988 577 2074 suspiret,
595 1987 679 2052 aliud
698 1988 775 2075 quid
792 1986 879 2075 loqui
893 2011 960 2054 non
976 1990 1090 2075 possit,
1105 1987 1205 2052 andire

179 2092 372 2167 alindnolit,
385 2095 523 2182 cogitare
533 2093 617 2160 aliud
629 2095 765 2170 nesciat,
778 2095 956 2164 desiderare
969 2087 1084 2184 praeter
1095 2096 1203 2183 ipsum,

178 2211 232 2266 aut
247 2223 364 2288 cupere
385 2198 469 2266 aliud
490 2201 535 2266 vel
549 2224 677 2291 sperare
693 2226 758 2268 non
779 2202 893 2268 libeat:
911 2205 968 2268 ista
986 2205 1091 2270 anima
1106 2204 1212 2268 merito

176 2307 252 2374 dicit
273 2305 498 2374 :aVulneratcc
514 2309 675 2376 charitatis
696 2333 754 2397 ego
783 2333 853 2376 sum
869 2333 877 2374 a
891 2321 945 2374 ret
967 2312 1007 2376 ab
1032 2309 1088 2375 illo
1104 2298 1216 2374 vulnus

176 2416 303 2503 accepi,
325 2417 365 2481 de
383 2439 448 2503 quo
466 2418 543 2498 dicit
564 2418 678 2491 isaiasa
698 2418 764 2483 «Et
782 2419 888 2505 posuit
903 2441 955 2484 me
970 2419 1053 2484 sicut
1076 2417 1210 2505 jaculum

175 2522 354 2598 selectum,
370 2525 450 2589 etin
469 2524 616 2612 pharetra
634 2537 696 2590 sua'
706 2526 870 2592 abscondit
882 2525 965 2592 me².
981 2524 1072 2592 »Tali
1089 2525 1210 2591 vnlnere

174 2631 265 2698 decet
278 2633 382 2698 Deum
397 2641 565 2721 percutere
581 2633 718 2708 animas,
734 2633 848 2700 talibus
863 2632 975 2720 jaculis
992 2632 1126 2722 telisque
1138 2657 1214 2700 con·

173 2739 286 2829 ligere,
303 2739 544 2807 acsalutaribns
557 2764 610 2808 eas
623 2739 807 2809 vulneribus
820 2742 981 2811 sauciare:
993 2755 1028 2806 ut
1039 2745 1116 2830 qnia
1130 2743 1218 2808 neus

173 2847 307 2914 charitas
327 2861 375 2914 est
391 2849 474 2914 dicat
495 2861 527 2914 et
550 2850 618 2936 ipse
634 2873 641 2913 :
655 2873 667 2910 ι
679 2850 762 2929 Quia
784 2848 956 2920 vulneratae
971 2849 1138 2918 charitatis
1159 2875 1220 2940 ego

173 2979 275 3022 osum.
290 2982 302 3014 a
317 2958 357 3020 Et
374 2956 503 3042 quidem
519 2956 552 3021 in
571 2956 632 3022 hoc
648 2957 737 3043 quasi
758 2957 912 3024 amatorio
929 2957 1072 3024 dramate
1096 2981 1221 3046 sponsa

170 3064 331 3129 charitatis
348 3065 473 3130 sedicit
495 3063 624 3131 vulnera
639 3065 831 3153 suscepisse:
850 3076 1076 3153 potestantem
1099 3066 1225 3131 simili-

170 3185 219 3236 ter
239 3172 361 3236 fervens
377 3165 481 3238 aninia
495 3195 570 3260 erga
587 3171 772 3259 sapientiam
790 3173 848 3238 Dei
864 3173 991 3247 dicere,
1010 3173 1083 3258 quia
1101 3173 1226 3238 vnlne-

170 3291 244 3344 ratae
275 3278 434 3364 sapientie
454 3301 512 3367 ego
534 3302 606 3346 suin
625 3302 633 3344 a
652 3277 706 3346 illa
728 3279 848 3346 scilicet
868 3287 939 3368 q'uae
958 3279 1119 3366 sapientiae
1145 3281 1230 3368 ejus

168 3380 435 3469 pulchritudinem
451 3383 554 3470 potuit
570 3383 695 3448 intueri.
715 3383 822 3448 Potest
837 3394 869 3448 et
882 3382 940 3447 alia
961 3383 1066 3448 anima
1081 3383 1224 3448 virtutis

167 3492 237 3588 ejus
251 3490 518 3579 magnificentiam
531 3502 686 3566 contuens
706 3503 739 3555 et
754 3491 908 3556 admirata
926 3490 1101 3579 potentiam
1117 3493 1220 3556 verbi

167 3600 225 3664 Dei
241 3599 364 3673 dicere,
382 3600 454 3686 quia
473 3598 645 3666 vulneratae
662 3599 784 3664 virtutis
802 3623 861 3688 ego
880 3623 962 3664 siim.
975 3598 1078 3672 Talis,
1093 3600 1201 3664 credo
1215 3653 1232 3676 ‚,

167 3708 269 3794 aliqum
291 3709 373 3772 sicut
395 3719 463 3774 erat
481 3707 533 3774 illa
554 3730 624 3795 quae
646 3707 794 3774 dicebat:
812 3738 824 3770 a
840 3710 995 3774 Dominus
1018 3706 1234 3772 illuminatio

203 3851 366 3918 ¹Isai.xr.1x‚
382 3875 405 3905 n.
418 3885 448 3892 —
461 3859 472 3892 ²
485 3857 547 3905 lbid.
664 3907 668 3914 ¹
