2604 4614
141 258 144 264 ¹
224 274 287 358 570
661 297 802 339 onrauuvs

221 430 304 494 tate,
320 441 389 507 quae
404 419 435 485 in
453 417 653 507 epithalamio
666 418 727 485 hoc
742 421 865 486 Cantici
881 421 1088 486 (leuticorum
1106 421 1242 496 refertur,

221 550 390 594 occurrere
400 540 581 616 potuerunt.
597 528 660 594 Sed
675 527 840 593 sciendum
854 541 901 592 est
917 541 981 592 tam
994 527 1095 593 nudta
1108 553 1175 592 csse
1185 553 1244 616 qua

220 637 282 703 dici
295 638 430 703 debcant
445 637 484 702 de
499 637 651 702 charitate
666 636 746 710 hac,
759 648 876 724 quanta
890 651 923 701 et
939 638 978 702 de
990 639 1061 702 Deo
1078 661 1089 701 z
1105 638 1242 724 siquiden

222 747 286 834 ipse
300 759 348 812 est
365 746 509 812 charitas.
529 774 542 806 a
560 747 648 812 Sicut
666 746 751 811 enim
767 769 860 811 nemo
879 747 966 812 novit
981 748 1113 812 Patrem
1129 747 1186 811 nisi
1203 747 1245 811 Fi·

223 853 323 930 »lius,
339 867 371 918 et
388 856 439 920 cui
451 853 584 920 voluerit
595 853 692 920 Filios
705 853 854 920 revelare¹
872 857 953 920 :sita
972 877 1071 920 nemo
1087 856 1176 919 novit
1189 855 1246 920 clu·

220 965 344 1028 ritatem
367 964 425 1027 nisi
444 963 551 1028 Filius.
574 961 725 1029 Similiter
746 974 851 1028 autem
873 965 970 1029 etiam
995 965 1108 1053 ipsum
1126 962 1245 1038 Filium,

220 1071 367 1158 quoniam
382 1071 491 1159 etipse
506 1071 641 1136 charitas
656 1081 703 1134 est
714 1119 722 1145 ,
734 1071 864 1158 ipsaque
879 1095 918 1135 ex
933 1071 1003 1135 Deo
1019 1081 1119 1160 patre
1129 1084 1175 1136 cst
1187 1071 1246 1136 cha

219 1179 311 1254 ritas,
338 1189 432 1244 nemo
452 1179 511 1244 scit
534 1179 591 1242 nisi
612 1179 715 1244 Pater.
739 1179 860 1243 Tamen
882 1179 1069 1244 secundum
1092 1179 1157 1244 hoc
1177 1181 1246 1266 quod

220 1285 362 1352 Charitas
380 1287 496 1353 dicitur
513 1286 578 1375 ipse
594 1287 678 1352 Deus
699 1297 807 1375 pater,
824 1287 869 1352 sic
886 1298 920 1352 et
939 1285 1024 1352 lilius
1043 1287 1103 1375 qui
1122 1309 1159 1351 ex
1175 1303 1246 1376 patre

219 1395 380 1486 procedit,
400 1407 432 1460 et
452 1395 523 1459 ideo
539 1395 598 1459 scit
612 1415 682 1482 quae
701 1395 733 1458 in
752 1393 820 1459 Deo
838 1406 931 1471 sunt,
957 1396 1046 1460 sicut
1065 1395 1189 1484 spiritus
1202 1395 1242 1460 ho

218 1505 311 1570 minis
328 1504 387 1569 scit
403 1525 472 1590 quae
492 1503 524 1568 in
539 1502 670 1569 homine
684 1515 767 1567 sunt.
787 1503 879 1569 Nunc
892 1527 969 1569 vero
986 1503 1185 1592 paracletus,
1198 1503 1242 1592 spi

217 1612 473 1688 ritus'veritatis,
492 1613 544 1701 qui
565 1611 604 1676 de
626 1613 718 1677 Patre
740 1613 904 1700 procedit,
925 1613 1049 1678 circuit
1074 1611 1236 1700 quaercnssi

218 1745 294 1809 quas
309 1721 447 1787 inveniat
463 1721 571 1808 dignas
582 1731 614 1785 et
629 1741 761 1808 capaces
776 1722 910 1794 animas,
924 1719 1051 1806 quihus
1070 1719 1234 1786 rerelctna·

217 1829 412 1917 guitudinem
435 1827 595 1894 charitatis
616 1827 712 1914 hujus
738 1849 807 1915 quae
828 1851 865 1892 ex
887 1828 955 1892 Deo
984 1841 1051 1893 est.
1078 1829 1154 1895 Nunc
1167 1849 1222 1914 ago

217 1938 281 2024 jam
296 1938 396 2025 ipsum
409 1937 511 2001 Deum
528 1947 650 2026 patrem
660 1985 669 2010 ,
681 1936 733 2023 qui
747 1935 881 2001 charitas
896 1947 963 2012 est,
980 1938 1158 2007 invocantes.
1169 1957 1214 2022 per

215 2067 286 2110 eam
305 2067 375 2133 quae
391 2067 429 2109 ex
450 2043 517 2132 ipso
535 2055 581 2108 est
599 2043 805 2119 charitatem,
825 2044 918 2109 etiarn
940 2044 984 2109 ad
1011 2043 1212 2133 reliquad‘ueu-

189 2190 192 2198 ·
215 2152 320 2218 tiendo
335 2151 504 2216 veniamus.
520 2153 559 2216 Et
572 2161 728 2215 tentemus
744 2151 881 2240 primum
894 2151 933 2216 dc
946 2175 989 2216 eo
1002 2153 1155 2242 requirere
1167 2149 1223 2238 quid

215 2260 293 2328 illud
308 2261 366 2336 sit,
382 2261 467 2349 quod
485 2283 559 2326 cum
577 2260 635 2324 tria
650 2258 808 2325 volumina
823 2256 956 2326 ecclesia
974 2261 1037 2326 Dei
1056 2288 1074 2328 a
1092 2257 1231 2328 Salonam

216 2371 331 2458 scripta
350 2367 541 2456 susceperit,
558 2367 677 2455 primus
694 2391 732 2432 ex
751 2369 824 2456 ipsis
839 2368 1090 2434 proverbiorum
1107 2367 1187 2434 liber
1199 2390 1240 2455 po

217 2479 293 2544 situs
319 2478 375 2552 sit,
398 2475 554 2541 secundus
576 2476 601 2539 is
627 2475 679 2563 qui
701 2474 903 2541 Ecclesiastes
929 2475 1134 2564 appellatur,
1164 2475 1240 2541 tertio

217 2587 339 2652 veroin
363 2584 433 2651 loco
451 2584 572 2650 Cantici
592 2584 794 2650 Canticorum
814 2582 961 2649 volumen
982 2583 1158 2650 habeatur.
1181 2585 1238 2664 Qua

216 2720 291 2786 ergo
306 2696 396 2761 nobis
415 2715 582 2760 occurrere
599 2693 715 2780 possint
733 2693 765 2756 in
780 2692 946 2769 hocloco,
963 2694 1020 2758 ista
1037 2707 1132 2759 sunt.
1154 2695 1246 2760 Gene-

216 2805 296 2891 rales
314 2803 483 2893 discipliuae
500 2802 614 2889 quihus
630 2801 666 2866 ad
684 2823 789 2866 rerum
808 2801 971 2866 scientiam
988 2804 1183 2888 pervenitur
1195 2815 1249 2866 tres

218 2926 309 2989 sunt,
322 2937 399 3002 quas
411 2912 510 2976 Graeci
526 2909 683 2985 ethicam,
706 2907 868 2998 physicam
882 2920 915 2972 et
929 2909 1098 2976 theoricen
1117 2909 1252 3000 appella-

221 3035 351 3098 verunt,
367 3045 424 3088 nos
441 3021 497 3087 has
517 3019 623 3085 dicere
645 3041 808 3107 possumus
828 3017 999 3094 moralem,
1021 3019 1203 3086 naturalem
1222 3031 1253 3085 et

219 3130 433 3220 inspectivam.
457 3123 605 3194 Nonnulli
631 3147 705 3192 sane
732 3124 814 3214 apud
837 3127 963 3191 Graecos
985 3127 1087 3193 etiam
1110 3126 1247 3216 logicen,

218 3261 312 3328 quam
332 3261 390 3304 uos
406 3233 586 3302 rationalem
605 3257 769 3322 possumus
789 3232 913 3309 dicere,
931 3247 1048 3321 quarto
1067 3238 1097 3301 in
1114 3255 1251 3299 numero

215 3370 358 3438 posuere.
374 3343 435 3412 Alii
446 3367 510 3409 non
522 3338 715 3408 extrinsecus
726 3365 814 3417 eam,
828 3342 883 3407 sed
893 3363 950 3430 per
960 3342 1018 3408 has
1035 3355 1101 3408 tres
1110 3365 1193 3432 quas
1205 3365 1257 3406 sn·
1293 3429 1294 3450 Χ

217 3479 274 3545 pra
291 3452 533 3521 memoravimus
551 3449 744 3539 disciplinam
762 3451 907 3516 innexam
923 3465 1175 3539 consertamque
1202 3475 1260 3539 per
1293 3507 1294 3536 3

219 3587 311 3631 omne
327 3586 441 3650 eorpus
460 3583 526 3626 esse
541 3559 696 3625 dixerunt.
715 3559 769 3624 Est
787 3557 871 3624 enirn
887 3555 1024 3648 logices,
1043 3573 1075 3625 et
1091 3559 1183 3624 velut
1202 3583 1257 3624 nos

219 3673 351 3740 dicimus
363 3669 535 3745 rationalis,
545 3693 613 3758 quae
624 3669 793 3735 verborum
803 3669 1025 3758 dictorumque
1040 3669 1167 3735 videtur·
1181 3693 1257 3736 con-

216 3781 315 3846 tinere
337 3779 490 3854 rationes,
508 3773 794 3866 proprietatesque,
814 3788 845 3842 et
863 3777 1130 3866 improprietates,
1158 3802 1254 3866 gene
1292 3819 1294 3844 a

253 3928 261 3961 ¹
273 3922 364 3973 Matris.
376 3939 417 3983 ιι,
434 3937 474 3988 ap.
