2660 4610
348 297 378 338 ru
405 295 566 338 cxxrxccn
590 291 794 338 cauricoaux
817 293 881 336 un.
909 293 931 335 ι.
1093 271 1156 354 407

116 422 169 486 aui
185 441 295 486 sensus
311 418 454 492 inducit,
469 418 501 482 in
520 416 704 481 cubiculum
722 416 803 504 regis
828 415 1009 481 introducta
1029 415 1160 490 dicitur,

118 527 155 592 in
174 550 239 613 quo
255 536 326 590 sunt
344 525 484 591 thesauri
504 523 664 612 sapientise
680 547 717 622 ac
732 523 871 588 scientiae
886 524 954 610 ejus
971 521 1158 588 absconditi.

120 633 274 701 Nonnihil
290 645 395 698 autem
404 655 539 698 vacuum
549 632 674 696 videtur
686 631 771 717 quod
784 651 858 695 cum
870 631 1023 718 potuisset
1035 630 1160 696 dicere:

123 742 303 808 Introduxit
318 763 371 805 me
390 763 523 828 sponsus
542 761 652 813 meus,
669 751 723 803 aut
741 738 897 804 fraternus
913 761 1020 814 mous,
1036 751 1091 804 aut
1105 736 1163 804 ali·-

5 895 6 898 =
124 850 205 936 quid
219 847 399 936 hujusmodi
411 895 420 922 ,
434 847 506 911 utei
521 847 621 910 moris
633 857 698 928 est,
716 869 802 911 nunc
813 847 887 934 quia
902 844 1088 912 cubiculum
1099 846 1165 910 dio·

4 991 5 1008 2
123 969 196 1020 tura
212 967 299 1031 erat,
318 954 398 1042 regis
411 953 525 1019 dixerit
540 951 746 1027 cubiculum,
764 964 796 1017 et
811 949 969 1018 nonaliud
981 975 1098 1017 nomen
1111 975 1165 1042 po-

118 1063 242 1136 suerit,
259 1063 292 1126 in
309 1085 374 1150 quo
387 1073 491 1149 posset
506 1061 646 1126 fortassis
662 1059 773 1148 aliquis
787 1060 882 1125 etiam
894 1059 1063 1124 mediocris
1077 1057 1168 1124 intol-

4 1205 5 1216 ι
116 1168 187 1257 ligi.
210 1168 275 1250 Sed
295 1181 462 1257 propterea
478 1167 615 1232 arbitror
633 1168 665 1232 in
685 1167 733 1232 bis
756 1190 864 1255 regem
891 1168 1112 1240 nominatum,
1131 1177 1165 1230 ut

3 1281 4 1288 ’
120 1277 351 1342 ostenderetur
368 1300 427 1364 per
443 1274 506 1340 hoc
526 1297 642 1340 nomen
664 1275 815 1363 praedives
829 1274 1034 1350 cubiculum,
1057 1287 1166 1364 utpote

125 1385 273 1472 regium,
289 1395 322 1448 et
337 1382 445 1448 multis
461 1395 556 1469 atque
573 1383 736 1448 immensis
752 1384 864 1472 opibus
881 1381 1046 1471 repletum.
1066 1385 1168 1473 Prope

127 1492 216 1558 hunc
234 1492 366 1558 omuino
381 1491 459 1556 mibi
476 1491 600 1556 videtur
611 1491 706 1556 luisse
717 1503 750 1556 et
765 1489 816 1556 ille
831 1489 885 1579 qui
902 1490 979 1555 dixit
993 1503 1119 1580 raptum
1135 1513 1169 1556 se

129 1621 199 1666 esse
215 1598 362 1685 usquead
376 1599 505 1663 tertium
518 1597 652 1674 ciclum,
669 1611 702 1663 et
717 1599 790 1664 inde
802 1597 834 1664 in
847 1598 1046 1686 paradisum,
1062 1611 1096 1664 et
1112 1621 1163 1665 au·
1226 1677 1234 1688 ἱ

129 1711 215 1775 disse
236 1710 326 1776 rerba
348 1707 517 1774 ineffabilia
536 1731 607 1797 quae
622 1731 686 1774 non
706 1710 780 1776 licet
796 1711 916 1776 bomini
940 1709 1057 1797 loqui¹.
1084 1710 1171 1791 Quid

124 1819 215 1882 enim
231 1829 322 1904 putus
336 1841 405 1882 esse
417 1815 469 1881 illa
482 1819 576 1882 verba
588 1839 659 1903 quae
674 1817 817 1882 audititi
833 1819 945 1884 Nonne
957 1843 973 1883 a
991 1841 1064 1907 rege
1080 1818 1171 1884 audi-

123 1923 193 1988 vit?
212 1925 252 1988 Et
271 1925 305 1988 in
324 1923 494 1999 cubiculo,
509 1933 543 1988 et
561 1945 660 2012 prope
682 1923 868 1990 cubiculum
885 1927 1005 2015 positus
1025 1925 1168 1991 audivit?

121 2027 167 2094 Et
193 2042 303 2101 erant,
328 2028 443 2104 credo,
475 2027 526 2094 illa
556 2029 650 2094 verba
672 2028 744 2094 talia
769 2030 930 2116 qcaedam,
962 2053 1032 2116 quae
1059 2031 1171 2096 borta-

124 2149 239 2201 rentur
264 2137 402 2201 eumad
424 2137 578 2223 majorem
604 2137 806 2225 profectum,
833 2149 866 2201 et
892 2139 1113 2226 promitterent
1139 2138 1168 2202 ei

125 2245 215 2332 quod
239 2245 264 2309 si
291 2257 504 2332 perseveraret
531 2245 686 2332 usquein
709 2243 825 2319 tinem,
847 2255 880 2308 et
902 2245 968 2333 ipse
990 2257 1095 2334 posset
1121 2248 1171 2310 in-

128 2371 213 2422 trare
231 2357 312 2445 regis
331 2355 535 2432 cubiculum,
552 2357 727 2423 secundum
744 2357 827 2422 istud
847 2358 932 2445 qnod
955 2381 1010 2446 per
1026 2360 1177 2448 prophe--

128 2478 196 2530 tam
218 2487 345 2552 quoque
369 2465 566 2553 promittitur
579 2488 612 2529 t«
628 2467 720 2531 Dabo
738 2467 795 2530 tibi
814 2465 978 2531 thesauros
997 2467 1168 2542 obscuros,

126 2570 315 2647 »occultos,
332 2570 513 2636 invisibiles.
536 2571 684 2660 Aperiam
701 2573 757 2637 tibi
777 2584 812 2636 nt
834 2595 1006 2661 cognoscas
1024 2571 1096 2661 quia
1111 2599 1170 2664 ego

127 2700 224 2743 »sum
247 2678 403 2744 Dominus
426 2677 528 2753 Deus,
546 2679 599 2766 qui
621 2681 728 2744 vocavi
753 2702 869 2744 nomon
891 2691 981 2746 tuum
1006 2680 1163 2748 lsracl¹.n

125 2787 273 2852 Currunt
302 2808 378 2874 ergo
407 2785 650 2851 adolescentulae
676 2798 746 2875 post
769 2788 895 2876 ipsum,
926 2799 959 2853 et
986 2789 1017 2852 in
1038 2791 1169 2855 odorem

123 2897 220 2984 ejus,
244 2907 440 2980 unaquaeque
461 2905 569 2958 tamen
593 2917 650 2983 pro
678 2896 819 2972 viribus,
847 2895 905 2961 alia
934 2897 1062 2984 quidem
1084 2897 1170 2963 velo-

126 3005 217 3078 cius,
235 3002 294 3070 alia
309 2999 405 3091 paulo
426 3003 565 3076 tardius,
582 3001 641 3068 alia
660 3004 757 3070 ctiam
780 3004 908 3069 inferius
931 3006 1053 3070 caeteris
1070 3019 1102 3070 et
1118 3004 1169 3071 ul·

124 3113 229 3186 timo,
251 3108 311 3177 alia
327 3110 431 3199 primo
452 3107 533 3175 loco.
561 3109 788 3177 Verumtamen
810 3125 943 3178 currunt
960 3137 1090 3188 onrnes,
1114 3113 1167 3180 sed

127 3243 196 3284 una
211 3231 258 3283 est
273 3218 431 3308 perlecta,
444 3241 514 3305 quae
530 3218 629 3284 currit
645 3220 710 3295 sic,
729 3232 762 3283 ut
778 3221 974 3308 perveniret,
992 3232 1024 3286 et
1035 3222 1100 3288 sola
1116 3247 1170 3289 oc-

131 3327 253 3414 ciperet
271 3325 419 3416 palmam.
444 3324 519 3393 Sola
540 3328 627 3393 enim
641 3341 689 3392 est
704 3351 774 3414 quae
790 3328 867 3393 dicit
881 3352 889 3392 ε
901 3355 913 3388 x
926 3328 1104 3396 Introduxit
1120 3353 1171 3395 me

130 3465 145 3496 ι
155 3457 210 3500 rex
226 3435 257 3500 in
269 3427 454 3501 cubiculum
467 3457 560 3500 suum
573 3435 597 3499 ¹.
613 3435 717 3500 »Cum
733 3436 821 3524 prius
836 3459 901 3500 non
916 3438 956 3502 de
971 3437 1080 3502 sescla
1094 3487 1099 3504 .
1113 3439 1169 3502 sed

126 3543 171 3609 de
185 3541 327 3630 pluribus
343 3543 486 3618 dixisset,
504 3543 577 3628 quia
590 3553 725 3629 «postte
737 3543 768 3606 in
785 3544 915 3608 odorem
935 3557 1168 3633 unguentorum

128 3663 286 3716 ‚tuorum
299 3673 466 3715 curremus
476 3649 497 3713 ⁵.
514 3650 753 3715 rlntroducitur
766 3673 842 3739 ergo
859 3651 892 3715 in
907 3649 1093 3717 cubiculum
1109 3651 1173 3719 Re-

123 3761 195 3850 gis,
209 3769 242 3821 et
257 3757 394 3823 allicitur
411 3758 537 3846 regina,
554 3769 586 3823 et
602 3759 667 3848 ipsa
683 3768 731 3822 est
746 3757 785 3822 de
800 3783 863 3847 qua
878 3758 1011 3826 dicitur:
1029 3761 1170 3849 «Regina

167 3903 272 3948 taCor.
288 3917 339 3964 nu,
351 3911 375 3958 t.
388 3895 441 3936 -¹
456 3899 512 3949 lsai.
526 3918 589 3962 xcx,
601 3899 625 3950 3.
638 3928 660 3936 -
679 3897 769 3950 'Canu
782 3919 807 3962 ι,
822 3905 845 3962 l.
858 3929 889 3938 -—
900 3899 910 3931 ⁶
923 3902 987 3951 llud.
