2644 4612
233 294 295 371 504
679 313 821 359 omourus

229 433 306 504 uuio
327 459 505 502 cervorum.
532 436 686 525 Capreas,
710 435 803 525 quod'
819 459 943 504 omnem
968 439 1059 505 visum
1075 440 1148 506 visus
1165 439 1218 529 ojus

229 541 390 633 praeoollit.
421 544 460 608 Et
479 565 573 609 cerro
594 543 680 631 quod
704 544 746 610 sd
768 545 930 610 interitum
952 548 1090 634 serpentis
1110 549 1215 613 adimit.

231 652 294 719 sed
318 673 513 739 unaquaeque
534 651 638 717 anima
661 651 710 737 (si
733 675 796 739 qua
819 663 922 718 mmsu
940 664 986 717 ost
1001 675 1064 741 quae
1087 655 1160 719 vorbi
1175 655 1218 719 us

233 781 346 832 amora
360 759 610 848 constringitur)
633 760 657 823 si
678 759 807 848 quaudo
829 761 862 826 iu
880 761 1083 850 disputatione
1101 763 1218 827 sermonis

150 909 155 922 ·
232 878 280 934 ost
294 867 417 955 posita,
435 880 470 931 ut
484 868 572 933 novit
582 867 685 933 omnis
701 869 755 956 qui
770 881 918 957 expertus
935 880 1001 944 est,
1016 855 1153 956 quomodo
1165 892 1217 935 ouu

233 975 266 1039 in
279 981 402 1040 arctum'
415 975 558 1050 venitur,
575 987 607 1039 et
618 975 768 1064 augustiis
783 977 1032 1065 propositionum
1044 977 1218 1064 quaestioouu-

233 1105 295 1169 que
310 1079 529 1154 conciuditum
547 1081 715 1168 siquando
730 1104 802 1148 oam
817 1083 908 1171 Lagis
926 1104 964 1148 ao
977 1081 1171 1171 prophetarum
1185 1081 1216 1148 sd

232 1190 399 1278 aenigmata
422 1186 470 1254 voi
494 1189 629 1255 obscura
649 1211 784 1278 quaequo
802 1189 887 1256 dioto
907 1189 1108 1265 concludunt,
1127 1191 1145 1254 si
1163 1191 1214 1254 sorte

233 1298 341 1363 adesso
361 1319 435 1361 oum
454 1296 568 1361 sentiat
591 1297 715 1372 anima,
738 1309 770 1361 ot
790 1297 915 1363 ominus
933 1295 1069 1362 ¹sonitum
1089 1297 1155 1362 vocis
1170 1299 1212 1384 ejus

233 1405 383 1492 accipiat,
400 1403 583 1470 sublevatur
596 1404 703 1468 statim
718 1427 726 1468 :
739 1416 772 1468 ot
789 1404 843 1468 ubi
859 1405 959 1492 magis
978 1427 1014 1469 ac
1028 1405 1113 1492 magis
1127 1405 1210 1492 propio

121 1512 130 1526 '
233 1535 331 1600 quaro
353 1512 495 1577 sensibus
520 1513 590 1599 ejus
613 1512 770 1600 ooeporit,
793 1523 831 1576 ot
848 1510 1026 1578 illuminare
1048 1535 1108 1598 qua
1125 1513 1205 1576 obscur

234 1632 332 1696 sunt,
357 1632 434 1685 tuuc
453 1641 528 1684 eum
550 1620 636 1684 videt
657 1618 821 1690 salientem
845 1643 940 1708 supra
961 1631 1079 1684 montes
1095 1631 1120 1684 ot
1136 1616 1207 1692 coiis,

237 1727 307 1794 altae
326 1727 447 1794 scilicet
465 1739 498 1792 et
513 1726 644 1792 excelsas
668 1750 777 1793 sensus
797 1727 857 1792 sihi
874 1726 1083 1817 intelligentia
1098 1749 1210 1815 suggeran-

235 1848 301 1901 tom
317 1859 324 1900 :
343 1837 386 1901 ita
402 1847 437 1899 ut
453 1835 566 1900 merito
586 1835 671 1900 dicat
689 1835 757 1901 haec
773 1835 902 1900 anima:
927 1835 1036 1912 «Eoos
1051 1835 1098 1901 hio
1111 1835 1164 1899 sarit
1175 1856 1208 1896 sa·

237 1944 338 2009 »lions
354 1946 386 2009 in
406 1944 586 2019 montibus,
603 1942 780 2010 transiliens
796 1967 891 2033 super
906 1943 1038 2010 coilos'.
1054 1974 1066 2006 ι
1080 1947 1127 2010 Huc
1137 1953 1201 2006 aum

239 2053 374 2118 dicimus
390 2073 454 2116 nou
466 2052 668 2118 immemores
680 2050 766 2139 quod
777 2055 843 2140 jam
856 2063 888 2116 ot
899 2053 935 2117 in
946 2052 1133 2141 superioribus
1139 2069 1204 2114 eoum

238 2160 357 2248 positus
380 2161 531 2248 praesonti.
550 2159 728 2226 collocutus
748 2161 787 2228 sit
808 2183 932 2249 spousae
953 2184 961 2225 :
983 2161 1037 2225 sod
1057 2153 1208 2247 quooiauiut

239 2290 321 2357 saepe
334 2267 490 2356 diximus)
506 2267 655 2334 dramatis
667 2269 804 2356 spooiom
817 2266 944 2333 libellus
957 2267 1012 2334 hio
1022 2267 1212 2337 contimtum

240 2378 273 2445 in
289 2376 434 2465 praessuti
450 2375 599 2440 dicuutur
619 2374 740 2464 aliqua,
757 2375 957 2441 nuncetiam
977 2376 1010 2440 in
1025 2373 1141 2441 absenti:
1154 2367 1213 2433 etsie

239 2485 343 2573 agitur
359 2484 537 2549 immutatio
552 2505 778 2573 personarum,
800 2495 835 2549 ut
853 2495 988 2571 uterque
1001 2484 1074 2549 ordo
1087 2488 1212 2566 competu-

240 2604 289 2657 tor
313 2591 404 2680 dirigi
425 2592 579 2657 videatur.
607 2593 758 2672 Quamvis
780 2591 867 2657 onim
888 2593 1054 2680 promittat
1074 2592 1215 2678 sponsus

241 2701 327 2766 diost
343 2701 383 2764 ad
395 2721 543 2788 sponsum
556 2722 664 2774 suam,
681 2700 735 2787 qui
751 2711 826 2764 sunt
839 2697 935 2764 eiecti
952 2696 1089 2787 discipuli
1099 2689 1218 2783 ejusqui

251 2831 351 2874 «uoce
368 2832 427 2896 ego
448 2807 613 2876 vobiscum
636 2829 707 2872 sum
727 2807 875 2872 omnihus
896 2807 1009 2874 diebus
1031 2827 1117 2895 usquo
1131 2801 1216 2869 adeou-

244 2918 510 2982 »summationom
526 2914 652 2981 saeouli²
668 2939 703 2980 z»
720 2927 827 2980 tamon
847 2915 966 2981 iterum
984 2939 1038 3005 por
1049 2909 1179 3004 parabolas
1190 2905 1221 2969 di-

245 3025 309 3098 oit,
331 3025 405 3112 quia
424 3036 515 3113 pater
530 3023 661 3105 familias
680 3023 803 3089 vocavit
821 3045 927 3088 servos
950 3046 1040 3098 suos,
1057 3033 1084 3086 ot
1104 3015 1222 3100 unicuique

247 3131 405 3198 distribuit
421 3131 588 3218 pecuniam
603 3130 784 3219 negotiandi
795 3131 913 3217 gratia,
932 3141 965 3194 ot
977 3122 1188 3218 proirotusrst¹.
1198 3119 1223 3184 u

246 3238 365 3304 iterum
378 3233 454 3302 dicit
469 3262 477 3301 ε
495 3238 600 3318 «Quia
613 3238 689 3301 abiit
704 3250 812 3325 pstoro
827 3237 886 3301 sibi
897 3259 1029 3326 rognum
1039 3237 1083 3302 ’.ι
1101 3236 1135 3301 Et
1147 3233 1223 3296 itum

248 3346 337 3432 quasi
352 3346 392 3409 do
407 3348 536 3418 ahsente
552 3367 667 3432 sponso
678 3343 794 3410 dicitur
803 3393 812 3428 2
828 3369 841 3410 r
856 3345 930 3430 quio
942 3345 1044 3411 media
1055 3337 1225 3408 noctooiauor

247 3453 369 3519 »factus
385 3466 433 3519 est
445 3453 637 3529 dicentium,
651 3452 724 3540 quia
736 3453 820 3522 venit
832 3475 967 3540 sponsus
976 3452 997 3518 ⁶.
1013 3481 1026 3515 ι
1040 3453 1088 3518 Sio
1099 3472 1159 3537 orgo
1170 3464 1227 3512 uuus

247 3584 384 3652 praesons
396 3573 443 3626 ost
459 3585 611 3649 sponsus,
623 3573 656 3626 ot
671 3562 784 3637 dooet,
805 3563 1018 3638 nuucabsons
1032 3560 1181 3632 dicitur‚st
1191 3551 1228 3615 ds·

248 3653 427 3746 ,dideraturs
452 3681 484 3734 ot
500 3679 670 3755 utrumque
685 3667 734 3732 vel
752 3667 918 3744 Eculeus,
940 3667 989 3735 vel
1007 3669 1108 3734 animas
1125 3661 1228 3728 studioso

286 3825 377 3891 icum.
395 3841 430 3886 ιι,
451 3824 476 3884 8.
490 3799 760 3886 -²Matih.'xxr111,
781 3841 822 3892 ².⁰·
838 3851 871 3861 -—
886 3819 944 3872 ⁸1d.
962 3842 1025 3890 ιη.
1037 3823 1144 3870 -tmo
1159 3832 1198 3882 pus
1208 3837 1228 3848 ·

248 3921 258 3954 ⁸
275 3919 364 3967 Martia.
376 3935 437 3982 xxv,
449 3920 474 3970 6.
