2748 4596
335 173 375 232 θ’
561 241 565 250 ,
779 205 917 250 osrossrs
1045 180 1047 184 ’

332 313 368 377 iis
383 313 522 384 coelostia
538 319 767 388 describantur.
786 327 825 392 Et
839 327 908 392 ideo
924 327 1075 402 dicimus,
1091 349 1129 390 uc
1143 349 1204 396 cum
1216 325 1293 392 lastidio

332 421 401 488 lroec
412 422 540 512 legatis,
555 440 588 492 et
604 432 722 518 putetis
737 431 830 500 vilem
845 432 979 522 aliquam
993 455 1062 498 esse
1078 435 1252 522 scripturam,
1262 455 1294 520 pro

325 554 369 604 ,co
385 531 471 619 quod
486 547 533 599 est
547 535 655 604 multis
670 542 836 608 nominum
852 540 1108 631 appellationibus
1124 543 1241 608 consita:
1252 541 1295 627 quir

328 641 434 726 potius
450 643 561 709 scitote
573 646 744 714 ineffabilia
758 673 815 738 per
829 649 896 714 baec
905 651 1055 738 mysteria
1069 649 1296 723 contineri,etna

327 748 396 834 jora
413 773 508 837 quam
522 767 626 843 potest
640 755 689 824 vel
704 755 862 824 humanus
879 781 983 824 sermo
996 759 1136 847 prolerre
1147 809 1156 836 ,
1169 756 1211 822 vel
1223 756 1297 822 auditu

328 856 469 923 mortalis
481 861 612 930 audire:
630 888 716 952 quar,
731 877 765 930 ut
778 888 838 954 ogo
849 867 1003 943 arbitror,
1021 867 1114 956 digne
1129 878 1160 932 ct
1173 866 1297 954 integan-

327 961 449 1052 plnnari
467 991 532 1036 uon
548 970 681 1040 soluma
695 997 747 1040 mo
765 974 897 1040 minimo
914 997 978 1040 uon
1002 986 1149 1063 possunt,
1168 974 1216 1038 scd
1232 971 1296 1038 necrl

327 1072 402 1161 ipsis
417 1077 546 1161 quidem
560 1081 681 1169 quimo
696 1079 795 1148 multo
810 1080 957 1148 meliores
972 1095 1057 1149 sunt.
1080 1083 1189 1150 Nescio
1208 1076 1296 1148 sunni

326 1179 376 1266 rel
392 1184 432 1249 ab
454 1185 529 1276 ipsis
547 1190 663 1258 sanctis
678 1187 834 1278 Apostolis
849 1188 943 1278 plone
958 1201 991 1256 ct
1007 1191 1131 1280 integre
1144 1189 1294 1279 prolcrmtu·

325 1287 397 1357 Non
413 1294 476 1362 diui
491 1297 577 1386 quod
592 1322 656 1365 nou
667 1296 758 1386 pleno
773 1298 933 1374 sciantur,
949 1300 1007 1365 sed
1017 1323 1084 1366 non
1095 1297 1185 1388 plene
1195 1295 1295 1398 prolapsa

324 1409 390 1464 tur.
412 1401 543 1473 Cortum
557 1417 606 1472 est
619 1405 703 1470 enim
721 1404 846 1493 cognita
868 1427 937 1471 csso
957 1405 1046 1483 hac,
1068 1418 1101 1472 et
1115 1407 1225 1494 integre
1236 1421 1295 1491 appe

292 1588 296 1592 .
324 1502 425 1577 hensa
436 1511 481 1578 illi
492 1514 545 1600 qui
556 1523 718 1602 raptusost
728 1513 880 1599 usquead
894 1513 1025 1578 tertium
1038 1512 1158 1581 coelum
1168 1563 1177 1590 ,
1188 1510 1295 1602 quintin

325 1612 360 1680 in
375 1619 457 1686 coelo
470 1621 588 1710 positus
604 1620 682 1687 vidit
699 1617 857 1696 coelestia,
878 1620 956 1686 vidit
970 1619 1150 1688 Jerusalem
1164 1614 1294 1686 veranii
1309 1701 1310 1710 ἵ

323 1731 425 1795 tatem
440 1731 518 1805 Dci,
542 1729 617 1794 vidit
635 1728 678 1794 ibi
693 1740 726 1793 et
744 1727 822 1794 Sion
837 1741 981 1794 montem
996 1751 1199 1817 quocumque
1214 1725 1257 1792 lori
1263 1733 1292 1791 tt.

321 1830 402 1900 vidit
417 1849 450 1901 ct
464 1837 613 1914 Hebron,
629 1836 706 1904 vidit
724 1847 756 1902 et
776 1835 883 1902 omnia
902 1837 961 1903 ista
984 1859 1057 1924 quaa
1081 1837 1293 1904 scribuntursct

322 1931 420 2005 divisa
437 1963 445 2005 :
463 1952 497 2005 ct
509 1964 573 2006 non
590 1939 692 2006 solum
704 1940 797 2015 vidit,
814 1939 869 2006 scd
881 1952 913 2006 et
927 1940 1069 2006 rationes
1084 1933 1292 2022 aoruminspirtr

318 2044 585 2133 comprehendit,
602 2047 676 2136 quia
693 2047 759 2136 ipso
771 2045 944 2113 confitetur
954 2069 988 2112 sc
1000 2047 1130 2114 audisso
1144 2045 1228 2114 verba
1237 2050 1292 2107 etto

314 2148 470 2218 ditiones.
490 2155 553 2220 Sed
568 2179 637 2244 quae
653 2154 791 2222 verbali
807 2153 1001 2231 ineffabilia,
1025 2154 1147 2241 inquit,
1164 2166 1194 2219 et
1205 2171 1254 2239 qus
1264 2163 1292 2208 r·

308 2258 414 2328 »licet
436 2259 560 2326 homiui
583 2261 699 2350 loqui¹.
719 2290 731 2324 a
747 2261 843 2329 Vides
862 2285 938 2351 ergo
958 2264 1033 2349 quia
1050 2263 1099 2328 sic
1123 2260 1220 2328 omnia
1235 2248 1292 2322 lid!

301 2367 567 2459 comprehendit
580 2370 612 2434 in
624 2370 755 2459 spiritu,
772 2368 829 2436 sod
843 2391 908 2435 nou
924 2368 1044 2436 licebat
1059 2371 1090 2435 ci
1109 2359 1290 2436 bominibuil

288 2478 474 2574 proferre·
496 2475 621 2555 Quibus
635 2475 840 2544 hominibusi
855 2475 915 2542 illis
927 2476 995 2541 sinc
1006 2476 1110 2542 dubio
1121 2477 1161 2542 de
1172 2459 1293 2563 quibusl·

280 2585 469 2688 pabilitcr
481 2582 629 2661 dicebat,
640 2613 653 2646 ι
663 2587 775 2652 Nonne
788 2585 936 2650 homiues
953 2583 1049 2660 ostis,
1066 2596 1102 2650 et
1119 2572 1293 2651 secundunlt

274 2735 289 2768 a
300 2699 461 2772 minem
474 2689 687 2757 ambulatis²i
698 2720 710 2754 a
720 2693 784 2759 Sed
796 2692 923 2758 dicebat
934 2691 1076 2758 fortassis
1089 2691 1151 2759 illis
1161 2690 1208 2780 qui
1217 2689 1294 2774 juano

265 2833 338 2879 sec
345 2798 496 2869 undum
511 2793 679 2865 hominem
698 2793 914 2866 ambulabant.
939 2799 1078 2866 Dicebat
1096 2799 1167 2866 lsaec
1181 2788 1294 2864 Tutus

259 2911 435 2984 dicebat
451 2904 559 2968 Lucae
575 2915 609 2966 ot
623 2907 743 2971 catoris
755 2903 918 2994 discipulis
933 2927 1015 2991 quos
1026 2907 1150 2978 sciebat
1161 2907 1294 2990 capacis!t

259 3007 523 3102 ineffabilium
553 3025 842 3079 sacramentorum.
866 3010 1013 3097 Denique
1035 3024 1070 3077 et
1089 3012 1123 3076 in
1145 2989 1293 3098 mysteriali

260 3117 417 3208 aliquid
432 3113 664 3183 Timotheum
679 3119 906 3186 commonebat
922 3117 1031 3184 ‹licens
1046 3142 1080 3184 :a
1095 3118 1294 3216 Memorem

261 3259 278 3290 ι
291 3229 436 3292 borum
452 3242 537 3307 quae
557 3244 578 3286 a
596 3245 652 3288 me
669 3227 783 3292 audisti
794 3275 803 3305 ,
816 3249 888 3314 quaa
899 3226 1091 3292 commenda
1107 3213 1295 3291 fluctuata

262 3361 278 3394 a
289 3332 409 3396 nibus
441 3337 481 3389 ct
513 3327 562 3390 iis
600 3331 660 3417 qui
683 3333 788 3402 idonei
815 3344 890 3400 sunt
913 3331 989 3398 alios
1016 3334 1133 3399 docere
1145 3333 1191 3399 ’.ι
1214 3326 1297 3402 ΕΜ

263 3435 392 3504 divina
411 3431 497 3496 haec
518 3455 606 3499 osse
627 3441 800 3509 credontes
815 3455 847 3508 et
861 3440 1014 3530 mystica,
1031 3441 1143 3532 dignos
1159 3462 1210 3506 nos
1224 3433 1299 3514 elil!

261 3540 308 3604 ad
339 3558 480 3602 corum
517 3545 756 3629 capacitatem
778 3552 849 3618 vitio
873 3549 995 3616 actibus
1018 3571 1056 3616 ac
1076 3547 1192 3616 meritis
1207 3545 1296 3632 ρπβ*

257 3665 366 3716 mus,
389 3654 435 3705 ut
454 3665 551 3710 cum
572 3647 679 3740 digne
697 3660 824 3727 anobis
838 3657 954 3727 fuerint
971 3656 1148 3735 intellecta,
1162 3654 1239 3723 etan
1250 3643 1297 3708 lm

303 3787 341 3832 ¹²
360 3781 435 3832 0⁰¹⁹·
452 3802 515 3849 ¹¹¹,
530 3792 562 3851 4·
575 3818 617 3856 ,-
629 3797 692 3850 ²ld.
703 3801 805 3868 ur,34.
816 3803 867 3845 -ι
878 3821 892 3854 a
902 3803 965 3856 Tim.
976 3820 1012 3868 11,
1024 3821 1048 3856 a.
