2702 4610
245 258 306 321 ¹7⁰
557 298 560 304 ,
686 215 831 300 oniensis

243 395 327 441 mus.
345 373 384 462 Et
401 385 435 438 ut
450 373 627 441 evidentius
649 373 731 438 seire
757 372 913 459 possimus
933 372 1011 459 quid
1032 372 1071 436 sit
1089 394 1289 446 conversus,

245 483 417 550 dicendum
426 482 519 548 nohis
533 482 620 570 prius
635 494 685 548 ost
699 482 777 568 quid
790 483 831 547 sit
846 504 985 550 aversus.
999 481 1112 550 Omnis
1124 482 1196 570 qui,
1207 505 1287 548 eom

245 595 419 660 moituntur
446 595 539 658 vorhu
571 591 661 682 legis.
687 595 913 662 communibus
941 591 1055 660 subulis
1086 601 1288 680 serapam,

157 709 163 716 '
246 725 374 768 aversus
394 714 453 768 est.
473 703 586 768 Omnis
608 703 676 789 qui,
692 713 770 770 cu'm
793 702 908 791 legitur
929 702 1068 790 Moyses,
1083 703 1125 768 do
1145 698 1288 791 negotiis

246 811 367 884 isonti„
383 813 423 878 de
439 813 588 900 monnio,
605 811 644 877 de
664 810 761 879 luoris
781 811 1026 881 solticitudinem
1041 811 1136 900 gerit,
1153 820 1288 878 aversus

246 935 304 988 ost.
320 921 434 990 Omnis
445 922 499 1010 qui
515 921 749 1009 possessionum
765 921 850 988 curis
866 922 1042 1009 stringitur,
1055 933 1088 985 et
1099 921 1288 988 divitiorum

248 1033 422 1121 eupiditate
437 1031 640 1106 distenditur.
657 1032 710 1119 qui
734 1031 841 1120 gloriis
863 1031 970 1098 seculi
991 1044 1024 1097 ot
1045 1032 1160 1098 mundi
1180 1031 1289 1098 hono·

248 1143 336 1208 ribus
350 1141 469 1217 studet,
486 1153 612 1209 eversus
628 1154 688 1210 est.
703 1143 766 1208 sed
779 1155 812 1208 et
827 1143 881 1228 qui
897 1142 937 1206 ob
953 1141 1003 1208 his
1015 1142 1146 1229 quidem
1159 1142 1287 1209 videtur

249 1248 384 1328 alienus,
399 1253 514 1318 assistit
529 1264 635 1318 sutem
652 1264 684 1316 et
702 1251 792 1316 audit
808 1253 903 1318 rerba
918 1250 1009 1338 legis.
1025 1264 1062 1317 et
1081 1249 1172 1316 vultu
1192 1264 1286 1341 utque

250 1360 351 1426 oeulis
374 1362 527 1436 intentus,
544 1360 641 1426 eorde
664 1372 771 1428 umen
795 1374 828 1426 ot
851 1361 1097 1450 cogitationibus
1119 1374 1284 1451 erogator,

249 1493 377 1538 aversus
391 1483 450 1536 est.
466 1470 553 1549 Quid
566 1489 642 1557 ergo
657 1481 705 1536 est
725 1470 890 1536 consortiil
911 1470 945 1536 si
968 1471 1017 1535 his
1032 1470 1184 1536 omnihus
1199 1483 1286 1559 terga

250 1593 423 1653 vertamus.
440 1592 473 1644 ot
493 1579 609 1655 studio,
627 1581 763 1654 autibus,
789 1587 911 1654 monto.
935 1577 1166 1656 sollieitudine,
1188 1581 1287 1646 verto

230 1753 232 1758 .
252 1691 311 1756 uei
332 1711 463 1777 operum
478 1689 603 1763 domus.
620 1699 653 1754 et
675 1689 707 1754 in
722 1687 791 1776 lege
805 1689 876 1776 ejus
898 1688 951 1754 die
970 1709 1009 1754 oo
1032 1698 1129 1754 nocte
1150 1689 1287 1754 medus-

253 1821 340 1874 mor‚
357 1797 479 1862 omissis
494 1797 643 1862 omnibus
662 1798 730 1868 Duo
747 1811 909 1872 issemus,
925 1818 1135 1864 exerceamur
1147 1796 1179 1861 in
1193 1797 1287 1861 testi-

253 1908 368 1974 moniis
378 1907 464 1993 ejos3
480 1905 543 1972 hoo
554 1918 602 1972 est
615 1930 807 1974 conversum
819 1931 887 1974 esse
898 1907 939 1972 od
950 1907 1136 1972 Dominum.
1151 1905 1201 1970 Tu
1212 1927 1284 1994 ergo

255 2019 280 2082 si
297 2015 431 2082 volueris
447 2015 548 2084 filium
565 2028 656 2082 tuom
671 2018 752 2084 scire
767 2015 887 2082 litteras
902 2039 980 2104 quos
997 2013 1143 2081 liberales
1160 2022 1283 2090 vorsu,

255 2127 334 2194 soire'
351 2125 605 2219 grammaticum,
621 2122 671 2190 vel
692 2125 885 2192 rhetoricum
901 2121 1113 2212 dissipium,
1132 2123 1282 2210 numquid

255 2257 320 2300 non
335 2237 375 2300 ob
391 2234 539 2300 omnihus
550 2256 625 2298 oum
643 2245 778 2300 vacuum
793 2245 826 2298 et
841 2231 978 2302 liborum
990 2231 1121 2298 reddis?
1132 2233 1289 2321 numquid

256 2365 321 2408 non
336 2343 459 2408 omissis
480 2341 615 2418 oaetoris,
636 2341 712 2410 huic
737 2341 791 2408 uni
810 2341 915 2408 studio
938 2341 1015 2406 dure
1037 2363 1166 2430 operum
1184 2341 1290 2408 focis?

255 2452 457 2540 Paedogogos.
473 2451 654 2540 magistros,
669 2448 780 2525 libros,
797 2450 968 2540 impensos.
983 2448 1063 2517 nihil
1088 2471 1210 2538 prorsus
1225 2450 1289 2514 de-

256 2584 324 2626 esse
339 2562 428 2635 ineis,
444 2559 651 2647 quoadusquo
667 2557 843 2644 perfectum
860 2558 1012 2646 propositi
1028 2558 1125 2624 studii
1139 2579 1219 2645 opus
1238 2579 1292 2624 ro·

257 2683 372 2758 portet.
397 2670 477 2748 Quis
492 2679 636 2732 nostrum
651 2666 696 2732 its
715 2690 748 2731 se
763 2666 804 2731 ud
819 2667 932 2734 divinae
947 2667 1023 2756 logis
1038 2668 1141 2734 studio
1160 2689 1293 2738 oonrot*

258 2779 320 2844 titi
338 2779 408 2865 quis
429 2785 573 2842 nostrum
597 2777 638 2840 ite
654 2797 785 2864 operum
802 2775 913 2842 dedit?
929 2777 999 2864 quis
1022 2787 1110 2846 tanto
1127 2775 1234 2846 studio
1253 2799 1293 2841 so

259 2886 367 2953 labore
383 2887 487 2951 divina
503 2885 617 2973 quaerit
638 2887 754 2961 studio,
771 2897 891 2974 quanto
906 2886 1051 2973 quesivit
1073 2885 1238 2952 humans?
1255 2887 1296 2952 Bt

259 2996 337 3084 quid
352 2996 578 3080 conquerimur
596 2993 621 3058 si
637 2994 722 3080 quod
737 3017 804 3060 non
821 2993 988 3062 didicimus
1005 2993 1214 3082 ignoramus?
1232 2995 1297 3061 Att-

261 3106 314 3192 qui
332 3117 469 3169 vestrum
486 3117 520 3168 ut
541 3103 667 3170 recitari
683 3103 840 3168 audierint
856 3127 926 3190 quae
941 3102 1104 3191 leguntur,
1120 3105 1231 3169 statim
1245 3105 1296 3169 di-

262 3213 405 3279 scedunt.
422 3213 448 3279 N
454 3211 515 3278 ullo
527 3237 567 3278 ex
580 3212 630 3279 his
645 3235 714 3300 quae
726 3212 809 3276 diota
826 3227 901 3278 sunt
916 3213 1080 3299 inquisitio.
1089 3214 1132 3278 ad
1144 3214 1296 3288 invium,

263 3321 348 3387 nullo
371 3321 515 3396 coiloti03
544 3345 702 3409 nusquam
723 3323 875 3388 memorio
899 3321 1040 3388 mundati
1063 3319 1147 3388 illius
1173 3345 1239 3410 quo
1270 3335 1299 3386 to

265 3433 367 3499 divino
384 3433 447 3498 Lex
467 3447 671 3503 commonet:
690 3433 878 3522 «interrogo
898 3444 1001 3521 putres
1027 3444 1112 3506 tuos.
1134 3445 1167 3498 ot
1192 3434 1301 3500 dieunt

265 3543 367 3615 ‚tito
387 3546 588 3632 presbyteros
611 3553 694 3615 tuos.
722 3553 755 3608 et
777 3543 1011 3610 annuntiabunt
1031 3539 1122 3606 sibit
1142 3569 1157 3604 ι
1175 3541 1241 3608 Atii
1261 3566 1301 3608 ns

265 3652 328 3718 hoc
346 3655 447 3741 ipsum
463 3652 592 3738 quidem
608 3649 764 3738 patienter
779 3661 948 3738 expectent
963 3671 1129 3737 usquequo
1145 3643 1300 3717 lectiones

268 3764 300 3831 in
327 3760 459 3830 ecclesia
479 3761 662 3826 recitentur.
684 3758 744 3827 Atii
767 3777 919 3830 utronno
941 3760 966 3826 si
984 3759 1164 3829 recitantur
1181 3761 1300 3831 seiont.

300 3887 307 3919 ¹
321 3887 395 3935 Dent.
410 3903 487 3945 uzu,
498 3903 520 3950 7.
