2776 4616
260 247 326 326 454
703 271 848 318 oritanis
897 253 898 258 ’

259 385 346 472 apud
366 385 435 458 sloh
452 389 606 479 scriptum
628 401 701 457 est:
720 390 827 470 «Quis
846 387 935 454 dedit
957 385 1140 453 mulieribus
1161 379 1293 448 texendi

260 521 273 552 r
287 494 485 583 sapientiam,
497 509 529 561 ct
541 497 699 563 varietatis
710 494 908 585 disciplinam
918 494 929 530 ¹
938 495 977 560 l»
993 495 1057 562 Sed
1067 493 1142 559 etin
1152 489 1269 556 Exodo
1283 512 1291 552 :

269 602 433 670 ‹Locutus
446 617 506 682 est,
522 607 645 693 inquit,
662 607 817 674 Dominus
842 607 883 673 ad
903 604 1033 694 lloysen
1054 604 1161 690 dicens
1179 624 1188 664 :
1205 600 1295 666 Ecce

261 714 397 778 »vocari
412 715 597 781 nominatim
612 714 776 782 Beselehel
795 714 897 782 lilium
913 714 982 790 llri,
997 713 1053 779 filii
1069 710 1127 786 Or,
1143 733 1183 776 er
1203 708 1294 774 trihu

262 852 275 883 s
289 823 387 900 Juds,
402 837 436 890 et
448 825 566 916 replevi
580 850 655 894 eum
670 828 783 918 spiritu
798 827 905 893 divino
919 825 1093 914 sapientie,
1103 835 1137 888 et
1148 817 1295 886 intellec-

262 961 275 992 ι
290 944 354 1008 tus,
370 946 403 1005 et
417 934 605 1026 disciptinae3
625 950 660 1002 ut
682 939 715 1003 in
734 937 821 1004 omni
840 959 936 1025 opere
952 933 1116 1024 intelliget,
1131 943 1166 996 ct
1179 930 1222 995 sit
1240 951 1294 994 ar-

261 1043 445 1110 achiteotus
456 1046 496 1113 ad
507 1047 705 1137 operandum
716 1059 896 1137 argentum,
908 1057 940 1112 et
950 1068 1077 1120 aarum,
1086 1054 1118 1108 et
1131 1065 1188 1117 aas,
1200 1051 1236 1106 et
1251 1037 1294 1105 la-

262 1177 276 1212 »
291 1149 379 1238 pides
394 1151 589 1242 repletionis,
603 1168 638 1221 et
651 1155 756 1220 omnia
771 1177 867 1244 opera
881 1152 1018 1229 fabrilia,
1034 1153 1113 1219 etin
1130 1151 1239 1240 ligno;
1258 1161 1293 1215 nt

261 1287 275 1321 r
292 1276 442 1350 operetur
463 1265 640 1332 secundum
656 1265 762 1330 omnia
776 1288 872 1354 opera
886 1266 926 1332 ad
941 1287 1010 1352 quae
1032 1287 1090 1353 ego
1105 1261 1179 1328 dodi
1202 1284 1290 1327 eum.
1368 1288 1369 1314 u

261 1397 274 1428 r
291 1368 354 1436 Sed
368 1383 400 1436 et
414 1371 503 1439 Eliah
518 1373 620 1441 lilium
636 1373 846 1442 Achisamach
860 1397 900 1440 ex
914 1375 1000 1440 trihu
1014 1374 1094 1441 Dan.
1112 1373 1153 1438 Et
1167 1370 1245 1436 dedi
1262 1371 1293 1436 in
1368 1435 1369 1456 p

264 1508 277 1540 s
291 1503 348 1548 cor
358 1484 445 1550 omni
456 1485 604 1572 prudenti
617 1483 827 1562 intellectum,
841 1497 876 1550 ut
885 1485 1003 1552 faciant
1013 1483 1119 1550 omnia
1131 1504 1204 1571 quae
1216 1505 1293 1548 con·
1368 1479 1369 1486 '

217 1669 221 1686 ι
262 1591 378 1657 nstitui
395 1592 452 1658 tihi
462 1592 486 1658 ².
502 1621 515 1656 s
533 1593 704 1660 Concidera
719 1617 795 1683 ergo
815 1617 852 1659 ex
868 1594 906 1658 iis
923 1594 1071 1660 omnihus
1089 1590 1256 1681 quomodo
1274 1614 1292 1657 a

260 1701 398 1768 Domino
412 1714 462 1768 est
476 1703 625 1792 sapientia
642 1703 773 1780 fabrilis,
790 1705 855 1771 sire
869 1705 901 1770 in
913 1727 1004 1779 auro,
1017 1703 1081 1768 sire
1095 1702 1130 1766 in
1145 1713 1288 1790 argento,
1368 1735 1369 1740 κ

261 1811 326 1876 sire
337 1811 371 1876 in
382 1807 802 1900 aliaquaoumquemateria‚
813 1810 862 1879 vel
872 1811 967 1878 etiarn
978 1809 1105 1876 textrini
1116 1808 1282 1898 sapientisr

261 1917 379 1984 atride
401 1918 473 2005 quia
489 1920 560 2008 jure
581 1920 643 1986 dici
660 1921 699 1986 de
718 1922 756 1987 iis
771 1923 919 1988 omnihus
937 1931 1054 2010 potest,
1072 1919 1161 2007 qnod
1177 1916 1287 1983 horum

262 2028 393 2093 scicntia
407 2029 447 2094 sh
463 2027 596 2096 Excelso
611 2031 661 2095 sit.
676 2031 773 2111 Quod
785 2033 810 2097 si
825 2029 944 2098 febrilis
956 2030 1085 2096 scientia
1102 2030 1142 2095 ah
1159 2026 1290 2094 Excalso

262 2159 330 2201 osse
342 2136 533 2215 declaratur,
545 2142 706 2229 quemodo
720 2165 786 2208 non
797 2153 830 2207 et
839 2141 1045 2230 geometrica,
1056 2163 1095 2204 ex
1106 2162 1169 2228 qna
1184 2139 1283 2227 utique

263 2244 333 2314 hnc
347 2248 476 2314 scientia
492 2273 588 2338 qnam
603 2251 765 2341 Scriptura
778 2252 1056 2319 architectonicam
1067 2250 1228 2325 nominat,
1238 2249 1288 2314 do-

263 2357 402 2424 rivatnri‘
412 2357 558 2446 Denique
568 2371 601 2425 et
615 2360 647 2425 in
657 2359 810 2428 Zacharia
823 2358 981 2428 funiculus
992 2359 1206 2450 geometricus
1219 2358 1293 2426 dici-

264 2480 328 2543 tur,
339 2468 372 2532 in
384 2489 448 2556 quo
460 2467 624 2535 dimetitur
635 2468 773 2558 Angelus
784 2467 996 2536 Jerusalem⁸:
1011 2481 1043 2534 et
1054 2469 1125 2535 ideo
1136 2491 1203 2534 non
1216 2480 1294 2557 puto

263 2578 437 2644 absurdum
448 2579 592 2653 rideri‚si
603 2579 699 2644 etiam
710 2579 914 2645 hncscientia
926 2576 1191 2644 dicaturllxcolsi.
1207 2578 1295 2658 Quid

264 2696 371 2751 autom
386 2686 528 2752 dcemus
542 2685 582 2750 de
597 2686 730 2762 musica,
747 2689 839 2775 cujus
854 2711 981 2754 omnem
997 2688 1142 2776 peritiam
1157 2687 1201 2752 ita
1223 2689 1294 2754 atti·

264 2803 352 2880 gerat
367 2793 614 2882 sapientissimus
627 2793 741 2870 David,
756 2817 795 2862 ac
817 2797 912 2862 totius
927 2795 1071 2863 melodice
1085 2808 1118 2863 et
1132 2797 1295 2864 rhithmo

264 2924 337 2966 rum
349 2893 523 2992 collegerat
529 2901 721 2993 disciplinas,
733 2917 769 2970 ut
779 2928 819 2970 ex
828 2906 865 2972 iis
876 2907 1023 2974 omnihus
1035 2907 1188 2973 inveniret
1200 2931 1295 2974 sonos

154 3035 161 3048 ·
266 3010 382 3097 quihus
403 3023 508 3098 posset
528 3011 624 3078 ctiam
646 3015 868 3101 perturbatum
889 3038 997 3104 regern
1021 3029 1231 3104 vexatumque
1253 3017 1294 3082 ah

266 3117 377 3206 spiritu
390 3116 527 3207 maligno
537 3118 699 3209 psallendo
710 3122 877 3211 mitigare?
887 3123 975 3189 Unde
987 3147 1050 3190 non
1064 3137 1140 3214 puto
1154 3124 1292 3214 aliquant

266 3227 345 3292 recti
366 3250 487 3306 sensus,
507 3231 561 3318 qui
583 3231 615 3296 in
635 3231 751 3297 horum
773 3234 916 3299 omniurn
937 3234 1067 3302 scientia
1087 3246 1195 3324 neget,
1220 3237 1293 3329 quia

268 3336 371 3403 omnis
382 3339 533 3427 sapientia
545 3363 562 3406 a
576 3339 714 3408 Domino
725 3353 782 3408 est.
797 3342 817 3408 J
819 3365 870 3408 sm
882 3366 956 3409 vero
968 3343 1007 3411 de
1019 3345 1182 3411 medicine
1195 3345 1296 3412 scien·

268 3447 311 3511 tia
327 3468 387 3513 nec
403 3448 540 3514 dubitari
554 3464 641 3540 puto.
660 3449 694 3517 Si
708 3453 793 3518 enim
809 3466 855 3519 cst
871 3451 932 3518 ulla
948 3454 1076 3544 scientia
1093 3479 1110 3520 a
1126 3453 1207 3527 Deo.
1218 3479 1296 3544 quae

269 3556 368 3643 magis
383 3557 421 3622 ah
436 3579 475 3622 eo
489 3560 550 3627 erit
564 3585 659 3649 qnam
673 3563 802 3630 scicntia
818 3563 970 3639 sanitatis,
984 3565 1016 3630 in
1032 3587 1091 3654 qua
1107 3565 1203 3630 etiam
1220 3563 1296 3630 her-

269 3667 383 3732 harum
398 3665 492 3741 vires,
506 3680 538 3732 et
553 3692 722 3737 succorum
737 3669 901 3759 qualitates
916 3695 954 3739 ac
970 3672 1153 3739 differentiae
1170 3673 1297 3764 dignos

269 3773 410 3841 cuntur?
422 3774 521 3863 lgitur
534 3799 574 3842 ex
587 3778 636 3844 his
651 3779 798 3846 omnihus
813 3778 972 3870 colligitur
986 3782 1181 3869 quodetiam
1197 3783 1296 3872 hujus

303 3900 383 3962 ¹Job,
394 3916 497 3964 srxrrrr,
511 3901 550 3952 36.
563 3931 593 3942 -
603 3901 704 3974 ’'Exod.
718 3921 785 3963 uxr.
803 3923 825 3970 r,
838 3923 861 3968 r,
872 3906 898 3966 ὅ,
907 3907 933 3966 l,
947 3909 971 3970 5,
982 3907 1005 3957 6.
1017 3935 1049 3948 -
1060 3906 1070 3942 ⁸
1081 3907 1156 3957 zach.
1172 3924 1200 3956 rr.
