2682 4594
218 257 278 332 sud
651 275 803 318 erremus

216 395 256 460 sis
272 396 313 460 ab
324 417 363 459 eu
375 395 498 462 venium
509 395 683 482 promereri
695 443 704 468 ,
717 405 750 457 et
761 394 827 481 ipse
838 390 943 458 saciet.
955 389 1043 471 Quid
1053 387 1165 454 sueieti
1175 387 1239 454 Siue

217 502 582 574 dubiusunurutel'ueiet.
594 503 685 568 Diues
694 501 749 566 tibi
766 525 773 566 ε
796 501 899 566 «Eece
911 501 977 587 jum
988 496 1184 566 suuusiuetus
1194 517 1237 568 es.

218 609 298 674 ultra
314 609 378 676 noli
393 633 548 698 peecare,
566 634 606 676 ue
620 609 698 697 quid
710 610 766 677 ribi
778 609 921 676 'deterius
935 607 1100 694 contingat
1110 602 1132 668 ¹.
1149 633 1159 665 ι
1176 604 1239 668 Haee

169 783 171 788 ,
216 717 326 793 faciet,
340 719 365 784 si
381 717 495 784 delicta
510 730 564 785 tuu
580 719 609 784 ei
618 716 822 784 revelaveris.
834 718 867 784 si
881 739 955 782 vero
970 738 1048 804 pura
1063 725 1112 778 est
1122 713 1240 785 viatus,

216 837 250 889 et
265 824 383 890 munds
397 825 606 901 couscientia,
624 838 656 890 et
671 825 740 890 haee
754 826 783 890 ei
796 823 1000 897 revelaveris,
1014 843 1104 909 spera
1113 820 1152 884 -iu
1164 841 1239 884 eum.
1328 815 1330 824 ’

220 967 222 972 ·
261 930 315 997 vl.
336 932 423 1011 Quid
437 932 547 1007 faciat,
564 917 603 998 eir
619 933 885 1020 consequentibus
901 931 987 997 disee
1002 928 1199 995 :1Produeet
1212 927 1244 990 si·

220 1052 296 1105 »eut
312 1037 421 1106 lumen
437 1041 590 1128 justitium
606 1053 713 1118 tuum,
729 1054 762 1106 et
777 1040 931 1128 judicium
952 1053 1044 1104 tuum
1062 1038 1145 1102 sieut
1159 1036 1246 1101 meri·

219 1145 357 1211 »diem².
373 1149 496 1214 »Tuum
512 1149 685 1236 justitiam,
698 1172 793 1236 quum
806 1161 841 1213 tu
858 1147 949 1237 egisti
961 1147 993 1211 iu
1007 1143 1133 1210 occulte
1144 1193 1152 1219 ‚
1164 1155 1195 1208 et
1205 1167 1247 1208 re-

219 1252 326 1321 velasti
346 1277 418 1320 eam
436 1255 492 1321 soli
508 1257 597 1330 Dee,
614 1257 697 1322 hune
715 1256 870 1344 prudueet
885 1256 967 1320 sicut
982 1253 1088 1317 lumen
1105 1251 1207 1327 Deus,
1219 1263 1248 1316 et

219 1362 364 1428 ostendet
375 1375 407 1429 te
418 1365 539 1452 justum
549 1362 760 1430 illuminatum
772 1362 836 1428 sule
848 1361 996 1451 justitiae,
1009 1359 1091 1426 eoelu
1102 1373 1134 1424 et
1146 1372 1246 1434 terre,

217 1483 249 1536 et
266 1472 414 1536 omuibus
431 1472 484 1558 qui
505 1473 537 1537 in
554 1470 637 1537 eoeio
653 1483 727 1536 suut
745 1471 891 1537 ostendet
906 1469 1014 1534 lumen
1033 1469 1248 1556 justitiaetuae,

216 1591 249 1643 et
268 1579 310 1662 (si
327 1578 372 1644 ita
390 1578 452 1644 dici
469 1583 613 1667 oportet)
633 1580 765 1666 jactabit
783 1603 816 1643 se
832 1580 871 1642 de
891 1591 922 1642 te
939 1589 1092 1663 tauquam
1111 1576 1151 1640 de
1173 1573 1249 1649 filio,

216 1698 368 1773 tauquam
384 1687 438 1772 qui
458 1687 618 1775 acceperis
635 1688 781 1774 spiritum
799 1686 986 1774 adoptionis.
1005 1684 1165 1750 Produeet
1182 1707 1251 1772 erge

217 1790 369 1879 justitium
386 1805 475 1858 tuum
488 1795 570 1858 sieut
581 1793 692 1858 iumen
703 1845 710 1868 ,
723 1794 797 1881 quis
809 1795 863 1881 qui
879 1794 1055 1858 seeundum
1071 1792 1248 1856 mandatum

218 1899 346 1963 Domini
362 1901 465 1986 justus
477 1913 542 1974 est,
558 1901 710 1987 justitium
725 1925 814 1966 suurn
828 1902 870 1966 itu
886 1901 960 1966 feeit
970 1949 979 1974 ‚
991 1900 1074 1965 sieut
1090 1900 1157 1988 ipse
1172 1923 1249 1964 muu-

218 2004 304 2067 duvit
319 2003 427 2068 dicens
450 2026 458 2068 ε
478 2003 568 2071 «Vos
589 2017 695 2070 aurem
717 2029 790 2072 cum
808 2005 908 2072 facitis
930 2005 1084 2093 justitium
1102 2018 1245 2076 vestram,

220 2111 359 2176 suesciat
379 2112 503 2178 sinistra
523 2113 599 2200 quid
616 2113 710 2179 faciat
726 2113 837 2180 dextra
853 2114 937 2179 tua⁸.
958 2114 1055 2178 »Haee
1071 2137 1143 2201 erge
1156 2111 1242 2198 justi-

218 2219 261 2284 tie
278 2241 348 2304 quae
363 2220 406 2285 itu
425 2221 485 2295 sit,
503 2234 538 2284 ut
554 2243 618 2286 neu
634 2222 816 2288 hominibus
832 2233 998 2311 appareat,
1016 2245 1078 2286 nee
1093 2220 1247 2286 uthumu-

217 2349 289 2391 uum
304 2325 548 2416 glorismeuptet
558 2330 631 2404 ,sed
643 2329 679 2394 srt
694 2330 888 2406 inocculto,
908 2343 941 2394 ut
954 2342 1044 2419 puter
1056 2330 1109 2416 qui
1124 2329 1208 2393 ridet
1220 2327 1254 2391 iu

214 2434 360 2511 occultu,
384 2436 497 2503 reddet
516 2437 621 2526 palam
642 2439 674 2503 in
695 2451 839 2528 tempore
857 2463 931 2516 suo,
950 2440 1138 2527 predueitur
1157 2463 1174 2504 u
1191 2438 1256 2502 Dee

214 2545 295 2608 sicut
311 2543 374 2608 lux.
387 2570 400 2604 ι
413 2547 453 2609 Et
464 2545 618 2631 judicium
633 2559 723 2611 tuum
741 2548 821 2612 sicut
836 2548 1020 2612 meridies.·»
1036 2547 1154 2613 Omnia
1172 2547 1256 2610 euim

213 2652 289 2737 justi
310 2653 429 2740 judicia
453 2675 662 2740 quecumque
684 2655 855 2741 judicavit,
877 2679 939 2720 uun
967 2653 1069 2720 solum
1094 2655 1179 2720 sicut
1207 2653 1260 2718 iux

212 2772 322 2836 eruut,
339 2760 395 2824 sed
414 2761 496 2824 sicut
511 2762 721 2827 meridianum
743 2762 869 2838 lumen,
887 2763 974 2850 quod
992 2764 1102 2850 utique
1121 2761 1261 2828 clarissi-

212 2889 301 2932 mum
317 2879 349 2931 et
360 2866 649 2956 splendidissimum
664 2883 721 2934 est.
738 2870 905 2936 Plenitudo
920 2871 1005 2936 euim
1016 2869 1097 2935 lucis
1114 2871 1147 2934 in
1165 2871 1264 2936 meri-

213 2975 308 3040 diano
326 2987 471 3064 tempore
493 2977 684 3065 designatur.
704 2980 736 3044 si
752 3003 828 3068 erge
845 2979 942 3044 sueris
960 2981 1063 3066 justus
1078 2991 1111 3044 et
1130 2983 1262 3052 bonus,

211 3085 367 3171 producet
375 3084 459 3148 Deus
468 3086 549 3149 sieut
558 3083 666 3150 lumen
678 3088 831 3173 justitium
840 3099 927 3153 tuum
937 3139 945 3163 ‚
954 3099 987 3152 et
998 3087 1155 3176 judicium
1168 3102 1264 3152 tuum

212 3191 294 3255 sieut
314 3192 490 3257 meridiem.
509 3191 567 3258 Vel
583 3205 669 3257 uerte
689 3193 721 3258 in
737 3195 856 3281 judicio
872 3218 945 3261 eum
965 3218 1058 3260 causa
1074 3208 1129 3261 tuu
1147 3196 1265 3261 discu-

210 3299 300 3373 titur,
317 3299 467 3384 justitiam
485 3322 586 3366 causae
605 3313 664 3366 tuoe
681 3314 829 3389 tunquam
851 3302 954 3368 lucem
970 3304 1056 3368 Deus
1072 3303 1171 3369 saciet
1190 3327 1267 3369 mu-

211 3403 353 3470 nisestum
364 3456 373 3482 ‚
386 3419 417 3471 et
430 3409 585 3494 judieium
598 3411 681 3495 quod
700 3422 731 3473 et
743 3411 917 3498 dijudicat,
931 3410 1018 3476 velut
1029 3412 1201 3476 meridiem
1223 3412 1269 3477 ia-

210 3514 274 3578 ciet
290 3514 502 3580 munifestum.
522 3516 601 3595 Quae
617 3517 751 3582 seientes
767 3518 809 3584 iu
825 3518 949 3592 futuru,
967 3519 1182 3607 deprecemur
1199 3521 1261 3583 mi·

211 3621 414 3686 sericordiam
437 3621 514 3697 Dei,
538 3636 573 3686 ut
593 3623 748 3691 concedat
773 3625 864 3692 nohis
885 3625 961 3691 tales
981 3626 1066 3700 lieri,
1088 3628 1141 3714 qui
1169 3628 1268 3715 digni

210 3734 404 3808 hubeamur,
421 3757 557 3821 quorum
577 3736 663 3802 Deus
682 3739 748 3826 ipse
772 3737 876 3805 lucem
895 3739 1023 3827 justitiae
1040 3739 1201 3827 producut
1231 3735 1268 3799 iu

238 3887 257 3924 Α
270 3887 341 3933 Juun.
358 3902 387 3942 v,
404 3894 443 3942 14.
491 3879 599 3932 3Psulur.
614 3905 710 3950 xxxvr,
723 3890 747 3937 6.
758 3916 789 3926 -
802 3887 910 3941 ‘Marde
923 3905 947 3936 rr
957 3925 964 3950 ,
976 3887 1000 3939 3.
1106 3947 1110 3954 ,
