2734 4594
222 246 283 320 iad
671 265 811 308 carcanus

218 382 383 470 prophetia
395 383 576 470 praececinit
583 406 640 471 per
648 383 839 450 Debboram.
856 385 1109 473 Etposteaquam
1119 384 1153 448 in
1162 407 1260 460 mauu

219 487 359 556 mulieris
374 489 456 556 facta
470 491 600 555 victoria
614 502 677 565 est,
699 491 859 557 cauticum
882 492 965 556 istud
983 491 1153 565 Debbora,
1175 492 1262 556 velut

219 597 358 662 victorias
382 599 477 686 ipsius
496 597 642 673 laudem,
668 591 821 664 cecinisse
842 599 1069 686 praescribitur.
1089 599 1212 664 Verum
1236 601 1261 666 si

219 707 421 771 meminimus
437 728 547 771 eorum
563 730 633 793 quae
651 707 684 771 in
707 708 921 795 superioribus
945 707 1122 772 dictasunt
1144 729 1264 771 secuu-
1360 769 1361 772 ,

220 817 297 882 dum
309 816 475 903 mysticam
487 816 640 893 formam,
654 829 780 903 quaeest
788 816 887 904 figura
897 817 1072 892 Debborae,
1084 839 1157 902 quae
1165 817 1263 880 etiam
1360 847 1361 856 ¹

219 923 360 1001 Baracb,
377 923 452 1011 quid
467 921 609 1012 imaginis
629 935 736 990 teneat
752 923 843 990 dahel
866 920 991 999 mulier,
1016 943 1086 1010 quae
1110 923 1263 987 adversa·
1360 1003 1361 1012 ἒ

220 1032 303 1098 rium
319 1029 426 1119 popull
441 1031 499 1096 Dei
516 1030 582 1096 sola
602 1032 735 1118 dejecit,
758 1055 827 1120 quse
840 1032 937 1097 etiam
961 1031 1064 1119 imago
1087 1031 1129 1094 sit
1150 1031 1264 1095 Sisarae
1360 1015 1361 1026 ἵ

219 1139 336 1228 ipsius,
353 1139 408 1227 qui
424 1162 441 1203 a
456 1138 588 1204 muliere
602 1137 774 1227 alienigena
784 1138 859 1228 ligni
876 1139 991 1204 virtute
1002 1149 1185 1226 prostratus
1195 1149 1262 1203 est:
1360 1171 1361 1178 ,

223 1248 425 1338 intelligimus
440 1249 508 1316 baec
521 1251 627 1315 omnia
643 1261 838 1316 sacramenta
850 1272 918 1314 esse
932 1299 941 1325 ,
958 1271 1028 1338 quae
1041 1250 1073 1313 in
1085 1246 1267 1312 novissimis

221 1358 435 1446 temporibus,
452 1370 484 1423 et
499 1358 532 1422 in
555 1357 619 1423 line
638 1357 743 1425 saeculi
764 1379 821 1447 per
837 1355 1013 1422 Ecclesiam
1035 1377 1270 1422 consumman-
1359 1427 1361 1466 1

221 1479 287 1542 tur,
307 1478 340 1532 et
357 1467 390 1534 in
409 1468 533 1532 cantico
551 1465 614 1532 hoc
630 1466 716 1531 velut
732 1465 866 1554 epinicia
885 1466 973 1553 ejus,
991 1464 1106 1539 idest,
1124 1463 1271 1528 victoriae
1359 1517 1361 1540 ,

222 1573 350 1641 laudem
369 1597 437 1640 esse
452 1574 663 1662 descriptam,
681 1573 763 1638 illius
779 1572 899 1638 scilicet
918 1571 1070 1661 temporis
1087 1593 1164 1636 cum
1181 1599 1193 1628 ι
1211 1594 1271 1635 no-
1359 1557 1361 1634 l

224 1682 389 1748 »sissimus
404 1681 550 1748 inimicus
570 1682 750 1746 destruetur
771 1702 857 1745 mors
869 1679 891 1744 ¹.
908 1680 1025 1745 »Tunc
1042 1678 1130 1744 enim
1146 1678 1273 1743 exulta·
1359 1697 1361 1732 ἱ

226 1790 272 1854 bit
289 1789 459 1863 Debbora,
480 1789 594 1863 idest,
612 1787 765 1853 exultabit
779 1786 878 1876 gloria
897 1786 1088 1875 prophetias,
1104 1788 1179 1874 quia
1197 1809 1270 1870 quae
1357 1741 1361 1822 l

225 1895 389 1984 predixit,
412 1893 541 1983 impleta
560 1906 644 1959 sunt.
666 1893 882 1969 Tunolahel,
899 1894 1013 1969 idest,
1032 1891 1173 1960 Ecclesia
1190 1892 1273 1956 bos-
1356 1899 1357 1902 ’

227 2015 293 2069 tem
308 2025 512 2068 communem
529 2003 671 2068 omnium
693 2003 854 2092 superabit
873 2025 881 2065 τ
898 2014 929 2066 et
944 2012 1155 2090 posteaquam
1170 1999 1276 2088 pleni·
1355 2077 1357 2083 y

228 2110 306 2175 tudo
327 2111 469 2196 gentium
483 2110 656 2185 introierit,
678 2121 754 2174 tuuc
770 2120 803 2173 et
826 2107 967 2198 bameh,
985 2109 1019 2174 id
1041 2120 1109 2185 cst,
1132 2107 1278 2197 reliquus

183 2289 189 2296 .
228 2215 322 2282 lsrael
335 2215 436 2282 salvus
448 2217 503 2281 liet
512 2267 520 2292 ,
529 2229 561 2280 et
571 2216 604 2281 in
617 2217 799 2282 societatem
811 2217 950 2282 victoriae
961 2216 1136 2305 recipietur
1146 2215 1172 2278 ¹.
1183 2217 1278 2281 Tunc

230 2347 324 2412 ergo,
345 2325 371 2388 si
392 2325 476 2412 digni
497 2323 666 2400 fuerimus,
686 2325 782 2389 etiam
802 2347 860 2389 nos
880 2325 1078 2390 cantabimus
1105 2325 1276 2390 canticum

231 2432 315 2498 istud
334 2430 485 2497 refertum
496 2433 636 2519 mysticis
651 2444 684 2496 et
700 2431 891 2520 propheticis
908 2433 1131 2506 sacramentis,
1147 2455 1195 2496 ex
1206 2434 1274 2520 qui·

175 2595 178 2602 ,
232 2544 292 2607 bus
307 2563 365 2628 per
375 2538 495 2627 singula
511 2539 668 2604 discutere
680 2552 793 2606 cuncta
811 2540 961 2627 temporis
977 2563 1039 2603 non
1055 2550 1114 2603 est.
1132 2540 1280 2604 Breuita-

233 2660 298 2712 tem
321 2670 458 2734 namque
474 2647 631 2712 auditores
652 2646 801 2713 Ecclesiae
817 2646 959 2735 diligunt.
979 2647 1082 2712 Pauca
1100 2658 1219 2713 tamen
1240 2645 1288 2710 sel

234 2756 274 2820 de
284 2755 445 2844 principiis
457 2755 525 2841 ejus
538 2755 740 2830 disserentes,
755 2754 802 2819 vel
814 2739 946 2843 sparsim
957 2778 995 2819 ex
1006 2777 1045 2818 eo
1056 2752 1223 2820 flosculos
1231 2754 1291 2820 eli-

235 2875 363 2952 gentes,
386 2861 609 2928 consolationis
631 2861 748 2951 aliquid
771 2863 970 2928 auditoribus
994 2861 1107 2927 afferre
1138 2864 1293 2930 tentabi-

235 2995 323 3045 mus,
338 2969 387 3036 vcl
402 2970 609 3058 nosmetipsos
624 2991 789 3046 exercere,
806 2982 838 3035 et
856 2971 1002 3036 meditari
1019 2982 1055 3034 ut
1074 2972 1144 3059 apti
1164 2971 1296 3036 efficia-

236 3101 309 3144 mur
324 3077 363 3143 ad
372 3077 529 3142 Debborae
544 3077 705 3143 canticum
720 3077 966 3143 decantandum.

281 3187 321 3251 ll.
334 3187 394 3251 «ln
406 3186 586 3274 incipiendo
600 3187 758 3274 principos
771 3187 804 3251 ia
816 3185 931 3261 lsrael,
945 3187 977 3250 in
993 3184 1220 3252 voluntatibus
1237 3213 1303 3277 po

238 3291 326 3382 »puli
339 3294 516 3359 benedicite
531 3292 736 3360 Dominum⁸.
752 3322 764 3354 s
781 3292 985 3369 Benedictio,
1004 3293 1129 3380 inquit,
1152 3319 1219 3384 qua
1244 3298 1304 3361 be
1360 3329 1361 3372 t

237 3401 411 3467 nedicimus
432 3401 623 3477 Dominum,
639 3403 678 3467 sit
695 3403 728 3466 in
751 3401 880 3466 exordio
900 3400 1080 3490 principum
1104 3402 1140 3466 in
1166 3403 1306 3472 lsrael.
1360 3407 1361 3452 ἲ

239 3493 308 3575 turn
331 3509 444 3575 deinde
470 3521 502 3575 et
523 3511 555 3574 in
569 3509 785 3575 voluntatibus
805 3506 925 3598 populi.
945 3505 1042 3573 Verbi
1065 3511 1194 3597 gratia:
1215 3534 1315 3578 cum

237 3617 376 3707 primum
388 3617 556 3706 incipimus
568 3619 674 3683 venire
682 3601 723 3683 ad
737 3617 795 3682 Dei
806 3615 929 3682 cultum
941 3666 949 3691 ‚
960 3638 1035 3681 cum
1050 3617 1183 3681 initium
1198 3622 1317 3684 verli

239 3726 296 3791 Dei
312 3738 345 3790 et
360 3725 653 3792 doctriaaecoelestis
667 3725 857 3814 accipimus,
871 3748 887 3789 a
899 3724 1097 3813 principibus
1116 3725 1226 3792 lsrael
1247 3729 1319 3795 ista

278 3871 286 3903 ¹
303 3891 312 3924 1
326 3874 439 3932 Coma,
455 3872 641 3924 26.--²1t0m.
654 3890 694 3937 xr,
708 3875 787 3924 att-
805 3868 884 3923 ³Jud.
899 3889 922 3932 v,
936 3890 959 3921 a.
