2734 4594
354 289 386 332 rn·
411 288 525 330 nruuuu
548 287 714 331 nuonouuu
738 287 811 331 uou.
839 289 860 330 r.
1073 265 1132 353 167

103 431 164 474 uon
179 408 341 474 seientiam
353 406 557 473 extollentem
576 431 610 488 se
626 407 794 472 adversum
807 407 903 473 [idem
919 419 951 474 et
967 409 1131 475 veritatem

104 518 206 582 Christi
222 542 231 582 τ
251 515 298 581 vel
314 539 388 582 oum
404 514 658 582 incredulitatem
676 515 726 580 vel
742 515 908 604 perfidiam
924 541 1058 606 urguens
1073 516 1134 581 Ju-

104 627 231 691 duorum
254 649 293 690 ex
315 623 384 714 lege
405 637 491 690 etex
512 623 677 713 Prophetis
701 623 943 712 depromptam,
965 625 1133 690 ostendero

104 757 162 798 essu
184 732 503 809 Christum'desum‚
526 745 558 797 et
580 733 613 797 iu
636 733 784 797 omuibus
811 743 928 820 potero
942 733 1133 820 redarguere

104 841 231 907 veritatis
251 841 396 906 inimicos
418 864 425 905 :
447 852 526 906 tune
548 840 641 928 digne
658 863 788 929 possum
803 841 898 906 etiam
919 863 978 929 ego
1001 841 1130 906 dicere:

111 947 298 1014 «Dilatatum
318 960 418 1014 estes
439 970 548 1012 meum
566 970 662 1036 super
683 948 828 1013 inimicos
850 971 976 1012 meos.»
1000 947 1032 1014 Si
1054 949 1132 1014 mihi

102 1068 254 1121 certamen
269 1067 397 1122 moveat
412 1055 582 1131 Basilides,
598 1067 630 1120 et
645 1077 718 1120 eum
735 1055 940 1121 vehementer
951 1055 1130 1121 obtrivero:

101 1163 124 1227 si
137 1161 290 1228 Valentini
314 1161 485 1252 discipulus
508 1175 655 1229 occurrat
670 1174 702 1228 et
719 1187 770 1227 me
785 1163 1009 1250 quaestionibus
1028 1165 1132 1228 venti-

103 1271 161 1348 let,
176 1283 208 1335 et
222 1271 262 1337 de
274 1271 337 1338 hoe
350 1271 526 1338 certamine
535 1271 636 1337 victor
650 1270 757 1335 exiero
770 1293 777 1335 :
791 1271 816 1334 si
828 1253 877 1336 lris¹
888 1271 1137 1359 prostratislllsr·

101 1379 168 1445 cion
183 1391 345 1454 occurrat,
361 1390 393 1443 et
404 1378 583 1445 discesserit
597 1379 694 1444 etiam
709 1381 775 1468 ipse
791 1390 956 1466 superatus
968 1403 976 1443 ε
989 1407 1001 1440 ι
1013 1378 1129 1446 Dilatu-

104 1499 188 1551 ttum
202 1500 250 1552 est
261 1509 296 1552 os
308 1511 413 1553 meum
427 1511 522 1575 super
532 1488 677 1554 inimicos
693 1511 791 1552 meos.
808 1488 864 1552 »Si
880 1488 945 1552 istis
962 1488 1131 1554 confutatis

102 1608 266 1660 occurrant
279 1593 456 1685 philosophi
481 1595 666 1662 insultantes
681 1594 873 1683 simplicitati
894 1595 969 1660 fidei
994 1609 1130 1672 nostrae,

100 1715 132 1768 et
142 1703 250 1769 idiotas
265 1727 322 1768 nos
338 1705 564 1793 imperitosque
580 1703 795 1780 clamitantes,
812 1713 844 1768 et
857 1716 1024 1769 convertar
1036 1705 1131 1770 etiam

97 1811 136 1876 ad
152 1810 247 1900 ipsos,
261 1825 293 1876 et
304 1837 385 1878 verse
396 1813 554 1901 sapientiae
569 1813 687 1877 viribus
698 1811 827 1878 salsaeoc
840 1812 952 1877 fucatae
969 1811 1130 1900 sapientise

95 1919 243 1985 nebulam
261 1921 492 1996 obturbavero,
508 1933 540 1986 et
562 1943 625 1987 non
647 1919 749 1986 solum
768 1920 1010 2007 hujusmundi,
1031 1921 1134 1986 sedet

93 2029 272 2117 principum
289 2029 384 2117 hujus
403 2029 515 2094 mundi
535 2029 720 2117 sapientiam
740 2028 942 2103 destruxero,
969 2040 1046 2093 tune
1062 2027 1132 2116 ple-

93 2137 163 2201 nius
175 2135 340 2202 dilatatum
356 2149 403 2202 est
416 2159 451 2202 os
468 2159 575 2202 meum
587 2159 683 2226 super
695 2135 840 2201 inimicos
857 2157 955 2200 meos.
968 2135 1077 2201 Sancti
1086 2149 1133 2201 est

93 2269 169 2333 ergo
177 2245 300 2310 voxista
308 2257 341 2310 et
353 2245 485 2335 perlecti
496 2294 505 2321 ,
518 2245 572 2334 qui
581 2246 675 2310 rebus
685 2244 760 2332 ipsis
773 2257 806 2308 et
819 2245 947 2308 veritate
962 2245 1132 2310 subnixum

94 2353 314 2442 hujuscemodi
330 2377 509 2420 sermonem
524 2354 623 2443 possit
638 2352 780 2441 prolerre
796 2365 830 2418 et·
846 2352 952 2418 dicere
967 2351 1133 2418 :rDilatu-

94 2474 183 2526 »tum
200 2475 248 2538 est
263 2485 298 2527 os
312 2485 525 2551 meumsuper
540 2462 685 2527 inimicos
697 2485 796 2526 meos.
811 2460 971 2549 »Oportet
985 2484 1061 2549 ergo
1074 2484 1131 2526 nos

88 2568 196 2657 primo
221 2591 256 2632 os
278 2581 421 2634 nostrum
446 2567 593 2642 dilatare,
613 2579 648 2632 ut
670 2566 800 2656 impleut
823 2566 901 2631 illud
920 2566 1015 2632 Deus.
1045 2567 1131 2647 Quo-

87 2676 189 2742 modo
208 2688 315 2743 autem
335 2701 370 2742 os
385 2678 489 2766 primo
508 2675 699 2742 dilatamus?
712 2699 769 2764 per
788 2671 1027 2740 meditationem
1044 2675 1130 2740 verbi

88 2782 206 2857 divini,
224 2794 259 2846 ut
273 2782 428 2870 possimus
440 2805 485 2845 eo
495 2780 761 2870 usqueprosroere
772 2831 780 2856 ,
791 2792 826 2844 nt
841 2778 1054 2845 edilstutione
1068 2781 1130 2844 oris
1199 2844 1201 2853 ,

88 2891 188 2955 etiam
202 2915 240 2957 ae
259 2889 363 2956 cordis
386 2889 601 2956 dilatationem
625 2890 804 2964 veniamus,
827 2901 951 2955 etcum
975 2887 1128 2977 Apostolo

87 2999 199 3064 dieere
217 3023 229 3064 :1
242 3027 254 3060 r
266 2999 330 3064 Cor
347 3021 456 3064 meum
470 2998 635 3064 dilatatum
650 3010 698 3063 est
713 2998 753 3064 ad
768 3020 842 3072 vos,
859 2999 879 3062 ὂ
894 2995 1090 3062 Corinthii⁴l
1109 3025 1122 3056 s

84 3107 136 3172 Ex
160 3105 329 3174 latitudine
347 3108 432 3172 euim
460 3107 565 3173 cordis
584 3106 776 3173 abundantia
797 3105 843 3170 ori
868 3106 999 3193 sapienti
1019 3105 1131 3175 minis-

83 3223 203 3280 tratrrr.

132 3322 193 3388 Xl.
206 3350 218 3382 r
233 3324 316 3404 Quia
330 3322 432 3388 laetota
445 3346 515 3388 sum
530 3323 563 3386 in
579 3321 708 3388 salutari
724 3335 780 3387 tuo
790 3320 812 3387 ².
829 3348 841 3382 a
856 3323 891 3388 Si
905 3321 1026 3386 leet-atus
1041 3322 1131 3387 suero

82 3432 120 3495 in
134 3429 265 3496 salutari
281 3431 358 3506 Dei,
375 3443 452 3496 tunc
465 3430 630 3496 dilatatum
643 3442 691 3495 est
706 3453 741 3495 os
753 3453 860 3495 meum
878 3453 973 3518 super
987 3430 1131 3496 inimicos

77 3559 188 3602 meos.
201 3563 214 3596 s
228 3537 298 3602 Non
309 3548 493 3602 estsanctus
506 3536 587 3601 sicut
598 3535 753 3600 Dominus
762 3535 785 3599 ⁸.
801 3536 854 3602 »Si
867 3536 1020 3623 scriptum
1030 3546 1129 3610 esset,

74 3667 151 3710 uon
170 3657 219 3708 est
236 3657 362 3710 sanctus
377 3646 436 3710 nisi
453 3646 629 3720 Dominus,
646 3666 843 3732 consequens
861 3657 929 3710 erat
947 3667 1057 3710 omnes
1073 3665 1131 3708 nos

73 3753 273 3820 renuntiare
289 3753 521 3842 uobismetipsis
538 3755 576 3819 ab
590 3753 649 3818 lrac
669 3776 724 3839 spe
740 3767 774 3817 ut
786 3753 885 3820 sancti
902 3752 1103 3819 efficeremur
1120 3775 1134 3821 t.

117 3901 233 3952 taces.
248 3898 405 3966 s·r,11.—·-²
421 3921 428 3950 r
446 3907 552 3967 ηομ,
569 3921 587 3950 r.
604 3899 654 3938 „t
671 3904 768 3955 thiota.
