2682 4594
212 269 274 347 adl,
663 291 805 335 orrcnan

210 417 345 507 »gissem
363 440 434 486 eam
454 417 563 504 utique
583 438 658 482 cum
679 413 847 481 usur-ist»
870 413 933 479 lete
952 426 1001 480 est
1021 426 1173 504 peccator
1193 417 1248 504 qui

119 551 127 562 ·
209 538 373 591 mutuatur
386 537 419 590 et
434 547 499 589 non
514 522 614 589 solvet
631 547 639 588 :
658 524 759 610 justus
775 532 882 588 autem
897 534 1063 610 acceptam
1078 523 1250 611 pecuniam

209 633 355 698 restituet
369 656 444 698 curn
462 631 584 706 usuris,
603 630 665 696 hoc
688 642 736 694 est
756 641 925 718 acceptum
943 629 1002 695 Dei
1020 630 1155 696 verbnm
1173 653 1251 696 cum

210 739 359 825 operibus
378 747 590 824 repraesentat.
618 734 716 800 Audis
736 756 917 799 sermonem
932 734 973 799 de
994 735 1158 810 castitate,
1182 733 1250 799 col·

211 845 320 911 laudas
331 845 515 920 doctorem,
532 841 730 930 amplecteris
746 840 944 918 doctrinam,
959 841 1122 908 admiraris
1139 843 1254 930 maffia*

211 951 348 1028 terium,
370 975 426 1040 por
444 950 514 1016 haec
533 949 697 1038 suscepisti
713 949 881 1036 pecuniam
899 949 1062 1015 castitatis.
1080 950 1121 1015 Et
1136 950 1163 1013 si
1177 951 1250 1036 qui·

211 1060 283 1125 dem
307 1069 530 1147 peccatores,
554 1079 697 1144 egressus
721 1053 896 1121 Ecclesiam
921 1056 1033 1120 inseris
1059 1068 1091 1121 te
1116 1057 1253 1144 negotiis

1324 447 1328 536 ⁴

1325 575 1328 718 l

211 1164 433 1239 saecularibus,
456 1164 573 1251 excipit
594 1175 626 1229 te
649 1161 796 1239 lascivia,
819 1163 1021 1250 subsequitur
1044 1161 1252 1240 temulentia,
1327 1173 1328 1200 l

211 1289 434 1366 corruptorum
456 1275 624 1341 hominum
645 1272 793 1340 malefida
815 1273 990 1361 colloquia,
1014 1273 1132 1340 oblitus
1148 1277 1253 1341 conti·

211 1409 276 1452 nuo
297 1386 439 1449 omnium
462 1406 531 1469 quae
546 1407 564 1448 a
580 1382 711 1446 doctore
731 1403 933 1467 susceperas,
956 1403 1025 1468 qnae
1045 1380 1252 1458 laudaveras,

211 1517 282 1582 quae
301 1491 472 1556 admiratus
494 1490 616 1564 fueras,
640 1486 733 1552 etad
753 1487 914 1576 impudica
932 1511 1058 1553 rursum
1078 1487 1254 1554 devolveris

211 1613 336 1675 scorta,
359 1583 392 1663 et
410 1597 542 1664 effectus
562 1621 596 1662 es
618 1608 780 1684 peccator,
801 1596 854 1683 qui
875 1608 1038 1660 mutuatus
1061 1621 1095 1661 es
1117 1597 1250 1662 verbum

213 1708 385 1781 castitatis,
401 1719 434 1770 et
448 1729 512 1771 non
528 1704 634 1772 reddis
649 1727 745 1791 opera
761 1704 921 1770 castitatis.
938 1703 1090 1769 Similiter
1105 1715 1141 1768 et
1156 1705 1181 1769 si
1197 1728 1252 1768 au-

214 1815 308 1880 dieris
319 1817 452 1879 verbum
466 1813 592 1898 justitiae
605 1812 638 1876 in
649 1809 811 1886 Ecclesia,
829 1833 972 1899 egressus
983 1834 1017 1876 es
1028 1812 1130 1888 foras,
1144 1835 1251 1878 occur

215 1923 256 1986 rit
266 1921 325 1984 tibi
337 1919 458 1984 vicinus
469 1920 561 2006 cujus
574 1917 710 2007 agellum
722 1919 948 2006 concupieras,
964 1930 997 1983 et
1011 1920 1164 1984 continuo
1175 1919 1250 1984 obli·

215 2041 266 2093 tus
292 2051 494 2114 eorumquae
521 2028 604 2094 dicta
629 2040 724 2103 sunt,
751 2039 786 2092 ut
813 2027 977 2116 cupiditati
999 2040 1063 2094 tuae
1087 2029 1241 2094 satislircias

217 2137 336 2202 invadis
348 2161 418 2225 quae
429 2136 527 2202 aliena
540 2148 633 2212 sunt,
650 2148 683 2201 et
698 2137 743 2202 sic
753 2147 916 2202 mutuatus
929 2135 968 2200 de
979 2136 1241 2226 justitiapecuniae
1327 2209 1328 2230 ,

215 2268 281 2310 non
300 2245 404 2309 reddis
423 2269 550 2321 usuras,
575 2267 708 2332 operans
730 2256 816 2332 gesta
836 2244 974 2332 justitiae.
999 2245 1054 2311 Sic
1075 2269 1150 2334 ergo
1166 2244 1247 2310 etde
1327 2239 1328 2264 ³

214 2350 343 2441 singulis
360 2353 538 2441 quibusque
559 2363 750 2434 «mutuatur
763 2361 912 2440 peccator
927 2364 959 2416 et
971 2375 1035 2418 non
1050 2351 1171 2428 solvet,
1189 2355 1251 2441 jus·

215 2472 288 2524 »tus
303 2471 408 2526 antem
425 2462 591 2525 miseretur
606 2472 639 2525 et
651 2460 833 2525 commodat
842 2459 864 2526 ².
882 2489 894 2520 r
915 2461 985 2526 Non
995 2460 1118 2538 solum,
1133 2463 1251 2550 inquit,

215 2569 348 2634 soenerat
364 2570 484 2655 justus,
499 2568 563 2633 hoc
578 2580 643 2644 est,
656 2591 722 2632 non
738 2566 840 2633 solum
856 2568 1006 2656 praedicat
1022 2571 1179 2644 verbum,
1194 2571 1252 2636 hoc
1327 2557 1328 2580 l

215 2684 282 2748 cst,
304 2695 368 2736 non
389 2669 491 2736 solum
512 2672 606 2737 docet
625 2671 808 2758 imperitos,
832 2694 943 2736 verum
966 2673 1063 2738 etiam
1086 2673 1255 2741 miseratur
1327 2727 1328 2740 ,

215 2781 368 2846 infirmos.
383 2780 534 2867 Sequitur
548 2780 633 2844 enim
649 2776 830 2866 exemplum
846 2779 973 2845 Domini
988 2779 1125 2846 dicentis
1143 2806 1153 2846 τ
1171 2811 1184 2842 ι
1199 2782 1252 2848 lli·

217 2887 443 2952 »sericordiam
459 2885 542 2952 malo
558 2910 653 2974 quam
668 2884 923 2953 sacrificium⁸.r

261 2995 335 3060 ΧΠ.
362 3021 375 3056 a
391 2995 473 3074 Quia
486 2995 539 3081 qui
550 2994 744 3060 benedicunt
761 3017 853 3070 eum,
868 2995 1102 3062 haereditabunt
1116 3010 1254 3070 terrama

218 3103 293 3190 iqui
321 3114 427 3168 autem
454 3101 649 3169 maledicunt
675 3126 770 3179 eum,
799 3105 1128 3172 exterminabuntur‘.
1156 3135 1170 3166 r
1194 3109 1256 3188 Qui

216 3210 411 3276 benedicunt
427 3233 521 3286 eum,
543 3211 577 3277 id
596 3222 662 3285 est,
681 3211 734 3296 qui
751 3211 944 3276 benedicunt
964 3213 1103 3300 justum,
1122 3215 1258 3280 haeredi-

216 3319 330 3382 tabunt
342 3329 458 3383 terram
467 3317 489 3382 ⁵.
505 3317 611 3397 Quem
623 3329 740 3382 terram
751 3315 837 3382 illam
847 3319 981 3394 bonam,
994 3331 1112 3385 terram
1121 3319 1258 3386 multam

217 3424 448 3490 hereditabunt
462 3423 547 3490 illam
563 3424 717 3491 liuentem
732 3422 782 3490 loc
797 3424 925 3501 etmel,
942 3427 997 3491 ubi
1013 3439 1087 3490 sunt
1102 3428 1192 3494 bona
1206 3427 1259 3492 illa

217 3556 286 3620 quae
304 3533 473 3597 verobona
489 3544 581 3607 sunt,
597 3531 682 3598 illam
694 3532 901 3620 possidebunt
916 3533 970 3621 qui
986 3533 1184 3601 benedicunt
1195 3537 1259 3623 jus-

217 3651 305 3715 tum,
330 3632 555 3706 maledicentes
577 3663 651 3705 vero
675 3663 749 3706 eum
770 3641 1078 3708 exterminabuntur.
1104 3645 1146 3709 Et
1166 3645 1261 3710 vobis

256 3795 365 3848 'Matuta
378 3815 428 3846 xxv
438 3835 445 3854 ,
456 3814 499 3866 27.
512 3827 542 3836 ·-
556 3793 663 3848 ²Psalm.
677 3818 771 3856 xxxvi,
784 3817 827 3850 at.
850 3830 858 3834 -
877 3797 990 3853 'Mattln
1001 3819 1041 3865 rx,
1057 3800 1097 3853 13.
1114 3830 1137 3838 -
1151 3799 1261 3857 ‘Paula

216 3904 402 3950 xxxr1‚2a.-
417 3883 556 3943 ‘Osann
573 3905 614 3938 aa.
1133 3901 1141 3919 ¹
