2776 4616
253 267 317 343 ill
694 291 834 335 onasus

255 429 268 462 ι
284 401 375 467 radisi
391 427 485 492 super
499 403 657 470 llumina¹.
673 407 734 470 sEt
747 429 871 471 rursum
889 401 1086 470 tabernacula
1105 401 1263 466 terberna-

255 511 333 575 culis
352 525 527 601 comparat,
543 527 574 578 et
589 514 665 580 dicit
685 539 694 580 :
714 527 772 580 «et
789 517 870 580 sicut
890 510 1088 578 tabernacula
1108 533 1176 598 quae
1198 508 1264 573 lixit

254 647 267 680 s
284 621 446 686 Dominus.
461 621 589 688 »Potest
603 639 724 714 ergoet
738 625 796 690 alia
812 637 881 714 post
897 622 962 689 illas
973 647 1049 712 qums
1059 645 1150 710 supra
1161 633 1264 708 pratu

254 727 346 794 limus
358 733 454 820 recipi
466 734 631 821 expositio,
644 748 678 798 ut
689 735 830 800 dicamus
838 734 950 798 domus
957 732 1056 798 Jacob
1065 729 1264 816 esseLegsm.

253 851 284 902 et
301 841 501 908 tabernacula
519 842 613 909 lsrael
639 844 819 931 Prophetas.
845 844 914 910 Non
932 843 1016 907 enim
1038 842 1139 931 ipsum
1153 837 1265 910 Jacob,

255 950 309 1014 sed
324 951 436 1018 domus
450 955 519 1042 ejus
534 953 641 1019 laudat
650 979 660 1026 ;
679 977 740 1019 nec
755 955 858 1043 ipsum
873 952 981 1029 lsrael,
996 952 1051 1018 sed
1066 945 1266 1015 tabernacula

253 1060 340 1148 ejus:
353 1071 385 1124 et
397 1073 475 1127 ωηο
484 1085 520 1126 ea
533 1061 651 1138 laudat,
661 1087 735 1129 cum
746 1061 873 1128 revelati
885 1059 1050 1127 suntoculi
1061 1059 1267 1148 ejus.Quam·

254 1167 307 1230 diu
319 1169 403 1234 enim
413 1169 554 1236 velamen
566 1172 703 1260 positum
714 1185 761 1238 est
773 1196 867 1262 super
878 1169 1045 1237 lectionem
1055 1169 1182 1257 Legiset
1194 1166 1269 1231 Pro

254 1277 434 1364 phetarum,
451 1303 514 1346 non
537 1281 682 1348 videntur
696 1283 779 1347 bona
793 1280 1007 1356 tabernacula,
1023 1303 1081 1346 nec
1096 1275 1268 1343 laudabiles

253 1388 365 1455 ἆοιηηε
379 1415 388 1455 :
403 1393 457 1458 ubi
471 1407 578 1459 autem
593 1393 732 1461 ablatum
748 1394 840 1460 fuerit
851 1393 1006 1468 velamen,
1019 1404 1052 1458 et
1064 1389 1194 1478 intelligi
1207 1411 1270 1455 οσο-

253 1499 334 1586 perit
348 1501 412 1566 Lex
427 1504 498 1590 quia
513 1503 680 1592 spiritualis
691 1519 738 1570 est
749 1517 780 1570 et
795 1504 972 1594 Propbctae,
984 1515 1061 1569 tunc
1071 1503 1163 1568 bone
1172 1510 1205 1565 et
1216 1501 1268 1564 ad-

254 1609 410 1675 mirabiles
426 1613 538 1677 domus
553 1615 671 1688 Jac0b;
685 1628 718 1680 et
733 1627 811 1681 ωηο
824 1613 1004 1681 admiranda
1019 1624 1111 1678 erunt
1126 1611 1269 1676 taberna·

253 1715 323 1783 cula
339 1719 448 1796 lsrael,
462 1745 536 1788 cum
552 1735 655 1788 amota
667 1722 770 1790 littera
785 1749 855 1813 quae
870 1724 997 1797 occidit,
1010 1721 1217 1788 vivificantem
1227 1743 1265 1783 ex

252 1828 295 1892 eis
317 1831 479 1918 percipere
494 1832 636 1920 spiritum
652 1835 794 1923 coeperis.
812 1835 919 1900 Potest
932 1832 1035 1899 adbuc
1051 1829 1160 1896 etalio
1175 1829 1260 1896 modo

252 1937 393 2027 intelligi,
409 1951 443 2004 ut
455 1940 560 2030 populi
572 1943 728 2010 credentis
738 1959 770 2011 et
783 1945 911 2035 perlecti
921 1945 1029 2032 hujus,
1044 1945 1098 2032 qui
1110 1941 1152 2007 ad
1168 1939 1267 2006 Chris-

252 2061 319 2114 tum
335 2053 531 2140 exgentibus
547 2069 752 2146 congregatus
768 2069 827 2133 est,
840 2079 972 2144 corpora
986 2053 1077 2121 simul
1092 2053 1214 2119 laudari
1229 2053 1270 2116 si·

255 2154 388 2221 deantur
403 2169 434 2223 et
450 2160 577 2234 animam
597 2174 629 2226 et
644 2165 743 2229 Jacob
760 2162 888 2249 quidem
903 2161 1014 2227 domus
1030 2161 1069 2228 de
1085 2161 1265 2250 corporibus

253 2263 388 2341 dicatur,
401 2267 484 2336 sicut
497 2281 530 2334 et
544 2271 576 2336 in
590 2269 696 2336 libello
714 2271 851 2359 quodam
866 2270 992 2360 legitur,
1008 2269 1079 2357 quia
1094 2269 1194 2335 Jacob
1211 2269 1270 2334 do-

252 2397 321 2440 mus
332 2376 372 2440 sit
384 2377 477 2444 lsrael
491 2403 499 2444 a
513 2378 646 2457 honest,
659 2405 773 2470 corpus
785 2383 853 2470 ejus
864 2381 964 2448 Jacob
978 2379 1111 2455 dicatur,
1123 2390 1156 2444 et
1164 2378 1270 2443 anima

251 2481 355 2551 lsrabl.
381 2485 530 2554 Similiter
550 2504 676 2578 ergoet
697 2490 909 2578 perlectorum
924 2511 1120 2579 quorumque
1137 2509 1271 2575 corpora

252 2593 421 2663 laudabiles
437 2599 550 2666 domus
565 2624 632 2668 esse
646 2601 801 2666 dicantur.
816 2602 914 2667 Jacob
927 2613 974 2666 est
984 2600 1068 2666 enim
1078 2621 1193 2686 corpus
1205 2597 1273 2661 lau-

252 2705 367 2784 dabile,
384 2731 458 2776 cum
481 2711 671 2775 continentia
693 2721 726 2775 et
741 2712 895 2786 castitate,
917 2731 1142 2797 nonnunquam
1163 2719 1273 2772 autem

126 2869 129 2887 .
251 2815 344 2882 etiam
361 2841 435 2884 cum
450 2821 601 2909 martyrio
625 2821 801 2886 decoratur.
824 2818 1037 2886 Tabernacula
1053 2841 1126 2884 vcro
1143 2817 1182 2883 ad
1201 2817 1273 2882 ani-

250 2949 317 2991 mas
339 2929 492 3015 perlectas
515 2931 622 2996 referri
639 2943 780 3020 possunt,
797 2931 911 3019 quibus
925 2944 957 2996 et
972 2954 1086 2997 nomen
1101 2956 1118 2996 a
1134 2929 1269 2996 videndo

251 3037 352 3101 Deum
366 3041 511 3107 convenit
521 3039 638 3107 Israeli.
653 3043 713 3108 Ista
727 3056 832 3107 autem
845 3040 1043 3108 tabernacula
1057 3053 1141 3115 sunt,
1154 3039 1269 3125 inquit,

258 3143 363 3209 «sicut
379 3168 506 3215 nemora
522 3151 711 3226 umbrantia,
725 3163 757 3215 et
771 3151 852 3216 sicut
867 3148 999 3239 paradisi
1016 3172 1108 3238 super
1123 3147 1270 3220 flumina,

251 3264 311 3318 »et
328 3253 408 3320 sicut
422 3257 622 3326 tabernacula
638 3285 706 3349 quae
721 3260 789 3326 furit
805 3261 899 3326 Deus.
917 3258 1007 3326 »Alia
1027 3283 1100 3350 ergo
1119 3259 1274 3324 taberna-

251 3361 321 3430 cula
337 3366 473 3432 ostendit
487 3391 555 3434 esse
574 3391 642 3457 quse
662 3369 729 3433 fixit
751 3369 916 3444 Dominus,
936 3369 1051 3455 quibus
1071 3367 1132 3431 sint
1157 3363 1277 3432 similia

253 3473 452 3541 tabernacula
470 3475 573 3542 lsrael.
593 3477 686 3544 Extra
701 3478 787 3545 bunc
801 3477 956 3545 mundum
972 3499 1023 3541 me
1038 3474 1183 3564 progredi
1196 3497 1279 3540 con-

248 3583 346 3659 venit,
364 3597 398 3650 ut
414 3586 534 3653 videam
550 3611 619 3676 quae
635 3589 696 3654 sint
713 3587 912 3655 tabernacula
932 3611 1000 3676 quae
1019 3585 1086 3651 fixit
1100 3585 1275 3651 Dominus.

249 3692 303 3758 llla
325 3696 474 3762 nimirum
491 3709 563 3762 sunt
579 3723 648 3787 quae
664 3700 801 3765 ostendit
817 3697 916 3786 Moysi
934 3720 1008 3765 cum
1028 3693 1279 3763 tabernaculum

249 3819 444 3872 construeret
459 3807 490 3873 in
506 3807 641 3886 deserto,
657 3809 763 3875 dicens
780 3810 819 3875 nd
836 3831 909 3874 eum
925 3831 933 3871 ι
952 3834 964 3868 ι
979 3805 1071 3882 Vide,
1089 3805 1215 3891 inquit,
1239 3817 1279 3868 ut

282 3929 288 3961 ¹
300 3929 373 3980 Num.
388 3951 455 3994 xxiv,
468 3937 491 3991 5,
502 3933 525 3982 6.
