2644 4612
226 274 290 353 408
672 291 813 334 onicinus

217 429 295 505 post
307 413 674 504 aliquantaomplectitur
682 413 864 477 emissiones
875 435 994 500 sponsae
1004 463 1013 487 ,
1022 414 1105 478 sicut
1115 413 1241 500 hicopus

224 525 327 590 Mariae
339 547 347 588 :
361 525 404 588 ait
418 525 524 588 enim«
536 522 726 588 Emissiones
742 533 803 584 tum
815 520 976 608 paradisus
992 545 1067 586 cum
1082 521 1185 586 sructo
1197 546 1241 609 po

225 655 383 697 smmum.
402 632 525 720 Cyprus
537 651 612 696 cum
624 629 740 695 nnrdis.
756 611 877 696 Nardus
889 641 921 692 et
933 651 1044 694 crocus
1054 628 1076 692 ¹.
1089 656 1103 689 ι
1114 628 1242 717 Amplec-

225 741 302 805 titur
313 763 387 828 ergo
399 739 469 804 etin
478 739 526 804 his
537 737 718 804 emissiones
731 761 767 802 nc
779 759 911 802 munera
923 759 1055 824 sponsae.
1071 736 1242 801 Observari

223 872 293 914 mus
313 870 386 914 sane
401 847 486 934 quod
505 847 537 911 in
555 847 688 932 hisquae
703 867 789 910 nunc
807 845 1073 918 memoravimus,
1095 841 1243 932 pluraliter

222 958 346 1044 primo,
362 956 565 1044 postmodum
577 952 775 1042 singulariter
787 953 923 1018 nardum
935 953 1040 1040 posuit
1054 976 1063 1016 ε
1077 951 1170 1039 quod
1181 963 1242 1040 puto

222 1059 397 1126 secundum
425 1057 510 1124 illam
531 1060 684 1125 rationem
705 1057 841 1133 dictum,
867 1057 938 1144 quia
963 1057 1154 1146 negociator
1171 1055 1242 1143 regni

221 1165 375 1250 coelorum
386 1165 491 1255 plures
506 1167 609 1255 primo
623 1166 804 1256 margaritas
820 1166 1016 1254 negociatur,
1031 1163 1237 1253 usquequoal

221 1297 316 1341 unam
337 1253 496 1363 perveniat
523 1275 703 1363 pretiosam.
732 1276 772 1338 Et
796 1273 876 1338 sorte
899 1274 985 1360 quod
1000 1273 1112 1337 dixit:
1139 1272 1241 1337 «Emis-

222 1384 344 1449 ssiones
360 1396 422 1448 tuae
436 1383 598 1472 paradisus
614 1405 688 1448 cum
704 1383 857 1448 fructibus
880 1405 1075 1470 pomorum,
1093 1411 1109 1444 ι
1126 1381 1190 1447 illos
1204 1382 1238 1444 in-

221 1491 304 1558 dicat
314 1492 435 1558 fructus
451 1514 524 1556 cum
540 1492 645 1556 nardis
660 1489 823 1579 plurimis,
841 1513 920 1579 quos
937 1489 1105 1555 afferimus
1120 1515 1160 1556 er
1173 1489 1233 1555 insti·

221 1600 394 1665 tutionibus
416 1611 448 1664 et
465 1600 607 1665 doctrina
622 1599 817 1688 prophetica.
836 1601 881 1664 Ex
898 1599 1049 1664 doctriua
1070 1623 1149 1664 sero
1164 1599 1230 1688 ipsius

224 1709 350 1774 Domini
371 1709 469 1773 nostri
489 1707 565 1772 «lesu
581 1707 698 1773 Christi
715 1707 896 1774 emissiones
916 1720 1037 1772 nostrae
1056 1720 1090 1771 et
1105 1730 1234 1777 munem.

220 1839 283 1882 non
298 1814 403 1903 plures
422 1816 540 1880 habent
555 1814 689 1891 nardos,
706 1815 762 1879 sed
778 1837 884 1881 unum.
907 1815 972 1880 Sed
989 1816 1227 1881 nuncredeamus

220 1923 260 1988 ad
272 1945 343 1988 eam
360 1945 429 2009 quae
445 1923 522 1988 dicit
536 1923 699 1988 :attardus
715 1945 786 1987 mea
801 1923 887 1988 dedit
905 1923 1047 1988 odorem
1060 1920 1220 1988 snum²net

219 2025 289 2090 vide
302 2026 326 2090 si
341 2023 508 2114 possumus
524 2026 629 2092 adhuc
644 2027 741 2092 etiam
755 2025 818 2091 hoc
840 2026 873 2090 in
887 2025 958 2092 loco
979 2025 1150 2116 intelligere
1159 2045 1223 2112 pre-

219 2134 317 2209 senti,
330 2134 452 2221 quodsi
468 2133 595 2220 quando
606 2131 798 2198 valuerimus
810 2134 930 2222 integre
941 2146 975 2198 et
990 2135 1144 2201 decenter
1156 2154 1231 2220 erpo·

220 2265 295 2306 nere
318 2243 357 2308 de
378 2241 493 2308 deitate
509 2241 644 2317 Christi,
668 2242 879 2329 virtutemque
900 2242 968 2330 ejus
991 2266 1031 2308 ac
1058 2245 1235 2332 majestatem

223 2349 324 2438 dignis
336 2349 558 2415 assertionibus
568 2350 769 2438 consignare,
782 2362 860 2414 tunc
873 2349 1012 2415 fortassis
1024 2352 1139 2416 merito
1149 2351 1242 2422 dioet,

218 2453 267 2534 vel
282 2451 507 2528 Ecclesia-illa,
526 2452 573 2519 vel
584 2453 688 2519 anima
699 2477 768 2541 quae
785 2453 827 2518 ita
844 2454 1010 2520 manifeste
1030 2451 1246 2544 potueritglo-

217 2561 297 2628 riam
311 2563 381 2650 ejus
395 2584 551 2649 exponere
566 2585 574 2625 :
592 2587 604 2622 r
622 2561 742 2627 Nardus
764 2584 835 2626 mea
856 2561 942 2626 dedit
958 2563 1087 2628 odorem
1106 2586 1241 2628 suumn

218 2671 283 2738 Nec
299 2670 417 2735 mirum
436 2669 533 2734 videri
549 2669 663 2744 debet,
688 2669 713 2733 si
731 2667 873 2733 Christus
894 2670 1164 2756 quemadmodum
1184 2671 1249 2737 lons

217 2791 265 2844 est
275 2777 444 2844 etllumina
456 2798 544 2864 aquae
552 2776 674 2842 vivaede
682 2799 720 2864 eo
728 2777 921 2864 procedunt,
934 2791 966 2842 et
978 2781 1246 2866 quemadmodum

218 2886 305 2974 panis
316 2898 381 2960 est,
398 2895 430 2948 et
441 2884 536 2950 vitam
549 2883 619 2959 dat,
635 2884 678 2949 ita
689 2894 721 2948 et
732 2885 849 2952 nardus
863 2897 930 2961 est,
943 2897 975 2950 et
983 2886 1118 2952 odorem
1131 2888 1243 2960 reddit,

219 3005 252 3058 et
273 2989 469 3082 unguentum
489 2999 642 3080 est,'quo
657 2993 710 3079 qui
734 2994 820 3060 uncti
843 2992 980 3070 fuerint,
1007 2995 1129 3062 Christi
1152 2997 1249 3070 fiunt,

220 3101 300 3168 sicut
313 3102 390 3168 dicit
403 3100 436 3166 in
447 3099 570 3166 Psalmo
585 3125 617 3165 :a
630 3099 734 3168 Nolite
750 3113 876 3191 tangere
892 3103 1032 3170 Christos
1048 3129 1142 3172 meos
1151 3107 1175 3170 ¹.
1189 3107 1250 3170 ‚Es

178 3251 183 3260 ·
219 3207 349 3274 sortasse
363 3209 539 3276 secundum
550 3207 627 3274 lllud
638 3211 723 3297 quod
731 3209 807 3275 dicit
816 3210 982 3298 Apostolus
992 3261 1001 3286 ,
1010 3211 1060 3278 his
1070 3242 1084 3273 ι
1096 3217 1153 3302 qui
1164 3237 1254 3282 exer·

220 3316 354 3382 »citatos
368 3315 486 3382 habeut
501 3339 610 3382 sensus
622 3317 661 3381 ad
669 3317 890 3383 discretionem
902 3319 975 3384 boni
985 3317 1033 3385 vel
1045 3321 1124 3387 mali
1133 3322 1159 3398 ⁸,
1170 3352 1185 3382 ι
1193 3324 1260 3388 sin-

219 3419 299 3510 gulis
322 3420 497 3508 quibusque
520 3419 660 3487 sensibus
681 3421 791 3487 animae
810 3421 928 3512 singrda
951 3446 1085 3514 queque
1102 3427 1261 3494 Christus

219 3529 366 3597 efficitur.
388 3526 511 3596 ldcirco
525 3529 611 3595 enim
628 3540 660 3594 et
675 3533 784 3596 verum
798 3528 906 3598 lumen
924 3531 1040 3600 dicitur
1058 3547 1095 3600 ut
1110 3534 1260 3602 habeant

218 3636 306 3706 oculi
321 3638 431 3705 animae
448 3660 511 3724 quo
525 3634 742 3704 illuminentur
759 3660 766 3699 ε
781 3638 901 3706 idcirco
920 3652 953 3705 et
968 3642 1119 3718 verbum,
1137 3655 1174 3708 ut
1191 3645 1264 3710 ha-

221 3745 316 3814 beant
330 3768 420 3812 aurcs
436 3743 523 3832 quod
535 3745 683 3811 oudiont:
699 3744 816 3814 idcirco
831 3758 863 3814 et
878 3749 965 3836 panis
980 3750 1066 3825 ritae,
1081 3762 1120 3815 ut
1130 3750 1260 3819 habeat

257 3892 266 3927 ¹
279 3889 350 3944 Cant.
360 3909 396 3956 tr,
406 3889 446 3943 13.
457 3919 484 3931 -
498 3885 556 3943 ²111.
566 3909 576 3941 r
587 3929 595 3956 ,
610 3889 869 3960 12.-⁸t³snm.cv,
885 3891 925 3946 15.
937 3925 967 3936 -
979 3899 989 3934 ⁸
999 3897 1073 3947 ltebr.
1086 3915 1113 3961 r,
1126 3905 1168 3960 15.
1289 3915 1295 4048 p

1291 4115 1295 4250 l

1293 4323 1295 4332 t
