2734 4594
208 186 265 250 152
653 205 796 249 oniensis

201 335 271 399 »sir
281 332 339 400 iiie
353 335 394 400 de
409 335 537 400 civitate
553 357 607 399 sua
621 357 638 399 a
654 331 764 397 diebus
780 331 813 398 in
828 331 913 407 dies,
929 342 963 396 ut
979 332 1127 398 adoraret
1141 343 1174 397 et
1185 332 1242 397 im·

206 440 363 508 ‚moleret
377 441 516 508 Domino
537 441 690 506 virtutum
707 438 831 506 insito.
854 439 903 504 lbi
924 451 1016 505 erunt
1037 437 1114 504 Heli
1130 450 1164 504 et
1178 439 1242 504 duo

204 547 282 614 »iiiii
299 550 386 637 ejus,
402 548 476 613 Oini
494 560 527 614 et
545 549 677 624 Finem,
693 548 870 614 sacerdotes
883 546 1021 612 Domini.
1041 547 1081 612 Et
1095 546 1180 612 sacta
1194 558 1240 611 est

202 658 290 722 »dies
305 658 337 722 in
349 681 410 744 qua
429 655 603 722 immolavit
622 653 800 730 Hoiehana‚
821 666 853 720 et
869 654 956 720 dedit
973 655 1135 721 Fenennae
1152 656 1240 718 uxori

203 785 309 838 seua,
326 775 358 826 et
374 763 521 828 omnihus
532 761 604 828 filiis
615 763 685 848 ejps
697 773 729 826 et
741 761 865 827 filiabus
876 774 982 850 partes
996 783 1005 826 ε
1019 763 1121 828 Annse
1137 773 1242 827 autem

164 925 169 934 .
203 870 313 936 »dedit
324 892 421 934 unam
435 882 568 957 partem.
587 869 751 936 Nononim
763 868 902 936 hahebat
913 868 1012 945 iiiios,
1028 870 1102 957 quia
1117 867 1245 935 conciu-

202 989 310 1042 »serat
332 976 486 1043 Dominus
507 975 633 1043 vulvam
649 978 729 1065 ejus.
750 979 858 1043 sTum
882 978 998 1044 deinde
1018 977 1116 1043 refert
1135 977 1246 1066 Scrip-

199 1095 295 1160 tura,
310 1085 384 1171 quia
406 1084 592 1150 contristata
607 1095 656 1149 est
675 1085 786 1161 Anna,
809 1085 985 1171 quodcum
1000 1085 1165 1174 acceperit
1186 1084 1246 1148 Fe-

204 1215 308 1258 nenna
320 1192 471 1280 plurimas
487 1192 648 1279 portiones
661 1213 736 1256 cum
748 1189 820 1256 iiliis
832 1241 841 1267 ,
854 1192 920 1280 ipsa
936 1215 1033 1256 unam
1044 1189 1150 1256 solam
1159 1213 1247 1256 acce·

204 1299 287 1389 perit
298 1311 419 1386 partem
430 1348 439 1374 ,
452 1309 484 1363 et
500 1299 573 1385 quia
587 1299 650 1364 hoc
664 1296 775 1364 dolore
786 1297 931 1386 percuisa
946 1297 1105 1388 tempium
1117 1298 1247 1364 Domini

206 1409 345 1496 ingressa
361 1405 524 1473 defleverit
541 1418 573 1473 ot
594 1407 729 1472 oraverit
744 1429 818 1471 eum
841 1406 983 1483 silentio,
1000 1407 1043 1472 ita
1061 1418 1181 1471 utnon
1201 1429 1250 1472 au·

206 1516 330 1580 diretur
351 1537 410 1578 vox
430 1515 521 1600 ejus:
540 1525 573 1580 et
596 1513 669 1600 quin
693 1524 807 1602 putans
829 1537 901 1578 eam
919 1512 988 1578 Heii
1009 1513 1162 1579 sacerdos
1184 1535 1251 1577 esso

206 1619 350 1694 ebriam,
365 1617 577 1705 increpaverit
594 1639 685 1692 eam,
710 1617 777 1704 ipsa
795 1639 870 1682 vero
889 1639 965 1683 oum
982 1615 1167 1683 humilitate
1185 1639 1251 1682 res-

147 1747 148 1754 *
208 1726 353 1815 pondens
376 1723 560 1790 satisfecerit
583 1722 758 1800 sacerdoti,
782 1723 919 1788 oraverit
944 1735 1050 1790 autem
1076 1723 1117 1790 ad
1139 1723 1250 1788 Domi-
1345 1769 1346 1774 η

209 1855 306 1906 num,
323 1842 360 1894 ut
374 1830 557 1917 conciperet
572 1829 692 1905 filium,
708 1832 897 1917 promittens
912 1853 946 1894 se
961 1831 1030 1894 Deo
1048 1842 1249 1898 consecratu·
1344 1825 1346 1864 ³

212 1961 280 2004 ram
292 1937 518 2024 quodcumquo
532 1936 701 2025 genuisset.
711 1937 834 2002 Etcum
845 1959 884 2001 ex
892 1937 1139 2023 repromissione
1149 1935 1243 2000 fliium

213 2044 421 2133 suscepisset,
438 2045 575 2110 refertur
588 2032 708 2132 quoda
723 2042 804 2110 lacte
826 2042 994 2134 depulsum
1010 2043 1156 2109 obtulerit
1166 2063 1238 2106 eum

212 2154 359 2220 Domino.
374 2152 444 2217 Non
456 2151 541 2217 onim
552 2163 675 2240 poterat
687 2150 802 2217 offerre
816 2151 952 2216 Domino
967 2151 1057 2240 prius
1069 2174 1140 2217 eum
1151 2171 1245 2238 qaum

216 2287 234 2328 a
251 2258 334 2325 lacte
349 2257 530 2346 depelleret.
548 2258 652 2324 Offert
662 2281 738 2346 ergo
749 2259 863 2323 eumin
876 2258 1019 2324 oratione
1034 2259 1172 2345 quadam
1181 2281 1252 2346 pro·

214 2368 347 2458 photicis
360 2366 506 2432 distincta
521 2366 692 2451 mysteriis.
711 2365 970 2432 Abbreriavimus
982 2379 1140 2455 qusmum
1151 2365 1255 2455 potui-
1345 2347 1346 2358 ¹

215 2501 286 2542 mus
302 2474 529 2540 continentiam
545 2472 701 2540 iectionis.

260 2583 317 2650 111.
335 2580 505 2648 Videamus
519 2582 688 2668 nuncquid
697 2583 793 2648 otiam
805 2605 863 2670 per
872 2581 941 2648 heo
954 2584 1259 2671 quseproposuimus

217 2691 384 2757 indicetur.
403 2689 556 2754 Fortassis
568 2690 654 2754 enim
670 2689 754 2755 dicet
768 2691 860 2782 nobis
878 2689 990 2778 aliquis
1005 2689 1046 2755 ad
1061 2691 1259 2756 audientiam

217 2798 294 2887 legis
309 2810 424 2863 nostrae
439 2821 541 2885 nuper
555 2797 730 2864 accedens:
749 2797 927 2864 Christiana
942 2796 1050 2886 religio
1067 2799 1258 2886 pudicitiam

219 2904 399 2994 profitetur,
415 2904 592 2979 intantum,
610 2915 664 2979 ut,
685 2904 710 2969 si
725 2903 792 2968 fieri
814 2915 936 2991 potest,
954 2927 1014 2970 nec
1028 2904 1261 2993 contingamus

222 3012 351 3077 omnino
367 3009 543 3076 mulierem.
562 3012 615 3077 Sic
629 3011 713 3074 enim
733 3011 808 3075 dicit
827 3009 996 3098 Apostolus
1011 3033 1020 3075 s
1038 3013 1197 3078 «Bonum
1217 3023 1261 3076 est

225 3119 365 3184 »homini
382 3130 594 3207 nontungere
606 3116 773 3182 mulierem
786 3117 808 3181 ¹.
832 3118 922 3183 siste
939 3130 1045 3184 autem
1061 3119 1165 3206 justus
1189 3131 1262 3184 tuus

225 3223 386 3291 Heichana
404 3228 457 3314 qui
475 3227 565 3292 nobis
586 3250 603 3291 a
619 3224 781 3314 Scriptura
797 3226 988 3314 proponitur
1002 3225 1041 3290 ad
1057 3225 1263 3314 exemplum,

226 3325 307 3398 duus'
317 3332 410 3400 simul
427 3356 538 3400 uxores
554 3333 700 3398 habuisse
715 3333 923 3398 describiturt
940 3355 978 3396 ex
993 3332 1108 3419 quibus
1125 3331 1181 3399 iiia
1193 3358 1265 3422 quc

224 3440 312 3532 prior
321 3442 515 3516 nominatur,
530 3462 594 3505 non
609 3439 706 3506 habet
722 3439 842 3515 filium,
856 3438 888 3504 id
902 3451 968 3516 est,
985 3439 1092 3514 Anum
1108 3441 1266 3506 Fenenua
1345 3451 1346 3536 1

227 3560 381 3616 autemst
399 3547 517 3613 multos
533 3548 651 3613 habere
669 3547 752 3613 filios
773 3547 889 3614 dicitur
907 3558 940 3612 et
962 3545 1076 3613 multas
1095 3551 1267 3638 accepisse
1343 3543 1346 3626 1

219 3643 397 3746 portiones.
413 3651 468 3720 illa
484 3666 588 3720 autem
603 3655 691 3744 prior
705 3677 801 3722 [mom
813 3653 911 3722 solum
922 3703 932 3731 ,
945 3655 1018 3744 quia
1033 3657 1098 3744 ipsa
1110 3653 1181 3724 sola
1192 3671 1267 3732 ost.
1345 3671 1346 3676 ’

266 3797 436 3854 'scor-vu,
453 3815 475 3848 r.
