2692 4610
358 303 391 346 ιιι
414 301 585 346 narraretur
607 301 736 347 ιιοιιιιιι
763 303 824 346 ιιι.
1035 281 1095 365 ¹57

57 443 129 486 vero
146 418 332 509 AEgyptius.
347 417 462 507 Siquis
481 440 557 508 ergo
576 430 608 484 et
622 418 698 486 tidei
712 417 902 484 credubtate
915 429 948 484 et
962 417 1098 484 nominis

56 527 256 616 professione
265 526 464 594 Christianus
472 526 762 604 estetGatholicns‚
772 529 831 594 iste
841 551 881 593 ex
888 540 1022 615 utraque
1029 549 1100 616 par·

58 649 88 702 te
99 636 245 704 Israelita
258 648 318 702 est.
329 636 395 715 Qui
401 660 477 702 vero
484 637 678 725 professione
688 637 818 725 quidem
827 637 1025 704 Christianus
1036 648 1099 712 est,

60 746 229 814 intellectu
244 759 350 814 autam
367 746 441 813 lidei
460 747 627 813 hereticus
642 759 675 812 et
690 770 856 836 perversus
870 760 931 823 est,
950 747 1009 812 iste
1028 769 1099 812 ma-

61 867 149 921 trem
161 857 287 943 quidem
299 855 521 948 lsmiilitidem,
533 869 655 943 patrem
667 881 742 922 vero
750 856 934 946 AEgyptium
946 855 1098 922 habeb...

63 965 157 1046 Quid
167 987 242 1053 ergo
255 977 302 1030 est
318 966 460 1052 utrisque
475 963 693 1053 litigantibus?
705 965 888 1032 Necessario
901 965 955 1031 ille
966 965 1020 1054 qui
1032 989 1101 1032 car·

62 1073 170 1140 nalem
181 1075 325 1162 sequitur
335 1096 477 1148 sensum,
491 1085 642 1160 tanquam
657 1073 698 1138 de
709 1072 858 1161 AEgyptio
870 1097 969 1162 genus
982 1075 1102 1141 ducens

60 1205 179 1250 nomen
202 1183 361 1257 nominat,
379 1194 413 1246 et
428 1181 598 1248 maledicit.
617 1183 768 1249 Nominat
784 1182 870 1248 enim
890 1163 1006 1250 nomen
1028 1185 1100 1260 Dei,

55 1304 179 1358 etcum
191 1290 365 1357 maledicio
376 1293 520 1358 nominat
533 1315 542 1356 :
556 1303 651 1379 negat
662 1293 747 1358 enim
760 1315 835 1356 eum
847 1304 1023 1358 creatorem
1033 1278 1105 1360 esse

57 1403 184 1474 mundi,
200 1411 297 1489 negat
310 1423 378 1466 esse
395 1415 517 1489 patrem
535 1401 663 1468 Christi.
678 1401 741 1467 Nos
757 1425 832 1468 vero
847 1403 901 1489 qui
913 1427 952 1468 cx
969 1416 1103 1493 utroque

61 1533 180 1600 genere
191 1509 343 1577 Israelitis
354 1533 475 1586 sumus,
486 1524 520 1576 et
532 1510 672 1576 litteram
683 1523 716 1576 et
726 1512 874 1600 spiritum
888 1513 919 1577 in
931 1511 1103 1602 Scripturis

61 1622 185 1685 sanctis
204 1618 417 1693 defendimus,
433 1630 465 1684 et
481 1619 640 1707 litigamus
654 1618 823 1684 adversum
839 1641 893 1685 eos
910 1619 964 1706 qui
980 1629 1021 1685 e'x
1034 1613 1104 1687 me·

62 1729 115 1796 dia
131 1739 222 1816 parte
235 1726 387 1794 lsrae'litae
401 1728 560 1804 videntur,
574 1739 607 1793 et
622 1728 757 1794 dicimus
779 1729 852 1816 quia
868 1752 973 1818 nequo
992 1749 1106 1796 secun·-

60 1838 142 1904 dam
161 1837 302 1903 litteram
325 1837 471 1904 maledici
488 1847 627 1926 oportet,
643 1861 747 1924 neque
763 1838 939 1904 secundnm
955 1839 1105 1927 spiritua-

58 1947 126 2014 lem
142 1946 387 2036 intelligentiam
398 1945 620 2034 blasphemari.
639 1943 812 2014 Maledictis
823 1948 908 2014 enim
924 1971 989 2014 non
1001 1947 1104 2015 solum

58 2059 95 2123 in
106 2057 230 2132 Deum,
240 2057 297 2122 sed
307 2057 404 2122 etiam
416 2058 448 2122 in
459 2058 653 2144 proximum,
666 2056 807 2144 Apostoli
821 2057 908 2124 Pauli
920 2059 1073 2124 sententia
1087 2083 1105 2124 a

59 2187 169 2252 regno
182 2163 243 2228 Dei
258 2160 445 2227 excluditur.
457 2160 538 2227 Vide
549 2162 635 2227 enim
647 2163 807 2248 quomodo
823 2162 900 2228 dicit
911 2162 1081 2251 Apostolus
1094 2187 1103 2228 ε

73 2299 89 2331 ι
107 2269 220 2336 Nolite
241 2293 340 2336 errare
360 2294 369 2335 ι
397 2292 501 2357 neque
523 2270 696 2347 fornicarii,
712 2293 817 2359 neque
833 2269 982 2348 adulteri,
999 2295 1120 2360 nequo,

63 2410 80 2443 ι
95 2377 232 2454 molles,
243 2401 340 2466 neque
349 2375 567 2444 masculorum
579 2378 816 2451 concubitores,
830 2403 934 2467 neque
945 2379 1044 2456 lares,
1054 2405 1108 2447 ne-

59 2522 76 2553 »
94 2489 280 2579 quassari,
301 2513 403 2577 neque
425 2488 573 2555 maledici
594 2512 729 2578 regnum
746 2489 804 2554 Dei
828 2489 1037 2577 possidebunt
1049 2489 1070 2555 ¹.
1086 2517 1099 2551 ι

58 2601 185 2668 Videte
201 2600 368 2686 interque
386 2599 535 2692 crimina.
555 2597 639 2664 inter
656 2598 830 2675 adulteros,
850 2601 934 2665 inter
948 2599 1110 2666 masculo-

58 2736 141 2778 rum
154 2711 393 2784 concubitores,
410 2710 493 2774 inter
511 2731 637 2784 avaros,
649 2733 729 2796 quos
747 2708 822 2775 alibi
841 2710 918 2774 dicit
933 2708 1111 2776 idolis'ser-

59 2825 206 2895 vientes,
219 2821 316 2886 etiam
330 2819 500 2886 maledicos
512 2819 631 2908 posuit,
645 2831 705 2884 eta
719 2843 817 2908 regno
830 2819 888 2885 Dei
900 2821 1018 2907 pariter
1032 2843 1107 2890 cum

53 2931 128 2999 illis
144 2930 291 2998 exclusit.
311 2929 448 2996 Videant
465 2951 542 3016 ergo
558 2928 583 2991 si
599 2928 653 3015 qui
669 2949 813 2992 ossuum
829 2921 1011 3014 quotidiana
1026 2951 1108 3016 pene

52 3041 305 3111 consuetudine
318 3039 381 3106 hoc
396 3039 472 3104 vitio
488 3037 686 3111 insuescunt,
703 3037 781 3124 'quid
795 3036 840 3101 cis
854 3031 986 3124 periculi
1002 3037 1109 3103 immi-

53 3164 153 3218 neat.
171 3150 328 3216 Putantes
342 3149 428 3213 enim
446 3146 514 3211 leve
531 3157 565 3210 et
584 3143 675 3211 facile
690 3147 751 3212 boc
767 3167 836 3210 csse
857 3157 1024 3233 peccatum
1043 3171 1109 3214 non

51 3259 162 3329 facite
180 3269 311 3333 carent,
333 3257 389 3322 sed
408 3254 611 3322 considerent
630 3253 818 3343 Apostolum
834 3257 993 3343 quomodo
1007 3256 1108 3324 male·-

58 3372 181 3436 dicum
195 3392 214 3434 a
229 3389 328 3456 regno
344 3365 402 3430 Dei
421 3362 574 3438 excludit,
588 3374 620 3428 et
631 3363 717 3428 Deus
729 3383 786 3449 per
800 3361 930 3448 Moysen
946 3365 1108 3448 quomodo

57 3479 265 3549 matous-,um
277 3476 383 3566 puniri
398 3475 500 3562 jubet.
515 3474 606 3538 Unde
617 3485 650 3539 et
665 3495 724 3561 ego
736 3470 826 3536 valde
837 3472 1011 3537 admiratus
1022 3497 1106 3550 sum,

55 3589 162 3679 qnod
173 3589 203 3654 in
215 3585 362 3654 hocloco
373 3605 470 3672 quem
483 3582 638 3647 babemus
648 3582 681 3646 in
694 3581 853 3656 manibus,
865 3579 1030 3668 Scriptura
1043 3605 1107 3648 non

49 3711 181 3791 aperto
205 3695 395 3786 designavit,
413 3692 487 3781 quia
510 3692 568 3756 iste
589 3689 644 3777 qui
666 3713 706 3754 ex
724 3687 872 3776 AEgyptio
896 3709 996 3775 genus
1020 3688 1108 3755 ducit

43 3807 271 3882 maledixerit
282 3806 401 3879 Deum,
414 3801 471 3868 sed
485 3811 609 3866 tantum
625 3797 816 3888 posuitquia
832 3795 998 3862 nominans
1013 3793 1107 3860 male·

95 3939 107 3970 ¹
123 3953 132 3982 ι
149 3936 211 3982 Cor.
226 3949 295 3996 sup,
313 3948 351 3980 ιιι.
785 3977 787 3980 .
956 3974 960 3982 ,

207 4041 248 4082 ιιι.
927 4030 961 4090 ¹7
