2734 4594
229 249 288 314 158
664 265 806 310 carcanus

223 395 285 460 hoc
303 389 430 458 iecere?
444 390 508 456 Sed
524 401 610 464 esto,
628 387 843 476 impetraveris
859 387 1000 475 primum
1016 388 1141 477 signum
1152 438 1161 462 ‚
1174 391 1238 475 quid

223 512 258 564 ut
277 499 452 566 secundnm
471 497 566 563 etiam
584 497 708 584 signum
727 506 906 584 permutato
925 519 963 562 ac
979 517 1128 585 perverso
1143 495 1239 561 ordine
1308 499 1313 508 '

221 607 392 698 posceres?
405 605 558 673 Fortassis
575 604 661 670 enim
677 605 753 669 dicit
776 603 887 693 aliquis
905 627 945 669 ex
960 605 1016 680 iis,
1034 606 1090 692 qui
1104 606 1238 670 attentius

222 715 355 780 audiunt
370 737 439 802 quae
453 710 613 801 leguntur,
625 711 698 798 quia
713 733 778 775 non
789 709 937 776 videntur
952 712 1123 778 convenire
1136 712 1198 777 hec
1207 713 1241 776 ad
1356 723 1357 736 ¹

222 821 306 886 istud
326 821 413 910 quod
435 819 587 907 scriptum
603 830 651 882 est
669 840 677 882 ε
695 845 708 878 ι
724 818 795 884 Non
810 819 947 884 tentabis
961 819 1137 886 Dominum
1151 819 1241 884 Deum

223 925 367 1006 »tuum¹,
381 923 487 1013 equod
502 922 551 988 lex
567 923 725 1011 praecepit.
741 921 804 987 Sed
820 923 920 988 exitus
932 925 979 988 rei
994 923 1088 990 docet
1103 946 1171 988 non
1185 945 1242 988 asse

222 1044 332 1101 contra
352 1032 537 1099 mandatum
554 1031 683 1096 factum.
699 1029 808 1118 Neque
823 1030 908 1096 enim
923 1030 1086 1096 exaudiret
1096 1031 1182 1094 Deus
1195 1053 1244 1118 pe-

221 1141 364 1206 titionem
385 1149 495 1204 contra
516 1136 618 1226 legem
636 1137 754 1223 aliquid
775 1137 1010 1226 deposcentem.
1031 1137 1126 1204 Nunc
1150 1148 1244 1202 autem

222 1265 295 1310 cum
310 1242 469 1310 videamus
485 1241 558 1329 quia
572 1253 605 1307 et
616 1242 765 1330 inprime
779 1241 869 1329 siguo
884 1263 935 1306 ros
952 1240 1066 1307 cecidit
1080 1261 1177 1328 super
1189 1240 1248 1307 rel·

220 1351 267 1417 lus
286 1349 382 1426 lause,
398 1350 533 1415 inomni
549 1361 655 1415 autem
671 1361 754 1414 terra
772 1349 853 1416 facta
874 1361 921 1414 est
940 1348 1085 1424 siccitas,
1101 1360 1136 1413 et
1154 1349 1185 1416 iu
1204 1372 1248 1414 se-

221 1458 328 1525 cundo
341 1475 436 1545 super
453 1478 580 1522 omnem
596 1467 713 1521 terram
724 1455 839 1520 cecidit
853 1477 905 1519 ros
917 1456 1060 1521 :siccitas
1076 1467 1184 1520 autem
1198 1457 1250 1521 suit

219 1565 252 1630 in
265 1562 396 1639 vellere,
409 1563 441 1627 in
456 1582 521 1649 quo
536 1574 568 1626 et
582 1561 731 1627 fiduciam
744 1561 857 1648 accipit
870 1561 1001 1627 Gedeon
1014 1563 1088 1649 quia
1101 1563 1249 1628 Dominus

218 1673 251 1738 in
264 1693 361 1738 manu
376 1670 445 1758 ejus
461 1667 580 1734 salvum
596 1668 714 1735 iaceret
728 1665 823 1734 Israel
834 1718 844 1743 ,
857 1668 991 1734 videnda
1008 1681 1057 1733 est
1072 1668 1170 1758 hujus
1184 1693 1249 1758 my·

218 1777 303 1844 aterii
315 1775 416 1851 ratio,
430 1775 469 1840 de
481 1798 542 1863 qua
558 1775 688 1840 memini
703 1775 799 1840 etiam
811 1775 981 1863 quemdam
996 1797 1035 1842 ex
1046 1776 1249 1864 praedecesso

219 1882 306 1949 ribus
321 1881 436 1946 nostris
452 1881 484 1945 in
499 1879 612 1948 libellis
626 1882 689 1946 suis
705 1880 803 1947 velius
814 1879 894 1947 lauae
908 1880 1064 1971 populum
1079 1883 1195 1949 dixisse
1211 1885 1248 1950 is

219 1985 304 2085 rael,
321 1986 474 2076 reliquam
491 2001 597 2054 autem
617 2001 734 2054 terram
756 1987 892 2077 reliquas
909 2001 1017 2078 gentes
1035 1992 1178 2078 posuisse
1196 2004 1246 2056 :et

219 2117 325 2160 rorem
342 2095 395 2183 qui
411 2096 526 2163 cecidit
542 2119 636 2185 super
650 2094 767 2172 vellus,
782 2099 916 2162 verbum
930 2097 987 2163 Dei
1002 2119 1091 2174 esse,
1108 2099 1187 2186 quad
1198 2096 1240 2161 iiii

221 2200 278 2269 soii
294 2201 412 2292 populo
431 2201 553 2269 celitus
567 2202 676 2268 fuisset
689 2201 859 2268 indultum.
878 2205 980 2293 Supra
996 2203 1104 2269 solum
1119 2227 1245 2292 namque

219 2308 315 2376 lsrael
330 2333 381 2376 ros
400 2309 511 2376 divine
529 2311 620 2399 Legis
634 2310 812 2377 advenerat.
832 2311 1016 2377 siccitatem
1031 2323 1140 2378 autem
1154 2312 1251 2378 habe-

219 2418 297 2482 baut
309 2439 418 2483 omues
437 2428 546 2505 gentes
564 2441 573 2482 ι
590 2418 663 2506 quia
679 2415 784 2482 nullus
799 2419 844 2483 eis
857 2418 976 2483 humor
992 2419 1090 2484 divini
1106 2419 1254 2485 infunde-

218 2524 314 2592 batur
332 2522 458 2612 eloquii.
476 2524 615 2590 Secundi
633 2547 708 2589 vero
723 2524 804 2589 ratio
822 2524 901 2613 signi
919 2526 953 2590 in
968 2527 1166 2592 contrariam
1182 2549 1256 2614 pce

221 2642 378 2706 mutatur,
399 2631 432 2694 iu
450 2653 514 2717 quo
527 2631 572 2696 ait
593 2654 601 2694 :
618 2657 631 2690 ι
650 2630 691 2695 Ut
705 2653 800 2719 supra
823 2654 952 2696 omnem
971 2643 1088 2697 terram
1109 2656 1163 2697 ros
1191 2633 1259 2698 des-

221 2737 378 2812 aceudat‚
394 2759 488 2824 supra
503 2735 601 2802 sellus
618 2749 724 2802 autem
744 2749 872 2804 maneat
886 2737 1051 2815 siccitas⁸,
1069 2766 1082 2799 ι
1097 2741 1193 2828 cujum
1211 2742 1262 2805 rei

221 2842 290 2910 talis
310 2843 455 2930 quedam
475 2843 555 2908 ratio
573 2843 829 2931 deprehenditur.
846 2843 928 2910 Vide
944 2867 1073 2910 omnem
1089 2845 1182 2912 hunc
1203 2873 1264 2936 po-

219 2947 330 3040 pulum
359 2950 413 3038 qui
434 2973 491 3038 per
515 2973 644 3015 omnem
664 2961 782 3016 terram
811 2973 852 3016 cx
869 2951 1018 3039 gentibus
1040 2967 1263 3042 congregatus

219 3069 285 3134 est,
300 3058 470 3124 habentem
485 3080 570 3124 nunc
585 3058 618 3124 in
634 3081 668 3122 se
682 3081 788 3124 rorem
803 3059 956 3126 divinum.
971 3059 1051 3126 Vide
1065 3085 1140 3126 eum
1152 3061 1265 3150 Moysi

219 3163 442 3240 nominandi,
454 3163 684 3253 Prophetarum
698 3162 809 3229 litteris
820 3165 959 3230 irrorari.
973 3165 1055 3231 Vide
1069 3189 1147 3231 eum
1157 3169 1268 3233 etiam

219 3270 252 3335 iu
273 3269 453 3359 evangelico
473 3281 506 3334 et
527 3269 700 3359 apostolico
717 3271 852 3336 humore
873 3273 1078 3346 ririshntema
1096 3272 1182 3339 iliud
1202 3299 1268 3340 au-

221 3389 285 3442 tem
296 3375 409 3453 telius,
422 3377 455 3442 id
468 3389 533 3453 est,
544 3378 708 3466 judaicum
721 3377 891 3466 populum,
907 3381 1269 3447 siceitatemetaridita-

221 3497 317 3550 tatem
332 3487 419 3550 serbi
433 3485 491 3552 Dei
506 3487 695 3574 patientem,
718 3487 895 3552 secundum
909 3489 997 3575 quod
1014 3491 1174 3578 scriptum
1188 3501 1246 3555 est
1258 3539 1271 3564 ,
1356 3539 1357 3576 p

220 3591 314 3679 qsriaa
329 3603 423 3656 erunt
439 3590 494 3656 iiiii
510 3591 603 3658 israel
621 3593 724 3658 multo
739 3605 883 3682 tempore
900 3596 967 3660 sinc
982 3619 1074 3684 rege,
1090 3600 1161 3662 sine
1179 3599 1272 3662 Pro-

221 3697 430 3788 ·pheta.non
441 3699 501 3764 crit
514 3699 984 3791 aitare,nequehoatia,neque
996 3704 1234 3770 sacaifidum'.
1249 3733 1264 3764 ι

256 3837 264 3870 ¹
277 3843 349 3889 lker.
362 3861 400 3904 ιι,
414 3845 452 3893 ad.
467 3872 497 3881 —
509 3843 588 3892 ²Jud.
598 3861 635 3898 ιι,
648 3843 734 3908 39.—
746 3843 825 3893 ‘Osca
839 3865 883 3908 ru,
897 3859 921 3904 s.
