2762 4610
428 314 463 365 ur
487 313 623 358 caussru
645 314 784 360 usurus
807 317 842 360 u.
1125 299 1161 362 15

109 459 181 503 rum
196 433 296 501 relert
311 432 355 498 ad
372 455 485 498 unum.
503 433 575 499 Scit
591 433 678 498 enim
693 434 766 520 quia
783 462 797 494 ι
812 456 923 499 omnes
943 435 1074 522 quidem
1089 457 1161 500 cur-

111 558 227 620 arunt,
244 543 300 610 sed
323 567 411 608 unus
435 541 555 630 accipit
574 541 770 633 palmam⁴,»
785 541 906 610 scilicet
921 545 974 632 qui
993 545 1162 633 cogitatio·

113 677 197 720 num
211 653 360 718 varieme
383 663 418 714 et
442 649 649 718 instabilitate
669 652 784 718 mentis
802 674 868 718 non
885 651 980 716 fuerit
996 649 1159 741 mutiplex.

120 765 187 831 Sed
200 764 280 830 hanc
292 760 526 829 bibliothecam
549 785 613 827 non
629 785 668 826 ex
682 762 857 850 agrestibus
876 772 909 826 et
925 763 1088 852 impolitis,
1107 764 1162 828 sed

97 867 101 872 ’
127 899 165 940 ex
184 872 336 962 quadratis
358 883 392 937 et
412 872 590 938 secundum
615 872 768 960 equitatis
791 873 907 938 lineam
932 872 1059 940 directis
1082 895 1162 939 eon—

127 984 212 1050 strnit
224 980 319 1071 lignis
333 1005 341 1046 ε
358 982 465 1056 idest,
478 1003 545 1046 non
558 980 756 1048 saecularium
769 993 953 1057 auctorum,
966 983 1020 1048 sed
1035 1007 1074 1048 ex
1088 983 1163 1049 Pro-

119 1093 253 1183 pbeticis
269 1105 370 1180 atque
386 1088 581 1178 Apostolieis
597 1089 825 1156 voluminibus.
840 1090 903 1179 lpsi
919 1091 1005 1158 enim
1020 1103 1094 1158 sunt
1109 1094 1163 1180 qui

118 1203 248 1268 diversis
270 1199 506 1266 tentatiom'bus
530 1198 660 1274 edolab,
683 1201 832 1266 resecatis
854 1201 1004 1268 omnibus
1026 1204 1108 1268 vitiis
1130 1215 1163 1268 et
1218 1285 1222 1294 Ι

118 1312 244 1388 excisis,
257 1309 451 1400 quadratam
467 1308 636 1376 continent
646 1309 756 1384 vitam,
770 1321 802 1372 et
816 1332 855 1374 ex
870 1311 956 1378 omni
972 1322 1061 1400 parte
1072 1311 1165 1378 libra·
1267 1397 1272 1406 .

120 1437 195 1488 tam.
216 1421 298 1489 Nam
320 1432 470 1486 auctores
486 1417 687 1484 secularium
706 1417 864 1485 libro'rum
883 1435 1017 1508 possunt
1035 1423 1162 1509 quidem

127 1533 189 1598 (lici
202 1530 284 1620 ligm
303 1529 432 1598 excelse
449 1541 483 1596 et
500 1528 583 1618 ligne
601 1530 770 1602 umbrosa;
790 1531 851 1596 sub
868 1533 954 1598 omni
970 1533 1055 1598 enim
1078 1531 1164 1624 ligno

128 1639 245 1708 excelso
255 1653 290 1708 et
300 1661 474 1706 nemoroso
486 1651 655 1704 accusatur
670 1637 844 1705 fornicatus
856 1663 924 1706 esse
937 1641 1051 1708 lsrael²
1065 1665 1073 1706 :
1089 1645 1163 1732 quie

121 1750 164 1818 illi
175 1747 682 1840 loquanturquidemexoelsa,et
691 1747 804 1816 llorida
818 1761 951 1818 utuntur
961 1750 1160 1840 eloquentia;

121 1886 185 1930 non
197 1877 308 1929 tamen
322 1861 367 1926 ita
377 1871 513 1949 egerunt
534 1870 569 1926 ut
587 1858 685 1926 locuti
698 1871 793 1926 sunt:
809 1873 842 1926 et
861 1861 932 1927 ideo
950 1885 1015 1928 non
1032 1876 1164 1952 possunt

123 1967 207 2057 ligna
226 1967 386 2056 quadrata
404 1967 576 2050 nominari.
596 1968 683 2056 quod
702 1968 735 2035 in
757 1969 802 2034 eis
824 1993 1025 2058 nequaquem
1049 1973 1112 2040 vita
1132 1986 1165 2040 at

126 2101 230 2145 sermo
251 2076 412 2146 collibret.
434 2077 485 2143 Tu
507 2101 583 2168 ergo
601 2078 628 2144 si
649 2078 726 2144 lacis
748 2102 869 2156 arcam,
889 2081 915 2145 si
935 2077 1165 2150 bibliothecam

108 2187 313 2277 'congregae
332 2210 374 2254 ex
391 2188 591 2254 sermonibus
614 2186 812 2276 Propheticis
832 2199 865 2254 et
889 2188 1090 2278 Apostolicis‚
1114 2191 1164 2257 vel

137 2318 250 2362 eorum
270 2296 322 2384 qui
340 2319 392 2362 eos
414 2297 511 2364 rectis
539 2296 614 2362 fidei
639 2295 729 2362 lineis
756 2299 856 2363 secuti
884 2311 968 2374 sunt,
991 2323 1162 2392 congrega.

132 2405 356 2474 bicameratum
368 2419 402 2474 et
424 2407 660 2474 tricameratam
676 2407 772 2474 facito
792 2429 864 2474 eam
882 2432 890 2474 ι
907 2432 947 2474 ex
965 2410 1032 2499 ipsa
1052 2435 1163 2478 narra-

129 2515 230 2582 tiones
248 2515 418 2582 bistoricas
438 2515 538 2590 disce,
554 2537 594 2580 ex
613 2514 679 2604 ipsa
698 2514 886 2602 mysterium
909 2539 1060 2606 magnum
1078 2520 1165 2608 quod

127 2623 161 2690 in
179 2623 309 2690 Christo
323 2624 406 2688 etin
418 2621 562 2690 Ecclesia
580 2619 743 2711 impletur,
759 2645 907 2711 agnosce.
925 2623 974 2688 Er
988 2623 1054 2714 ipse
1069 2628 1165 2693 etism

126 2734 301 2802 emendem
322 2755 441 2824 morse
463 2733 713 2810 resecaremus,
739 2755 874 2822 purgare
895 2732 1047 2810 animem,
1073 2746 1167 2826 atque

125 2867 244 2912 exuere
261 2865 338 2910 eam
353 2843 439 2920 omni
456 2841 582 2910 vinculo
594 2843 783 2932 captivitatis
795 2839 948 2932 intellige,
961 2844 1052 2910 nidos
1069 2845 1101 2910 in
1115 2869 1166 2924 ea,

125 2967 159 3019 et
189 2952 292 3018 nidos
313 2951 507 3018 diversarum
529 2951 685 3017 virtutum
705 2963 737 3016 et
765 2950 967 3040 profectuum
993 2951 1164 3024 collocans.

124 3063 268 3131 Deintus
286 3083 362 3128 sene
376 3071 409 3126 et
424 3059 541 3130 doloris
557 3061 764 3128 bituminabis
779 3083 864 3136 eam.
880 3061 978 3130 corde
994 3062 1091 3132 fidem
1112 3089 1169 3156 ge-

126 3199 216 3250 rens.
239 3196 298 3240 ore
320 3171 554 3241 confessionem
578 3172 741 3263 proferens
760 3197 767 3238 :
788 3173 872 3240 intua
893 3175 1070 3272 scientiam3
1093 3177 1169 3244 soris

128 3307 225 3377 opera
245 3283 371 3352 babens
387 3282 497 3350 tintus
517 3283 615 3351 corde
636 3283 787 3360 mundus,
809 3283 885 3352 soris
908 3298 1013 3352 castus
1036 3308 1168 3378 corpore

133 3397 284 3464 incedens
285 3441 353 3462 .....

174 3526 183 3558 ¹
195 3528 266 3578 llior.
281 3543 318 3587 ιι,
331 3525 369 3584 ²4·
380 3550 411 3560 -
422 3519 458 3580 ²4
469 3521 530 3587 Βεε-
543 3537 604 3572 xru.
