2682 4594
367 243 399 286 lut
423 239 564 284 usuum!
587 239 678 283 XXXVI
702 242 775 286 uou.
803 245 836 286 11.
1056 245 1118 310 209

107 373 216 447 bemus,
230 369 303 458 quia
317 389 454 456 praesens
470 363 621 433 seculum
635 388 747 432 eorum
763 380 827 444 est,
845 368 898 456 qui
915 367 1028 436 suturae
1040 371 1119 439 bea-

107 479 226 546 titudinis
239 500 303 542 nou
318 475 439 542 habent
455 495 554 564 spem.
572 473 612 539 Et
630 474 703 539 ideo
720 477 877 564 patienter
890 477 1029 544 ieramus
1048 479 1118 546 illos

106 588 147 654 his
161 585 342 652 successibus
357 582 514 672 prosperis
532 604 643 670 agore,
659 581 822 672 percipere
838 585 923 650 bona
938 609 995 651 sua
1010 589 1042 653 iu
1057 589 1120 656 vita

107 715 171 770 sua,
186 694 278 758 donec
295 691 399 758 veniat
417 702 450 756 ot
467 701 631 764 nostrum,
647 689 688 754 ud
704 691 789 778 quod
809 691 930 759 invitati
947 719 1073 772 sumus,
1090 711 1123 762 et

107 802 186 890 cujus
198 800 282 865 nobis
297 795 487 886 repromissa
503 805 576 862 suut
590 797 692 872 bona,
709 797 751 863 ad
766 800 853 888 quod
867 801 1071 890 respicimus,
1088 805 1121 870 in

107 908 181 998 quod
193 923 368 996 speramus,
386 905 479 993 cujus
499 905 581 971 bona
598 928 663 969 non
683 905 766 971 sicut
787 907 820 973 iu
837 907 900 974 hoc
918 909 1033 979 saeculo
1051 924 1124 978 tan-

105 1037 187 1106 quam
201 1015 309 1081 umbra
324 1023 534 1104 praetereunt,
551 1012 606 1077 sed
619 1025 808 1111 permanent
833 1016 865 1081 in
879 1027 1045 1084 aeternum.
1061 1020 1124 1087 Im-

103 1121 233 1214 possibile
251 1133 358 1188 autem
374 1131 440 1197 cst,
457 1131 490 1185 et
507 1120 540 1185 in
559 1123 705 1210 presenti
722 1121 837 1188 saeculo
852 1125 936 1190 buna
953 1127 1123 1214 consequi,

105 1233 177 1298 etin
190 1231 302 1296 futuro.
320 1229 456 1296 Necesse
468 1239 516 1293 est
531 1227 616 1293 euim
633 1227 696 1294 dici
714 1231 786 1305 uui,
800 1232 873 1319 quia
890 1244 1079 1301 consecutus
1093 1259 1128 1300 es

105 1352 137 1404 tu
157 1341 231 1404 bona
252 1338 286 1402 in
301 1331 368 1402 uita
386 1344 441 1400 tua
459 1359 468 1399 ε
486 1346 518 1400 et
535 1329 606 1410 alii,
624 1333 697 1422 quia
716 1349 905 1404 consecutus
920 1362 954 1404 es
970 1340 1053 1406 mala
1071 1366 1079 1406 :
1096 1351 1130 1408 et
1237 1379 1247 1390 ·

106 1443 178 1514 ulter
196 1463 250 1534 pro
266 1439 355 1510 mulis
372 1443 477 1518 bona,
492 1450 525 1507 et
545 1439 622 1506 alter
636 1465 696 1529 pro
713 1443 804 1509 bonis
820 1441 902 1512 mula
917 1447 1066 1537 recipiat,
1083 1451 1128 1516 si-

105 1566 157 1622 cut
172 1549 310 1641 exemplo
327 1562 399 1616 sunt
415 1543 468 1616 ille
488 1545 574 1614 diues
589 1562 622 1614 et
633 1549 798 1616 Lazurus¹.
818 1549 894 1619 Ideo
909 1576 1004 1645 ergo:
1022 1585 1036 1618 c
1058 1556 1131 1625 Noli

106 1655 255 1724 saemulari
270 1656 302 1720 iu
320 1677 359 1719 eo
378 1655 432 1742 qui
448 1664 652 1743 prosperatur
667 1652 701 1719 in
719 1655 768 1720 via
788 1679 863 1734 sua,
879 1658 912 1724 iu
932 1657 1061 1726 homine
1080 1662 1129 1728 fa-

108 1766 225 1833 scientu
243 1761 451 1850 iniquitatem.
471 1789 483 1823 s

141 1872 192 1940 111.
201 1867 348 1938 Posthac
356 1867 725 1957 commonetritiumquo
734 1887 843 1938 omues
854 1874 1125 1962 peneturbamur,

97 1993 130 2047 et
143 1981 243 2046 nescio
257 1973 358 2044 sicubi
370 1995 460 2043 rarus
478 1979 548 2065 quis
562 1977 605 2042 ita
620 1977 778 2065 perfectus
794 1980 985 2058 inveniatur,
1002 1985 1055 2073 qui
1072 2009 1129 2053 cu-

96 2100 163 2154 reat
176 2083 235 2153 hoc
248 2088 375 2151 morbo.
399 2085 556 2160 «Desine,
578 2077 693 2172 inquit,
710 2084 749 2152 ab
762 2084 828 2164 ira,
844 2100 876 2152 et
888 2087 1072 2179 derelinque
1086 2094 1133 2158 in-

98 2191 398 2283 sdignutionem².s
425 2191 524 2258 Multa
547 2200 621 2257 sunt
642 2191 742 2268 vitia,
771 2215 841 2280 quae
864 2220 881 2262 a
907 2196 1015 2263 multis
1043 2199 1135 2266 facile

98 2305 240 2371 uitentur.
257 2302 355 2370 Verbi
372 2324 467 2369 causa
489 2300 694 2390 impudicitiae
712 2296 842 2369 malum.
861 2303 894 2369 Si
914 2307 983 2394 quis
1002 2330 1132 2395 operam

96 2412 214 2479 enixius
223 2411 423 2478 continentius
434 2407 557 2475 dederit
565 2407 818 2506 ,impudicitiam
828 2411 955 2501 abjecit.
971 2413 1134 2504 Aliquanti

94 2521 189 2587 etiam
212 2519 374 2586 avaritiam
393 2519 626 2606 subjugarunt,
647 2518 689 2582 ite
712 2529 748 2582 ut
771 2536 846 2585 cum
868 2517 900 2585 in
926 2524 1046 2589 caeteris
1069 2549 1134 2592 non

2 2617 6 2656 ¹*
93 2630 156 2696 sint
176 2627 324 2718 perfecti,
345 2626 513 2692 videantur
531 2637 638 2691 tamen
660 2625 759 2692 vitare
782 2623 845 2692 hoc
864 2623 1003 2706 maium,
1026 2631 1135 2699 sedet

2 2751 3 2764 ¹
93 2733 155 2801 alia
169 2725 330 2798 nonnulla.
352 2729 526 2796 Iracundiae
542 2740 650 2794 autem
670 2728 786 2796 durum
801 2742 834 2795 et
851 2745 981 2799 acutum
1001 2736 1129 2816 vitium,

1 2842 6 2880 1
91 2838 269 2907 inflammat
280 2851 313 2904 ot
327 2837 462 2926 exagitat
483 2837 578 2902 etism
595 2857 669 2914 eos,
687 2838 740 2925 qui
762 2837 909 2905 videntur
924 2859 992 2908 esse
1013 2845 1133 2936 sapien-

5 2948 9 2969 '
91 2962 154 3014 tes.
172 2947 303 3014 Undset
320 2941 471 3013 Salomon
485 2939 518 3010 in
538 2943 715 3011 Proverbiis
736 2945 835 3012 dicit:
856 2945 914 3012 Ira
924 2951 1028 3034 perdit
1041 2954 1132 3020 etium

81 3055 282 3146 prudentes⁸.
304 3055 342 3120 ld
356 3065 421 3130 est,
442 3051 525 3128 noli,
541 3045 663 3140 inquit,
678 3053 787 3118 mirari
794 3055 808 3131 ¹,
825 3055 850 3119 si
867 3055 1086 3146 insipientem,
1104 3066 1129 3130 si

1 3165 8 3206 1
83 3164 229 3240 malum,
249 3165 275 3229 si
294 3159 455 3228 infidelem
470 3156 633 3226 iracundia
646 3155 839 3238 inflammat,
860 3165 933 3252 quia
946 3166 1129 3257 frequenter

2 3285 8 3298 ’
80 3274 190 3340 etiam
208 3273 309 3337 bonos
331 3281 364 3335 et
385 3267 557 3358 prudentes
574 3267 656 3334 viros
675 3267 721 3332 ira
739 3269 884 3357 exagitat.
902 3271 959 3338 Est
976 3300 1051 3366 ergo
1065 3279 1129 3348 hoc

2 3387 5 3422 ι
77 3391 263 3472 peccatum
282 3375 379 3443 etiam
402 3397 502 3442 uuum
522 3399 562 3440 en
582 3373 642 3441 iliis
657 3374 745 3463 quod
763 3375 802 3440 ad
821 3376 990 3447 aedificium
1009 3385 1130 3454 deferet

1 3469 9 3531 i
74 3489 195 3577 ligna,
211 3486 334 3552 foenrrm
351 3495 383 3549 et
398 3481 546 3574 stipulam
557 3533 566 3558 ,
579 3493 612 3547 et
626 3503 756 3548 necesse
775 3494 823 3548 est
837 3484 1021 3574 hujusmodi
1033 3507 1132 3560 mate·

4 3601 9 3617 .
70 3597 148 3663 rias
170 3593 273 3680 (ficut
291 3593 444 3681 scriptum
460 3593 527 3682 est)
540 3612 597 3679 per
616 3590 721 3680 ignem
736 3590 884 3678 probari,
897 3593 987 3663 itaut
1001 3623 1129 3688 perma-

2 3712 8 3744 1
66 3725 227 3774 „eamus
243 3701 365 3810 tamdiu
387 3701 419 3766 in
441 3700 530 3789 igne,
553 3699 656 3766 donec
677 3698 717 3763 dc
739 3699 830 3766 nubis
852 3699 936 3792 ligna
960 3705 1130 3777 iracundias

1 3835 6 3856 ³
114 3845 208 3898 ¹Luc.
222 3863 274 3896 xri.
288 3839 1076 3920 -2rutm.mv1‚8.-⁸Pr0v.xxu,8.-⁴1Gor.m,
1093 3874 1133 3909 η.

232 3956 262 3998 x·
965 3941 1003 4016 ¹4
