2706 4624
259 351 323 414 5⁰8
703 369 848 412 orionis

165 515 177 540 ν
255 485 351 552 sionis
364 497 562 558 sanctorum,
574 507 633 573 per
648 482 813 548 Christum
825 481 999 550 Dominum
1010 497 1171 562 nestrum,
1183 487 1241 553 eni
1252 502 1291 552 est
1350 549 1352 596 i

255 593 359 658 bonor
369 606 403 656 et
416 593 586 680 imperium
603 593 636 658 in
652 589 766 657 saecula
782 590 984 658 saeeuionrm.
999 591 1112 658 Amen.

258 873 578 892 mmmmm·
583 869 1011 890 mmmmmwtm
1017 872 1287 893 sumu-numum

606 1073 831 1148 nonnuli
861 1075 947 1148 Vl¹.

259 1293 304 1348 De
315 1311 346 1347 ee
364 1287 441 1364 quod
452 1289 585 1363 scriptum
596 1301 637 1344 est
648 1311 660 1343 .·
673 1283 756 1344 Exiit
772 1283 892 1364 Moyses
906 1283 944 1342 ad
956 1283 1121 1364 populum,
1135 1299 1161 1344 et
1172 1287 1203 1344 dc
1217 1311 1279 1360 sep-

295 1378 608 1497 tungp'ntupmbytms,
619 1377 687 1435 etde
700 1375 880 1452 AEtbt'upissa
892 1397 980 1449 quun
990 1377 1107 1456 Moyses
1116 1383 1279 1456 aequiore
1310 1366 1313 1376 ¹

296 1491 353 1527 rem
373 1512 382 1525 .

302 1671 395 1737 Plura
418 1669 529 1736 nobis⁸
552 1667 646 1734 simul
662 1671 793 1736 recitate
812 1682 899 1743 sunt,
915 1681 948 1732 et
967 1669 1008 1736 de
1023 1671 1173 1736 omnibus
1195 1670 1234 1734 iis
1252 1668 1291 1734 di

257 1805 343 1856 cere,
366 1803 428 1846 nee
446 1779 598 1868 temporis
618 1778 768 1854 brevitas,
784 1801 846 1846 neo
865 1779 1093 1866 mysteriorum
1111 1779 1290 1868 magnitudo

256 1890 422 1980 permittit.
440 1887 565 1954 Licebit
579 1901 686 1954 temen
701 1911 741 1954 ex
754 1888 936 1979 ingentibus
951 1891 1073 1979 eampis
1087 1912 1211 1980 pnueos
1221 1889 1285 1956 iios·

257 2001 347 2070 euios
362 2000 480 2090 legere,
496 2010 529 2066 et
544 2022 610 2064 non
627 2011 784 2086 quantum
797 2023 873 2090 eger
885 2001 1053 2077 exuberat,
1069 2002 1126 2066 sed
1143 2013 1288 2088 qmntum

257 2109 404 2176 odoratui
420 2108 556 2176 sufficiet
568 2131 711 2196 carpere.
726 2110 816 2178 Siout
827 2123 861 2176 et
872 2132 948 2176 cum
960 2113 1031 2199 quis
1044 2113 1172 2178 aceedit
1182 2113 1221 2178 sd
1231 2111 1286 2175 ior

257 2236 337 2297 tem,
350 2244 414 2288 non
430 2222 460 2286 ei
475 2232 603 2286 tantum
615 2219 745 2288 haurire
760 2245 890 2290 necesse
903 2234 964 2300 est,
984 2235 1142 2311 quantum
1158 2247 1236 2290 rena
1249 2219 1287 2286 di

259 2357 312 2398 res
327 2331 488 2405 effuderit,
508 2332 564 2397 sed
585 2343 740 2420 quantum
756 2347 882 2399 erentes
902 2335 952 2401 siti
974 2336 1097 2424 mitiget
1112 2335 1232 2408 isuees.
1255 2355 1290 2398 ne

256 2445 335 2510 sorte
347 2441 417 2532 plus
428 2443 513 2529 justo
523 2453 665 2530 sumpts,
678 2439 733 2508 fiet
745 2444 866 2530 potenti
878 2443 1015 2510 salubris
1029 2443 1115 2508 unda
1128 2441 1283 2533 pernicies.

265 2556 333 2622 «Et
347 2552 435 2628 exiit,
454 2553 579 2638 inquit,
598 2550 722 2638 Moyses
740 2552 783 2618 ud
802 2551 971 2641 populum,
987 2565 1021 2618 et
1040 2551 1169 2618 loeutus
1185 2561 1224 2616 est
1243 2545 1281 2610 ad

257 2687 359 2732 »eum
378 2662 471 2728 verbu
488 2661 615 2728 Domini
623 2659 647 2727 ⁴.
663 2660 794 2728 »Donec
810 2663 907 2728 verbs
923 2663 1051 2728 Domini
1066 2663 1155 2728 audit
1169 2658 1282 2744 bioyses

258 2789 291 2840 et
306 2775 346 2839 nb
362 2774 432 2861 ipso
449 2772 595 2847 docetur,
608 2771 693 2838 intus
708 2785 768 2849 est,
785 2774 864 2838 etin
881 2774 1085 2840 interioribus
1102 2771 1291 2840 consistitnt·

258 2908 320 2972 que
335 2885 368 2950 in
384 2882 502 2950 intimis
518 2883 647 2948 secretis
662 2882 809 2948 habetur.
827 2884 887 2951 Ubi
903 2907 978 2950 vero
995 2883 1095 2952 turbis
1110 2883 1250 2972 loquitur
1262 2891 1289 2946 et

257 2992 394 3084 populis,
407 2993 565 3058 ministret
575 2993 606 3057 ei
616 2993 672 3081 qui
684 2993 769 3060 intus
781 3017 846 3059 non
857 3007 963 3084 potest
974 3007 1071 3070 stare,
1082 2994 1170 3058 exire
1182 2992 1295 3058 dieitur

259 3106 352 3170 fores.
372 3103 459 3182 Quid
474 3126 550 3192 ergo
566 3103 676 3168 formae
692 3103 761 3170 talis
781 3106 925 3172 eontinet
939 3084 1069 3172 sermoi
1083 3103 1177 3184 Quod
1193 3100 1300 3165 omnis

261 3215 375 3282 doctor
390 3224 421 3278 et
437 3213 586 3302 magister
599 3209 750 3280 Ecclesiae
763 3215 789 3279 si
808 3215 849 3280 do
863 3214 1120 3304 profundioribus
1136 3208 1300 3298 mysteriis

260 3323 379 3412 aliquid
396 3334 534 3398 moveat,
549 3323 574 3388 si
590 3343 743 3389 areanum
761 3325 884 3411 quidet
900 3324 1101 3392 reconditum
1118 3321 1155 3386 rie
1169 3318 1229 3386 Dei
1244 3340 1302 3384 ss-

260 3433 377 3524 pientia
390 3430 528 3520 proserst
539 3433 623 3496 inter
633 3431 804 3520 perfectos,
818 3433 921 3500 donee
933 3435 966 3499 in
979 3432 1144 3524 profundis
1155 3428 1304 3496 sensibus

260 3555 415 3616 versatur,
432 3541 518 3606 intus
533 3563 616 3618 esse,
632 3553 665 3606 et
680 3542 713 3606 in
732 3542 936 3608 interioribus
955 3543 1128 3612 consistere
1147 3535 1300 3604 dicendus

260 3667 317 3722 est.
338 3653 420 3720 Cum
441 3673 515 3716 vero
535 3651 675 3738 loquitur
689 3652 730 3720 ud
747 3655 869 3730 turbes,
887 3667 920 3720 et
932 3675 968 3718 ee
989 3652 1108 3742 profert
1124 3672 1199 3738 qum
1216 3645 1297 3714 sutt-

292 3805 387 3853 ¹Tom.
401 3799 440 3858 11,
452 3817 478 3865 p.
492 3801 575 3851 asset
585 3818 659 3867 seqq.

291 3882 333 3932 ²N
336 3896 443 3930 ......

293 3957 346 4005 sn.
360 3973 382 4010 t.
394 3972 417 4013 2,
429 3955 486 4017 sp.
503 3952 619 4003 ass-iss.

292 4031 391 4086 ‘Num
408 4047 443 4092 ιι,
460 4027 496 4088 24.
