2692 4610
258 290 322 363 ade
713 314 855 357 anterius

253 423 311 486 sah
330 431 461 508 peceato
476 420 594 486 fuerint
617 444 728 488 omnes
749 425 845 489 etiam
869 423 973 510 magni
992 419 1183 490 sacerdotes,
1198 427 1281 480 etex

251 531 314 594 hoe
329 530 396 616 ipso
412 527 502 594 liacile
516 530 709 596 advertimus
724 533 811 619 quod
826 532 890 597 Lex
905 531 1059 620 precipit,
1072 540 1106 593 at
1123 527 1210 616 prius
1226 549 1280 612 pro

252 639 328 712 suis,
345 649 416 724 pest
431 636 525 702 etiam
541 659 599 725 pro
613 637 721 726 populi
738 640 875 728 peeeatis
893 638 1006 704 offerat
1022 638 1157 703 hostiam
1176 655 1280 698 saeer-

251 747 319 810 dos.
335 744 505 823 Quomodo
520 768 596 833 ergo
607 769 739 835 magnus
754 759 802 812 est
816 749 875 812 sub
887 759 1018 834 peceato
1033 743 1178 835 positus?
1194 742 1280 808 Meus

251 866 358 918 autem
385 853 531 918 sacerdos
557 877 690 941 magnus
713 856 806 919 «lesus
830 856 951 921 idcireo
970 875 1101 942 magnus
1122 864 1183 926 est,
1210 849 1280 936 quia

260 989 273 1020 a
284 972 452 1050 peccatum
464 985 528 1026 non
540 960 626 1036 feeit,
640 963 858 1028 necinventus
870 975 918 1027 est
930 961 1019 1028 dolus
1034 963 1064 1026 in
1081 983 1136 1025 ore
1147 961 1221 1048 ejus
1230 957 1273 1033 ’,ι

251 1085 283 1134 ot
294 1073 366 1159 quia
383 1099 398 1132 a
415 1073 499 1137 venit
511 1071 556 1136 act
570 1095 645 1137 eum
660 1074 808 1161 princeps
823 1073 920 1160 hujus
932 1073 1055 1148 mundi,
1067 1085 1100 1136 et
1113 1093 1179 1135 non
1194 1071 1279 1134 inve-

252 1210 266 1243 ι
282 1181 328 1247 nit
343 1184 380 1245 in
398 1175 434 1247 eia
449 1182 622 1270 quidquam
637 1182 659 1246 ².
672 1212 686 1245 ι
701 1185 776 1248 Ideo
791 1207 866 1272 ergo
883 1196 916 1248 et
933 1179 1060 1248 Gabriel
1075 1176 1278 1266 archangelus

253 1292 447 1356 nativitatem
463 1293 532 1378 ejus
546 1292 725 1367 annuntiat,
742 1304 774 1358 et
789 1293 865 1358 dicit
884 1315 893 1356 s
910 1319 923 1352 ι
939 1293 997 1357 llio
1011 1291 1071 1356 erit
1085 1311 1235 1377 magnus,
1249 1299 1278 1350 et

252 1429 265 1462 s
281 1398 364 1465 filius
379 1398 531 1466 Altissimi
543 1402 766 1466 vocabant»
781 1401 952 1466 Peccatum
966 1400 1129 1465 hominem
1149 1417 1277 1485 parvum

252 1509 325 1574 lacit
347 1521 379 1574 et
399 1508 560 1596 exiguum,
583 1509 681 1574 virtus
704 1509 899 1574 eminentem
921 1517 1048 1595 praestat
1062 1518 1094 1570 et
1116 1525 1276 1592 magnum.

250 1617 341 1684 Sicut
356 1618 441 1683 enim
456 1617 610 1705 aegritado
625 1618 766 1704 eorporis
779 1615 859 1682 axile
875 1628 907 1681 et
921 1616 1070 1703 exiguum
1082 1615 1156 1679 lacit
1170 1634 1279 1699 eorpus

252 1725 400 1800 hominis,
414 1725 529 1789 sanitas
545 1747 619 1788 vero
634 1723 742 1790 laetum
758 1724 861 1788 reddit
871 1735 905 1789 et
916 1722 1053 1788 validum
1069 1746 1076 1786 :
1090 1722 1133 1786 ita
1148 1718 1279 1807 intellige

250 1834 323 1921 quia
338 1845 370 1896 et
387 1833 523 1898 animam
539 1832 693 1919 aegritudo
708 1833 838 1920 quidem
854 1833 974 1919 peceati
991 1830 1146 1897 humilem
1163 1831 1237 1896 saeit
1249 1840 1277 1892 et

251 1965 393 2030 parvam,
413 1941 529 2005 sanitas
552 1962 627 2005 vero
648 1941 806 2006 interioris
821 1941 971 2016 hominis,
988 1953 1020 2004 et
1035 1941 1161 2005 virtutis
1176 1961 1277 2026 opera,

251 2071 397 2137 magnam
413 2047 530 2113 iaciunt
545 2070 615 2112 eam
630 2059 663 2112 et
677 2048 887 2122 eminentem
902 2059 934 2112 et
946 2059 1101 2135 quantum
1117 2047 1150 2111 in
1167 2043 1279 2110 virtuti·
1336 2027 1337 2032 ἵ

249 2161 309 2222 ltus
325 2157 452 2231 erescit,
466 2168 553 2221 tauto
569 2156 771 2245 prolixiorem
787 2157 892 2220 reddit
903 2155 1155 2244 magnitudinem
1166 2155 1209 2218 sui
1211 2197 1273 2217 .....

250 2266 392 2332 Ostende
409 2265 485 2330 nuhi
500 2267 540 2330 de
556 2266 740 2354 scripturis,
758 2266 811 2330 ubi
827 2264 939 2352 aliquis
954 2277 1117 2353 peccator,
1131 2277 1187 2330 aut
1198 2261 1281 2352 parvi

251 2375 368 2449 meriti,
388 2397 520 2462 magnus
540 2372 713 2461 appellatus
732 2373 781 2438 sit.
802 2373 964 2460 Nusquam
984 2373 1033 2457 (ut
1051 2374 1176 2459 opinor)
1196 2373 1283 2436 inve-

163 2539 167 2549 .
251 2482 326 2546 aies.
347 2482 430 2547 Audi
448 2505 521 2547 vero
536 2482 589 2567 qui
607 2493 681 2546 sunt
699 2482 754 2569 qui
776 2479 880 2568 magni
904 2479 1114 2567 appellantur.
1132 2481 1176 2546 tte
1196 2480 1283 2544 lsaae

250 2591 379 2664 dieitur,
392 2591 464 2678 quia
480 2589 666 2677 proficiebat
682 2587 784 2663 valde,
801 2612 964 2677 usquequo
980 2589 1082 2654 saetas
1094 2601 1142 2653 est
1154 2611 1284 2676 magnus

250 2697 370 2764 valde&
385 2698 507 2785 Moyses
520 2718 652 2784 magnus
665 2697 767 2762 dietus
777 2708 837 2770 est,
849 2708 880 2761 et
890 2697 1029 2761 Joannes
1042 2697 1184 2783 Baptista
1198 2719 1286 2783 mag·

252 2829 311 2871 nus
333 2805 437 2872 dictus
461 2817 526 2877 est:
544 2828 633 2870 nune
648 2817 754 2869 autem
776 2805 868 2870 lesus
892 2828 1024 2893 magnus
1048 2805 1154 2871 dietus
1173 2817 1234 2879 est,
1257 2815 1287 2868 et

251 2926 323 3002 post
344 2915 431 2980 hunc
451 2915 514 3001 jam
537 2910 641 2976 nullus
662 2909 836 3000 appellatus
857 2923 905 2976 est
929 2935 1070 3000 maguus.
1090 2911 1183 2976 Prius
1204 2913 1288 2976 enim

251 3046 347 3111 quum
362 3023 485 3086 adesset
500 3021 553 3109 qui
571 3044 643 3085 vere
659 3043 791 3107 magnus
806 3032 867 3094 est,
884 3021 924 3085 ad
939 3021 1214 3108 comparationem
1240 3043 1290 3085 re-

252 3129 411 3218 liquorum
433 3130 599 3196 hominum
622 3129 726 3216 magni
749 3128 895 3217 appellati
919 3139 993 3194 suut
1015 3128 1130 3208 saneti,
1151 3151 1291 3215 quorum

253 3239 395 3325 superius
418 3235 549 3301 lecimus
572 3237 777 3301 mentionem.
803 3236 863 3301 Ubi
885 3258 959 3301 voro
981 3236 1109 3302 advenit
1135 3238 1215 3324 ipse,
1238 3238 1292 3324 qui

253 3369 317 3410 uon
336 3367 375 3408 ex
389 3343 625 3431 comparatione
636 3356 838 3418 caeterorum,
850 3343 907 3409 sed
921 3346 969 3408 sui
986 3345 1207 3432 magnitudine
1218 3368 1293 3410 vere

253 3474 386 3540 inagnus
399 3463 482 3525 erat,
496 3451 534 3514 de
546 3476 609 3539 quo
621 3452 718 3516 etiam
729 3452 883 3538 seriptum
899 3464 959 3528 est,
973 3454 1046 3539 quia
1061 3479 1075 3512 r
1091 3452 1247 3520 exultavit
1261 3466 1294 3518 ut

255 3562 365 3648 »gigas
377 3559 418 3624 ad
430 3560 620 3625 currendam
634 3561 715 3626 viam
730 3559 776 3636 ’,ιι
794 3559 874 3624 ultra
890 3563 955 3648 jam
972 3561 1077 3627 nullus
1094 3585 1230 3650 magnus
1242 3586 1294 3651 ap-

255 3667 388 3760 pellatus
404 3678 462 3732 est.
480 3667 536 3733 llic
552 3680 599 3733 est
610 3692 686 3756 ergo
702 3670 741 3734 de
754 3693 817 3756 quo
829 3671 978 3736 scribitur
992 3695 1000 3735 ε
1012 3698 1025 3731 r
1036 3670 1170 3760 Magnus
1184 3695 1295 3738 saeer-

258 3873 262 3880 ,
289 3822 371 3873 llant.
386 3841 439 3883 r.ur,
457 3841 480 3888 9.
496 3823 632 3874 Asos...
650 3841 700 3885 xrs,
719 3825 758 3873 50.
770 3853 800 3863 -
817 3825 827 3859 ⁸
842 3828 901 3875 Luc.
925 3846 944 3887 ι,
958 3827 996 3878 52.
1010 3855 1040 3866 -
1053 3827 1063 3862 ⁴
1076 3827 1171 3878 Graes.
1188 3847 1250 3880 nv.
1264 3857 1293 3868 -

256 3899 266 3933 ⁵
280 3898 341 3950 Paul.
356 3916 407 3960 ιιι,
420 3900 443 3946 6.
941 3913 943 3918 ’
