2604 4614
188 255 253 332 561.
636 263 781 316 suenrus

187 401 331 488 meisque
350 398 498 465 munibus
515 391 612 462 suerit
622 397 897 484 comprehensus,
921 411 1051 462 rursum
1073 395 1227 472 elabitur,

187 519 308 571 etcum
324 503 418 569 fuerit
430 502 577 592 elapsus,
593 523 751 568 rursumu
765 524 819 568 me
833 501 1022 590 inquiritur,
1038 513 1074 567 et
1088 501 1154 567 hoe
1168 525 1229 567 ere

188 615 249 681 hro
264 611 356 689 sseit,
378 611 483 678 donee
503 608 596 677 illum
614 631 690 676 rere
710 623 854 686 teneam,
876 622 909 675 et
929 609 1108 677 useendum
1129 609 1231 675 innius

188 745 285 812 super
298 719 480 788 fratruelem
495 735 616 785 meum.

232 830 318 897 v111.
331 827 605 896 ‹dnnuneiamihi
613 847 709 916 quem
718 826 826 894 dilexit
832 828 938 895 enims
944 827 1109 904 mea‚ulsi
1117 827 1230 915 pascis,

189 939 267 1004 »ubi
284 937 384 1003 enbss
396 937 429 1002 in
444 935 607 1008 meridie¹.
620 935 714 1003 »Non
726 959 833 1024 quaero
843 934 902 1003 slis
917 947 1095 1025 tempora,
1111 934 1229 1024 quando

191 1067 336 1135 remere,
351 1043 480 1133 qusndo
492 1041 652 1120 diluculo,
664 1043 793 1132 quando
802 1044 836 1109 in
847 1042 921 1110 sniis
937 1044 1046 1133 psseis
1059 1043 1227 1110 secubitu:

188 1151 268 1218 iilud
288 1162 415 1239 tempus
430 1150 576 1238 inquiro,
594 1149 721 1238 quande
742 1148 877 1216 florente
897 1149 966 1225 die,
991 1148 1131 1237 quando
1149 1147 1228 1238 piens
1294 1185 1295 1190 κ

187 1265 261 1333 iuee
274 1265 308 1331 in
323 1264 495 1352 majestatis
510 1275 572 1330 tuae
587 1262 756 1352 splendore
769 1263 912 1329 versaris.
934 1261 1145 1329 «Annuneis
1163 1262 1226 1329 mili

188 1393 308 1462 ‚quem
324 1371 432 1439 ditent
452 1371 557 1438 enimn
576 1394 667 1448 mea,
684 1371 738 1437 uhi
758 1371 876 1460 pascis,
893 1371 951 1437 ubi
971 1373 1083 1438 cubas
1098 1371 1134 1436 in
1150 1371 1226 1436 meri·

188 1479 275 1547 sdie.
294 1509 308 1543 s
328 1480 501 1568 Diligenter
517 1481 648 1546 observa
664 1479 720 1545 uni
737 1479 903 1546 meridiem
918 1477 1053 1569 legeris.
1072 1479 1165 1568 Apud
1178 1479 1224 1545 Je

188 1589 269 1678 seph
290 1587 423 1655 meridie
438 1587 551 1652 iratres
573 1586 743 1676 prandium
764 1585 937 1653 eelebrent.
963 1585 1089 1676 Angeli
1110 1587 1221 1653 meridie

190 1698 327 1765 Abrahae
338 1697 554 1785 suscipiuntur
564 1694 703 1785 hospitio
714 1743 723 1772 ,
735 1706 769 1760 et
782 1707 896 1762 eaeters
911 1695 1113 1761 istiusmodi.
1126 1697 1218 1778 Quen

188 1819 225 1872 et
242 1806 381 1873 invenies
403 1805 602 1894 scripturam
624 1804 763 1870 divinem
786 1827 851 1870 nen
872 1803 991 1870 frustra
1020 1827 1085 1870 seu
1109 1804 1209 1870 fortuitu

189 1935 451 2004 unumquemque
470 1933 621 2002 usurpare
639 1933 829 1979 sermonem.
846 1913 926 1994 Quis
941 1924 1045 2002 putas
1062 1926 1106 1978 est
1118 1909 1202 2001 dgr·

186 2047 208 2089 e
219 2023 311 2090 nobis
327 2035 361 2088 ut
377 2020 418 2092 ad
431 2021 597 2089 meridiem
611 2037 710 2111 usque
725 2022 905 2111 perveniat,
921 2034 955 2086 et
966 2021 1084 2087 vident
1099 2021 1141 2086 ubi
1150 2044 1202 2110 pu·

187 2143 242 2200 eat
251 2181 261 2206 ‚
271 2131 326 2196 ubi
335 2131 431 2197 cubet
442 2129 798 2220 sponsusi'tAnnuneia
809 2127 887 2194 mihi
896 2151 996 2216 quem
1011 2127 1125 2195 dilexit
1134 2129 1211 2195 anina

191 2259 283 2306 »mes
294 2289 303 2315 ,
316 2238 370 2304 uhi
385 2238 507 2327 pascis,
524 2236 579 2302 ubi
589 2237 689 2303 cubas
703 2237 736 2302 in
748 2235 890 2303 meridie.
906 2237 998 2304 »Nisi
1011 2239 1104 2305 enim
1115 2249 1149 2302 tu
1158 2235 1219 2303 mii

191 2346 450 2422 annunciaveris,
463 2345 581 2434 incipio
596 2345 777 2412 errabunda
787 2344 898 2434 jactari
909 2393 918 2420 ,
931 2357 965 2412 et
976 2347 1060 2413 dum
1074 2359 1107 2412 te
1117 2367 1221 2435 qum,

189 2457 224 2522 in
236 2455 369 2522 aliorum
383 2477 493 2543 greges
504 2453 644 2520 incurro.
660 2455 700 2519 Et
711 2454 783 2542 quis
800 2451 935 2521 aliorum
949 2456 1115 2522 erubesco
1127 2476 1224 2544 asper·

189 2577 259 2642 tus,
275 2562 389 2630 ssciem
408 2581 513 2629 meam
533 2571 626 2651 utque
646 2585 702 2628 ors
721 2581 796 2628 mox
812 2575 985 2653 contegere
1004 2565 1141 2654 incipio.
1159 2564 1224 2630 snm

190 2675 308 2763 quippe
327 2695 441 2763 spensa
460 2672 614 2748 formosa,
630 2684 663 2738 et
682 2671 749 2739 aliis
769 2673 888 2740 nudum
906 2673 1025 2741 faeiem
1042 2698 1153 2743 meam
1171 2695 1224 2740 nen

190 2782 339 2857 ostende,
357 2780 416 2846 uisi
437 2779 496 2845 tibi
516 2777 574 2845 soli
593 2802 689 2867 quem
710 2780 917 2870 jampridem
936 2781 1129 2849 deosculata
1151 2803 1223 2848 sun.

199 2888 388 2956 «Annuneis
401 2887 481 2954 mihi
496 2907 591 2976 quem
613 2886 721 2953 dilexit
734 2888 840 2954 snims
858 2911 948 2967 mes,
965 2890 1022 2955 uhi
1037 2891 1164 2981 pascis,
1178 2888 1225 2953 ubi

193 2997 312 3064 »cubes
334 2997 367 3062 in
388 2995 539 3071 meridie,
561 2995 729 3083 nequando
755 2993 830 3062 [ism
852 2996 934 3062 sieut
957 3011 1117 3087 cooperta
1143 3019 1227 3087 super

192 3127 323 3194 »greges
337 3103 492 3171 sedulium
504 3115 645 3170 tuorum.
661 3131 673 3166 ι
690 3103 732 3169 Ut
742 3105 801 3170 ists
816 3127 881 3171 non
895 3106 1010 3194 patiar,
1032 3121 1069 3172 ut
1084 3131 1149 3175 non
1159 3105 1220 3174 ism
1294 3111 1295 3146 i

190 3221 356 3298 cooperte,
378 3221 414 3274 ut
431 3227 484 3275 ors
504 3229 569 3274 nou
589 3221 772 3298 contegam,
790 3221 823 3276 et
842 3211 881 3276 nd
900 3209 978 3277 alios
997 3235 1106 3300 usque
1125 3233 1223 3302 perse-

191 3318 298 3393 niens,
316 3317 464 3406 incipiam
478 3315 608 3383 forsitan
623 3328 656 3382 et
670 3339 724 3383 eos
740 3341 847 3384 amare
861 3343 941 3408 quos
954 3321 1070 3389 neseio
1090 3345 1100 3387 ε
1117 3321 1227 3387 ideirco

191 3425 350 3494 snnuneis
364 3425 442 3491 mihi
459 3425 514 3490 ubi
530 3437 561 3490 te
576 3447 732 3515 querum,
748 3438 781 3491 et
800 3427 958 3494 inveniam
973 3428 1007 3494 in
1023 3431 1176 3504 meridie,
1192 3451 1229 3493 ne

187 3533 272 3602 ierte
288 3533 363 3600 fiam
375 3534 464 3621 qussi
477 3545 624 3623 eeoperts
638 3557 734 3628 super
745 3557 855 3624 greges
869 3533 1028 3603 sodalium
1044 3550 1183 3604 tuorum.

236 3642 295 3709 lx.
310 3640 454 3707 Posthaee
468 3642 565 3707 verbs
579 3665 711 3731 sponsus
727 3642 756 3708 si
770 3643 984 3710 comminatur
999 3658 1033 3710 et
1050 3646 1150 3713 dieit:
1166 3647 1230 3711 Aut

126 3753 133 3764 '
194 3772 351 3840 cognosce
363 3749 563 3839 temetipsam
574 3753 723 3839 quonium
734 3751 816 3841 regis
831 3773 865 3819 es
880 3775 1013 3842 sponse,
1025 3768 1058 3822 et
1072 3755 1226 3826 sermon,

229 3903 240 3938 ¹
252 3897 324 3950 Cunt-
336 3918 361 3958 ι,
373 3915 399 3965 7.
