2744 4624
446 270 478 312 m
503 269 636 315 crassus
659 269 788 314 uourara
812 270 853 312 ιν.
1129 254 1167 314 25

125 390 200 454 vita.
217 387 285 456 Nec
302 399 411 452 tomen
422 383 500 456 [etet
512 385 686 473 sapientem
696 407 776 474 quus
788 385 972 474 susceperit.
985 383 1168 451 Tribus'oo-

124 499 241 573 currit,
253 510 286 564 et
302 517 403 570 unum
417 494 542 568 adorat,
557 506 590 560 et
604 493 645 560 ed
661 516 760 562 unum
780 492 920 582 loquitur
938 495 1046 562 dicens
1059 519 1067 562 ι
1081 497 1163 562 «De-

124 637 138 670 ι
153 606 239 676 ciiou
251 607 290 675 ad
303 627 441 695 puerum
456 615 560 680 tuum,
573 617 605 672 et
620 603 768 694 refrigere
785 616 816 670 te
831 605 889 670 suh
906 606 1020 672 arbore
1030 605 1051 669 ¹.
1062 634 1075 668 ι

182 755 216 815 a·
229 745 280 815 De
295 746 506 841 cognitione
519 756 639 812 autem
654 742 720 810 Dei
734 748 746 783 ²
763 768 770 810 :

185 873 361 940 ‹Descendi
377 896 468 961 ergo,
483 871 604 958 inquit,
622 881 657 936 ut
672 871 794 936 videam
811 871 836 936 si
851 873 1027 938 secundum
1040 871 1160 942 clamo-

126 1007 219 1048 »rem
234 1005 361 1057 eorum,
375 981 429 1068 qui
446 981 531 1046 venit
547 980 662 1058 adme,
676 993 949 1046 consummentur.
966 980 1022 1047 Sin
1039 993 1159 1058 eutem,

122 1103 188 1158 »ut
203 1093 361 1159 soiem⁸.»
375 1094 423 1158 Ex
440 1091 502 1156 isto
522 1112 667 1154 sermone
688 1087 828 1155 haeretioi
848 1089 1034 1178 impugnare
1057 1089 1160 1158 solent

120 1199 226 1266 Deum
240 1224 349 1266 meum
362 1201 505 1266 dicentes
516 1223 524 1264 r
536 1201 620 1266 Ecce
632 1199 794 1264 nesciebat
804 1197 889 1263 Deus
901 1198 991 1290 Legis
1003 1199 1077 1287 quid
1091 1226 1160 1292 ege-

120 1323 212 1374 retur
227 1311 261 1374 in
277 1309 437 1384 Sodomis,
456 1308 515 1374 nisi
538 1307 751 1372 descendisset
770 1319 806 1370 ut
825 1307 957 1383 videret,
974 1321 1007 1373 et
1024 1309 1158 1377 misisset

98 1418 181 1504 'qui
202 1417 371 1484 discerent.
390 1417 451 1482 Sed
471 1439 543 1491 nos,
563 1415 678 1504 quibus
700 1415 882 1502 praecipitur
901 1414 1036 1504 praeliari
1051 1417 1156 1506 praelia

129 1525 276 1600 Domini,
288 1548 433 1591 acuamus
446 1524 595 1588 adversus
610 1545 665 1586 eos
681 1521 874 1610 romphaeam
889 1524 977 1588 verbi
992 1523 1051 1590 Dei
1063 1538 1096 1590 et
1107 1550 1158 1592 oo-

128 1657 296 1699 curramus
311 1635 354 1699 eis
369 1633 407 1699 ad
420 1657 569 1723 pugnam.
587 1631 714 1698 Stemus
729 1633 762 1697 in
777 1632 847 1698 acie
863 1633 1017 1700 succincti
1028 1633 1156 1705 lumbos

122 1745 153 1808 iu
174 1743 322 1819 veritate,⁸
341 1742 479 1809 simulet
495 1755 622 1809 scutum
637 1741 711 1807 fidei
727 1741 942 1831 preferentes,
959 1744 1153 1836 excipiamus

119 1879 231 1922 corum
251 1867 402 1921 venenata
426 1855 677 1944 disputationum
691 1850 808 1941 jacula,
827 1865 859 1918 et
878 1854 911 1918 in
931 1855 1014 1942 ipsos
1030 1877 1066 1919 ea
1083 1879 1154 1922 rur-

120 1987 192 2028 sum
218 1963 331 2030 iibrata
357 1960 538 2052 diligentius
566 1976 778 2052 torqueamus.
801 1960 888 2028 Talia
915 1986 1054 2054 namque
1079 1979 1154 2034 suut

120 2071 225 2161 praelia
245 2072 387 2148 Domini,
406 2095 476 2160 quae
490 2071 648 2161 praeliatus
663 2085 712 2136 est
726 2071 828 2137 David
842 2084 874 2137 et
890 2073 996 2139 eaeteri
1015 2073 1154 2144 Petriar-
1197 2069 1200 2082 '

120 2182 200 2249 chae.
215 2179 343 2247 Stemus
363 2182 514 2247 adversus
529 2205 583 2247 eos
599 2205 657 2269 pro
671 2180 821 2246 frutribus
836 2181 961 2247 nostris.
977 2181 1087 2249 Melius
1103 2197 1152 2250 est

76 2347 81 2354 .
122 2289 210 2355 enim
225 2291 303 2355 muri
318 2313 381 2365 me,
405 2312 500 2376 quam
522 2302 555 2354 ut
572 2289 693 2378 rapiant
714 2297 746 2353 et
766 2288 948 2377 praedentur
970 2289 1091 2379 aliquos
1113 2317 1152 2358 ex

115 2399 269 2465 fratribus
279 2399 371 2474 meis,
388 2411 419 2464 et
431 2399 549 2488 argutis
561 2400 731 2464 verborum
744 2399 994 2486 surreptionibus
1011 2403 1150 2490 captivos

109 2507 236 2573 ducant
251 2505 399 2596 parvulos
414 2517 447 2572 et
461 2505 614 2574 lactentes
629 2509 661 2574 in
678 2506 815 2572 Christo.
831 2507 913 2571 Cum
929 2507 1078 2595 perfectis
1092 2535 1150 2576 au-

106 2630 181 2682 tem
196 2640 257 2682 nec
271 2616 415 2683 conferre
426 2629 577 2710 poterunt
589 2640 732 2693 manum,
747 2639 806 2683 aee
822 2617 928 2686 venire
944 2617 976 2681 in
988 2631 1149 2688 certamen

103 2726 289 2792 audebunt.
305 2725 369 2793 Nos
383 2751 459 2818 ergo
471 2727 558 2817 prius
575 2727 747 2794 Dominum
767 2727 973 2815 deprecantes
988 2739 1021 2794 et
1041 2733 1150 2799 vestris

99 2837 312 2901 orationibus
327 2835 441 2923 adjuti,
454 2835 676 2926 aggrediamur
689 2847 800 2903 contra
816 2858 870 2901 eos
886 2834 1028 2924 praeiium
1048 2843 1145 2908 verbi.

99 2947 260 3013 Dicimus
272 2969 346 3036 ergo
360 2969 435 3013 oum
448 2945 576 3021 fiducia,
593 2945 678 3034 quod
693 2945 870 3011 secundum
886 2943 1066 3036 Scripturas
1082 2973 1146 3018 aon

98 3080 222 3124 omnes
241 3057 322 3123 sciat
342 3057 436 3122 Deus.
451 3055 623 3124 Peccatum
635 3055 736 3122 nescit
746 3053 889 3129 Deus,et
899 3069 1082 3145 peccatores
1094 3085 1149 3126 ne·

97 3168 163 3233 scit
178 3167 270 3232 Deus
275 3190 286 3239 3
299 3163 416 3234 aiieuos
429 3190 447 3230 a
458 3189 495 3230 se
504 3165 637 3254 ignorat.
652 3162 737 3232 Audi
748 3162 908 3228 dicentem
920 3162 1117 3254 Scripturam
1132 3192 1140 3232 :

109 3303 122 3333 ι
139 3275 307 3364 Cognovit
317 3274 472 3339 Dominus
484 3273 538 3361 qui
551 3285 625 3338 sunt
636 3273 718 3362 ejus,
731 3283 763 3335 et
775 3271 915 3338 discedat
928 3274 968 3338 ab
981 3273 1145 3362 iniquitute

106 3411 121 3442 ι
136 3383 241 3450 omnis
258 3383 315 3472 qui
333 3384 459 3449 invocat
473 3405 589 3448 nomen
607 3381 734 3449 Domini
746 3379 768 3445 ¹.
780 3410 793 3444 ι
807 3380 888 3447 Suos
905 3383 1067 3470 cognoscit
1079 3384 1145 3451 Do-

114 3493 224 3567 minus,
247 3493 375 3582 iniquos
398 3504 506 3558 eutem
526 3503 557 3558 et
578 3492 692 3581 impios
711 3491 821 3557 nescit.
845 3490 927 3557 audi
949 3491 1144 3563 Salvatorem

109 3599 271 3668 dicentem
288 3601 495 3668 :aDiscedite
509 3625 526 3667 e
542 3625 592 3666 me
609 3624 718 3666 omnes
735 3597 868 3689 oporurii
882 3600 1067 3688 iniquitatis,
1081 3629 1144 3670 non

136 3731 221 3782 ¹Geu.
235 3750 312 3794 auru,
322 3733 349 3792 5,
360 3733 384 3792 d.

133 3803 186 3854 ²³.
201 3807 228 3856 6.
243 3825 270 3872 p.
286 3824 329 3872 72,
342 3807 384 3872 73.

132 3879 143 3912 ³
158 3881 255 3932 Genea.
269 3897 348 3944 nna,
359 3898 400 3933 aa.
411 3880 462 3920 ,t
476 3899 489 3932 a
502 3882 570 3932 Tim.
583 3901 610 3941 a,
623 3900 662 3948 ¹9·
