2702 4610
392 322 426 364 rr
450 319 576 362 exonuu
598 317 726 362 nourrii
749 319 797 361 ur.
1050 299 1108 360 105

73 439 299 510 tautummodo
314 436 426 502 eduxit
439 436 563 523 Moyses
579 432 733 523 populum
748 435 788 500 do
801 433 949 523 AEgypto.
969 437 1009 500 Et
1024 457 1109 500 nune

75 553 217 640 bloyses,
229 572 323 637 quem
335 548 495 616 babemus
511 547 675 612 nobiseum
690 546 863 631 (memus
878 545 963 610 enirn
979 543 1110 630 Moysen

75 675 111 729 et
124 660 331 748 Prophetas).
343 658 378 723 id
392 669 455 732 est,
472 654 523 722 lor
541 656 613 732 Dei,
627 654 694 720 vult
709 665 740 721 to
752 655 889 723 educere
901 653 1107 742 de'AEgyptor

80 771 110 838 si
124 769 233 836 nudius
246 789 329 842 eam,
345 765 413 832 vult
428 779 461 832 te
480 763 574 854 longe
586 765 724 832 luceres
746 765 919 830 Pharaone.
937 767 1056 830 Eruere
1080 773 1110 828 te

86 880 175 968 eupit
197 881 236 945 do
256 901 349 966 opere
368 875 428 942 luti
452 887 485 940 et
508 873 688 962 pulsorum
711 874 735 939 si
754 887 860 940 tumen
880 874 989 940 nudius
1010 873 1110 961 legem

86 989 156 1064 Ddi‚
169 1001 199 1054 et
209 985 411 1076 spiritualiter
427 982 592 1072 intelliges.
608 983 679 1050 Non
693 981 759 1049 vult
772 995 806 1048 te
822 984 855 1048 in
865 983 968 1049 earnis
980 995 1013 1047 et
1027 995 1111 1047 teue-

84 1101 209 1166 brurum
230 1099 356 1165 notibus
371 1117 576 1185 permonere,
592 1093 649 1158 sed
665 1093 751 1158 exire
766 1095 812 1158 sd·
828 1115 982 1168 eremum,
1005 1094 1112 1158 venire

80 1209 242 1276 ud‘loeutn
261 1207 555 1296 perturbationibus
568 1215 601 1268 et
615 1203 768 1270 fluctibus
781 1203 889 1270 seculi
901 1227 1050 1280 vaenum,
1062 1222 1112 1270 re-

80 1318 148 1384 niro
162 1317 206 1384 sd
216 1316 357 1403 quietem
367 1315 491 1382 silentii.
508 1312 612 1380 Verbo
626 1313 713 1377 enim
727 1313 887 1401 sapientius
904 1313 935 1378 iu
947 1312 1070 1379 silentio
1081 1327 1113 1378 ot
1182 1381 1188 1390 ,

86 1427 195 1514 quiete
211 1426 388 1490 discuntur.
402 1424 449 1490 tt
460 1425 548 1490 bunc
559 1446 636 1511 ergo
647 1421 755 1490 locum
768 1425 881 1509 quietis
893 1445 967 1487 oum
979 1424 1113 1497 veneris,

91 1537 136 1600 ibi
157 1534 278 1622 poteris
298 1533 452 1599 immolare
474 1534 627 1608 Domino,
645 1533 689 1598 ibi
711 1530 812 1621 legem
834 1523 892 1598 Dei
915 1545 948 1597 et
967 1533 1115 1599 virtutem

94 1643 206 1708 dirim
221 1641 302 1708 vocis
317 1665 489 1730 agnoscere.
504 1642 676 1731 Propterea
688 1663 764 1731 ergo
776 1643 865 1730 cupit
882 1657 911 1707 te
928 1642 1050 1730 Moyses
1062 1643 1117 1731 eji-

89 1773 160 1816 cere
176 1752 215 1816 de
231 1749 336 1816 medio
349 1749 573 1817 fluctuantium
590 1750 803 1838 negotiorum,
820 1749 908 1815 etde
922 1751 1027 1817 medio
1043 1774 1115 1839 per·

85 1859 291 1948 strepentium
300 1859 682 1948 populorumtproptereu
690 1860 817 1948 cupitte
825 1859 1114 1949 exiredeAEgypto,

81 1970 177 2035 idest
195 1970 235 2034 do
251 1971 389 2036 tenebris
405 1969 591 2058 ignoruntiae
608 1991 616 2033 :
633 1981 669 2035 ut
684 1969 785 2058 legem
803 1971 861 2034 Dei
878 1971 999 2048 nudius,
1018 1984 1050 2036 et
1065 1971 1117 2037 lu-

83 2099 152 2144 eem
168 2077 308 2142 scientie
323 2077 439 2164 cupies.
461 2075 527 2142 Sed
544 2076 667 2142 obsistit
681 2077 818 2150 Pbrrs03
839 2076 979 2146 rolsrsr‘e
1003 2092 1033 2145 te
1052 2101 1117 2146 non

84 2185 152 2255 vult
167 2198 271 2252 rector
283 2187 489 2252 tenebrarum
500 2185 632 2259 burum3
647 2209 713 2252 non
729 2185 795 2251 vult
812 2195 842 2250 to
857 2188 994 2253 abstrahi
1012 2189 1052 2254 de
1067 2203 1115 2254 te-

89 2295 197 2360 nebris
212 2294 286 2367 suis,
299 2305 330 2360 et
343 2294 383 2360 sd
398 2294 539 2360 seientia
553 2293 662 2361 lumen
682 2294 798 2361 adduci
815 2318 823 2359 :
842 2307 875 2360 et
894 2295 967 2362 nudi
983 2299 1058 2384 quid
1074 2297 1119 2361 di·

87 2405 135 2470 cit
152 2427 162 2468 .·
182 2431 195 2462 ι
213 2403 289 2481 Quis
303 2416 360 2478 est,
376 2407 502 2490 iuquit,
521 2405 614 2493 eujus
629 2407 756 2475 sudium
772 2406 908 2472 vocem?
923 2407 1036 2472 Nescio
1051 2408 1118 2472 uo-

81 2515 252 2588 rminum,
268 2525 299 2580 et
322 2513 419 2582 lsroiil
443 2521 508 2580 non
530 2515 719 2582 dimittom¹.
736 2540 749 2576 s
767 2515 849 2580 Audi
864 2515 941 2602 quid
957 2516 1119 2603 respondit

78 2625 230 2712 princeps
245 2623 341 2712 huius
356 2622 469 2689 mundi
486 2647 493 2688 :
512 2624 634 2690 nescire
656 2647 688 2690 so
710 2625 814 2690 Deum
830 2623 916 2689 dicit.
932 2611 1028 2690 Vides
1043 2625 1119 2712 quid
1170 2621 1175 2633 '

78 2735 143 2824 ugit
160 2733 264 2800 crudo
280 2733 439 2821 superbie.
457 2733 567 2798 Donec
581 2733 613 2797 in
629 2732 791 2799 laboribus
803 2733 968 2800 hominum
981 2754 1045 2800 non
1057 2747 1115 2808 est,

78 2855 205 2912 etcum
225 2842 409 2908 bominibus
431 2865 497 2908 non
520 2840 713 2938 llogelletun
734 2855 901 2930 proptereu
919 2845 1022 2909 nouit
1043 2867 1118 2910 eum

80 2953 231 3042 superbio
244 2949 269 3016 ².
284 2952 430 3038 Denique
444 2951 564 3018 videbis
578 2975 652 3018 eum
665 2951 833 3042 paulopost
848 2965 1003 3040 quantum
1019 2957 1118 3042 pross-

81 3064 124 3128 eit
139 3063 172 3128 in
188 3058 339 3149 llugellis,
359 3071 477 3146 quanto
492 3059 606 3126 melior
621 3065 804 3128 verberatus
818 3061 964 3128 efficitur.
984 3063 1047 3128 ls'te
1062 3065 1117 3151 qui

82 3172 177 3238 nodo
194 3171 277 3236 dicit
296 3193 305 3233 :
325 3168 467 3234 «Nescio
482 3168 667 3244 Dominum,
684 3199 697 3232 s
720 3183 827 3258 posteo
844 3191 917 3238 curn
935 3173 997 3236 vim
1016 3195 1119 3237 sense·

83 3280 326 3353 rirveeberun,
342 3277 486 3343 dicturus
500 3290 573 3342 est:
595 3279 717 3344 «Orate
732 3301 790 3368 pro
806 3303 858 3345 me
878 3279 1068 3347 Dominutn¹
1077 3306 1112 3356 ς»

90 3400 120 3452 et
132 3412 195 3454 nou
211 3387 318 3456 solum
335 3388 411 3463 boe,
429 3387 485 3454 sed
503 3389 597 3453 etium
618 3391 867 3455 contestantibus
889 3393 987 3480 magis
1006 3392 1119 3456 fatebi-

94 3507 145 3561 tur
155 3501 222 3585 quit
235 3500 357 3589 digitus
369 3497 427 3566 Del
442 3510 490 3566 ost
505 3501 539 3566 in
554 3499 669 3565 virtute
685 3501 856 3588 signorum.
873 3501 973 3566 Nemo
985 3515 1062 3590 ergo
1078 3504 1118 3566 ita

93 3605 258 3676 ineruditus
268 3610 388 3676 divina
400 3610 439 3674 sit
449 3608 635 3697 discipline,
648 3620 684 3674 ot
694 3605 817 3697 flagello
828 3605 933 3676 dirius
945 3612 1120 3697 perniciem

87 3729 184 3803 putet,
204 3732 237 3782 ut
253 3719 389 3784 verbero
405 3715 706 3806 Dourinipoenslem
721 3717 829 3782 erodnt
843 3715 1016 3784 interitum.
1036 3722 1121 3785 Eece

87 3823 205 3892 Pharao
224 3827 433 3899 durissimuss
457 3839 562 3892 umen
580 3825 707 3914 proficit
729 3827 921 3894 verberatus.
946 3822 1036 3894 Anto
1049 3851 1120 3893 ver-

116 3955 124 3984 ¹
139 3954 215 4002 stou.
231 3971 256 4013 r,
271 3973 295 4004 a.
308 3983 339 3994 ·-
352 3953 363 3988 ²
376 3937 442 4006 l‘sal.
457 3971 532 4014 extri,
543 3958 567 4014 5,
577 3955 600 4004 li.
613 3983 640 3994 ·-
653 3957 663 3990 θ
676 3957 755 4006 Erud.
770 3971 824 4016 νιιι,
840 3959 862 4003 8.
