2706 4624
243 295 304 357 ²7¹
685 293 830 338 eutonius

240 432 312 477 cem
325 409 379 475 det
391 409 475 474 Deus
491 422 716 497 superterram
727 410 893 477 nostromi
907 409 941 476 Si
956 420 1039 475 terre
1055 410 1096 474 sit
1110 411 1209 484 bons,
1221 405 1277 472 ills

240 543 309 606 quae
323 517 415 584 ell'ert
430 517 569 582 fructum
585 519 809 594 centesimum,
821 531 877 584 eut
891 518 1132 606 sexagesimum,
1147 529 1204 580 aut
1216 517 1279 580 tri-

241 628 408 702 cesimum,
423 623 509 690 illem
525 647 638 713 peoem
652 624 801 714 suscipiet
818 648 836 690 e
851 626 918 691 Deo
938 648 1033 713 quum
1050 623 1126 690 dicit
1140 627 1280 710 Aponio·

240 734 290 800 lus
304 757 312 800 ε
325 734 413 800 «Pox
427 745 534 800 autem
549 734 621 808 Dei,
636 759 707 822 quae
723 745 850 822 superet
866 757 994 800 emnem
1005 745 1158 809 mentem,
1170 746 1281 799 custo·
1340 723 1342 780 ἶ

242 844 335 909 »diet
351 842 447 908 corde
464 853 568 906 restro
586 855 618 907 et
639 865 748 908 sensus
767 855 886 908 vestros
898 842 920 906 ³.
935 871 948 904 ι
963 844 1040 908 Haec
1054 854 1102 907 est
1119 865 1197 930 ergo
1216 867 1280 932 pax
1332 827 1343 944 4

242 974 337 1039 quam
354 951 408 1016 dat
422 950 507 1015 Deus
519 973 615 1038 super
631 963 748 1016 terrem
764 962 916 1016 nostrum.

293 1061 359 1124 «Et
375 1058 549 1132 dormietis,
566 1069 599 1122 et
610 1080 675 1122 non
690 1057 751 1122 orit
762 1057 816 1144 qui
833 1080 888 1122 vos
899 1054 1110 1121 exterreot².»
1125 1056 1166 1119 lit
1182 1042 1280 1120 Stilo-
1341 1062 1343 1073 '

241 1191 317 1235 mon
327 1168 360 1233 in
371 1167 548 1232 Proverbiis
560 1165 638 1230 dixit
653 1189 661 1230 :
673 1192 686 1224 ι
697 1165 732 1230 Si
743 1166 829 1232 enim
842 1165 973 1240 sederis,
985 1165 1053 1228 sine
1067 1165 1181 1229 timore
1192 1165 1276 1230 eris:

242 1277 342 1342 »etsi
359 1276 539 1349 dormieris,
557 1273 693 1339 libenter
708 1295 856 1338 somnum
878 1274 995 1361 copies,
1011 1284 1042 1336 et
1063 1295 1127 1336 non
1149 1273 1277 1338 timebis
1338 1259 1343 1308 ἶ

243 1382 716 1472 »terroremuupervenientem
737 1381 808 1454 tibi,
826 1403 929 1469 neque
949 1381 1083 1468 impetus
1104 1379 1277 1466 impiorum

242 1523 255 1556 s
271 1493 528 1583 supervenientes
538 1491 562 1556 ⁸.
575 1519 588 1552 s
606 1489 681 1556 llaec
697 1487 749 1554 ille
764 1489 843 1554 dixit
854 1489 894 1555 de
905 1489 990 1575 justo
1001 1499 1034 1552 et
1045 1488 1185 1574 sapiente
1194 1489 1277 1562 viro,

242 1617 274 1668 et
289 1603 358 1670 baee
374 1605 406 1667 in
422 1597 644 1666 benedictione
660 1599 812 1664 dicuntur
829 1619 837 1660 :
859 1593 1073 1673 «Dormietisss
1087 1607 1119 1660 et
1134 1619 1200 1662 non
1217 1598 1278 1663 erit

243 1711 324 1798 »qui
340 1733 393 1774 vos
413 1719 605 1773 exterrent.»
620 1707 654 1772 si
669 1707 756 1771 enim
771 1706 874 1792 justus
888 1705 1021 1780 efficiar,
1038 1725 1130 1769 nemo
1151 1727 1202 1768 me
1225 1727 1278 1769 ex-

242 1833 361 1886 terrere
376 1819 492 1906 poterit
508 1839 515 1880 :
529 1815 609 1881 nibil
625 1816 719 1881 timeo
736 1813 834 1887 uliud,
850 1816 877 1878 si
891 1814 995 1880 Deum
1011 1813 1138 1879 timeum
1153 1835 1161 1878 :
1174 1813 1273 1878 ‹Jus-

244 1941 323 1993 »tus
345 1929 449 2000 enim,
472 1927 595 2012 inquit,
620 1924 751 1990 confidit
774 1938 809 1990 ut
827 1923 878 1990 leo
891 1924 937 2000 ’,ι
951 1937 985 1989 et
1003 1924 1076 1990 ideo
1098 1947 1158 1989 non
1182 1924 1276 1988 timet

240 2036 365 2103 leonem
394 2035 569 2110 diabolum,
592 2056 653 2100 nec
677 2035 849 2100 draconem
871 2033 1034 2109 Sateuam,
1061 2055 1116 2098 neo
1139 2029 1270 2118 angelos

242 2147 329 2232 ejus;
353 2145 409 2209 sed
430 2144 507 2208 dicit
530 2143 706 2209 seeundum
730 2142 831 2208 David
847 2164 882 2206 τι
898 2142 967 2208 Non
989 2143 1108 2208 timebo
1127 2139 1272 2205 atimore

242 2265 438 2326 »nocturne
452 2265 475 2318 e'
484 2252 590 2341 jaculo
608 2251 731 2318 volente
747 2275 805 2340 per
820 2253 919 2328 diem,
931 2275 947 2316 e
961 2255 1088 2340 negotio
1103 2252 1277 2341 perambu-

241 2363 351 2430 slnnte
367 2365 399 2429 in
413 2364 566 2438 tenebris,
584 2386 600 2426 n
618 2363 720 2436 ruina,
738 2375 771 2426 et
787 2362 944 2428 doemonio
958 2363 1133 2428 meridiano
1148 2360 1194 2426 ⁵.»
1210 2361 1277 2428 Ad·

142 2501 147 2514 =
239 2472 330 2538 ditet
345 2471 423 2537 illud
439 2493 472 2535 :t
490 2471 644 2536 Dominus
659 2468 846 2536 illuminatio
861 2493 944 2547 mea,
957 2483 990 2536 et
1004 2471 1149 2537 Sulvntor
1172 2493 1274 2546 meus.

242 2603 364 2668 »quem
380 2579 523 2644 timebo?
537 2579 693 2644 Dominus
709 2579 856 2644 defensor
873 2580 942 2643 vito
956 2603 1078 2656 memo
1098 2604 1163 2668 quo
1178 2579 1278 2668 trepi-

241 2717 253 2750 »
269 2690 351 2754 dnbo
366 2687 419 2753 ‘is
436 2689 476 2753 Et
490 2688 607 2752 iterum
622 2710 630 2751 ε
644 2714 656 2747 ι
672 2688 706 2753 Si
723 2689 897 2754 consistent
912 2689 1077 2754 adversum
1093 2713 1145 2755 me
1161 2704 1276 2765 costr-u,

240 2827 253 2860 s
268 2821 333 2864 non
348 2798 474 2864 timebit
489 2819 546 2864 cor
561 2820 669 2863 meum
684 2797 731 2862 ⁷.»
745 2798 840 2864 Vides
856 2801 1066 2865 coustantium
1077 2813 1111 2864 et
1124 2799 1279 2866 virtutem

240 2908 352 2972 onimae
364 2905 569 2972 custodientis
580 2905 728 2971 mundata
740 2897 812 2981 Dei,
821 2919 853 2971 et
864 2907 1010 2972 habentis
1021 2903 1174 2972 fiduciam
1185 2907 1283 2973 liber·

241 3017 314 3082 totis
326 3016 479 3103 ingenue.
493 3014 568 3081 Post
580 3015 662 3090 baec,
678 3016 937 3091 «Exterminebo,
948 3017 1071 3102 inquit,
1084 3017 1204 3081 bestias
1216 3039 1282 3082 mn·

241 3121 312 3188 »las
326 3122 366 3186 de
381 3134 463 3187 terro
480 3135 582 3187 vestra
594 3120 616 3185 ⁸.
628 3151 641 3184 s
658 3123 783 3198 antiae,
796 3123 910 3209 inquit,
924 3124 990 3190 istae
1002 3123 1197 3212 corporales,
1214 3147 1281 3190 non

241 3241 317 3296 sunt
329 3228 420 3295 molae
436 3253 540 3317 neque
554 3233 659 3307 bonae,
676 3233 732 3298 sed
747 3233 888 3300 medium
909 3234 1069 3319 quiddam.
1093 3233 1177 3300 Sunt
1191 3233 1281 3299 enim

242 3349 330 3404 muto
345 3336 501 3402 animalia.
517 3339 581 3406 Sed
597 3338 656 3406 illae
672 3341 780 3408 bestiae
796 3341 887 3408 melae
901 3355 975 3408 sunt
991 3341 1185 3431 spirituales,
1198 3365 1282 3431 ques

244 3443 413 3536 Apostolus
437 3447 514 3512 dicit
534 3449 740 3537 «spirituales
754 3439 909 3537 nequities
928 3453 961 3518 in
982 3450 1164 3519 celestibus
1173 3452 1199 3517 ⁹.
1211 3481 1225 3513 s
1238 3455 1285 3518 Et

243 3552 293 3620 illo
305 3567 353 3620 est
368 3551 447 3619 melo
461 3556 573 3632 bestie.
586 3557 626 3621 de
637 3582 699 3645 quo
713 3559 790 3624 dicit
803 3558 964 3647 Scriptura
977 3583 984 3625 ε
997 3559 1157 3649 «Serpens
1166 3571 1284 3625 eutem

277 3744 286 3777 ¹
299 3744 360 3792 t‘ttt.
377 3759 410 3803 rr,
422 3763 444 3806 7.
456 3773 484 3782 -
497 3746 507 3779 ²
519 3749 579 3797 Luv.
596 3751 737 3808 xxi·r‚6.-
750 3750 759 3784 ⁸
771 3753 843 3801 l'ror.
857 3771 900 3807 ιιι,
913 3754 952 3810 nl,
966 3755 1005 3802 25.
1022 3752 1071 3790 „t
1083 3753 1124 3801 ld.
1139 3769 1232 3812 nsvin,
1248 3769 1273 3800 r.

244 3847 274 3856 -
288 3817 297 3850 ⁵
313 3817 375 3866 Ptol·
390 3834 439 3876 ¹⁰¹,
452 3821 474 3878 5,
487 3821 510 3868 6·
521 3847 549 3858 ·-
563 3821 573 3854 ⁶
587 3824 650 3872 l’sal.
666 3841 745 3884 xxvii,
759 3841 819 3876 1.-
830 3825 839 3858 ⁷
852 3826 920 3875 lbid.
932 3827 956 3874 5.
968 3853 998 3862 -
1010 3825 1019 3858 ¹
1033 3827 1114 3873 berit.
1129 3841 1200 3884 nrt,
1211 3825 1283 3872 6.-

244 3891 354 3954 ἘμΙιοε.
368 3907 402 3949 vr,
414 3907 450 3939 rr.
1060 3911 1063 3919 ·
