<?xml version="1.0" encoding="UTF-8"?>
<!DOCTYPE html PUBLIC "-//W3C//DTD XHTML 1.0 Transitional//EN"
    "http://www.w3.org/TR/xhtml1/DTD/xhtml1-transitional.dtd">
<html xmlns="http://www.w3.org/1999/xhtml" xml:lang="en" lang="en">
 <head>
  <title>
</title>
<meta http-equiv="Content-Type" content="text/html;charset=utf-8" />
  <meta name='ocr-system' content='tesseract 3.04.00' />
  <meta name='ocr-capabilities' content='ocr_page ocr_carea ocr_par ocr_line ocrx_word'/>
</head>
<body>
  <div class='ocr_page' id='page_1' title='image "./collectioselect01guilgoog_1088.png"; bbox 0 0 2644 4612; ppageno 0'>
   <div class='ocr_carea' id='block_1_1' title="bbox 177 237 762 302">
    <p class='ocr_par' dir='ltr' id='par_1_1' title="bbox 177 237 762 302">
     <span class='ocr_line' id='line_1_1' title="bbox 177 237 762 302; baseline -0.003 -2"><span class='ocrx_word' id='word_1_1' title='bbox 177 237 240 300; x_wconf 81' lang='lat' dir='ltr'><strong>liae</strong></span> <span class='ocrx_word' id='word_1_2' title='bbox 387 277 390 284; x_wconf 92' lang='lat'>·</span> <span class='ocrx_word' id='word_1_3' title='bbox 621 255 762 302; x_wconf 81' lang='lat' dir='ltr'><strong>oaroaars</strong></span> 
     </span>
    </p>
   </div>
   <div class='ocr_carea' id='block_1_2' title="bbox 175 375 1233 798">
    <p class='ocr_par' dir='ltr' id='par_1_2' title="bbox 175 375 1233 798">
     <span class='ocr_line' id='line_1_2' title="bbox 175 375 1233 469; baseline -0.002 -23"><span class='ocrx_word' id='word_1_4' title='bbox 175 379 324 446; x_wconf 89' lang='lat' dir='ltr'><strong>firmitate</strong></span> <span class='ocrx_word' id='word_1_5' title='bbox 335 380 485 445; x_wconf 78' lang='lat' dir='ltr'><strong>securior.</strong></span> <span class='ocrx_word' id='word_1_6' title='bbox 501 379 547 444; x_wconf 91' lang='lat' dir='ltr'><strong>lta</strong></span> <span class='ocrx_word' id='word_1_7' title='bbox 560 393 679 469; x_wconf 85' lang='lat' dir='ltr'><strong>ergoet</strong></span> <span class='ocrx_word' id='word_1_8' title='bbox 690 403 747 445; x_wconf 92' lang='lat' dir='ltr'><strong>nos</strong></span> <span class='ocrx_word' id='word_1_9' title='bbox 760 379 813 445; x_wconf 95' lang='lat' dir='ltr'><strong>ubi</strong></span> <span class='ocrx_word' id='word_1_10' title='bbox 829 400 862 444; x_wconf 89' lang='lat' dir='ltr'><strong>se</strong></span> <span class='ocrx_word' id='word_1_11' title='bbox 875 381 1043 468; x_wconf 85' lang='lat' dir='ltr'><strong>propositae</strong></span> <span class='ocrx_word' id='word_1_12' title='bbox 1060 375 1233 468; x_wconf 78' lang='lat' dir='ltr'><strong>explana-</strong></span> 
     </span>
     <span class='ocr_line' id='line_1_3' title="bbox 177 489 1231 581; baseline 0.001 -27"><span class='ocrx_word' id='word_1_13' title='bbox 177 491 272 555; x_wconf 80' lang='lat' dir='ltr'>tionis</span> <span class='ocrx_word' id='word_1_14' title='bbox 286 491 425 579; x_wconf 89' lang='lat' dir='ltr'><strong>quodam</strong></span> <span class='ocrx_word' id='word_1_15' title='bbox 436 490 533 556; x_wconf 91' lang='lat' dir='ltr'><strong>modo</strong></span> <span class='ocrx_word' id='word_1_16' title='bbox 545 492 743 557; x_wconf 80' lang='lat' dir='ltr'><strong>substraxere</strong></span> <span class='ocrx_word' id='word_1_17' title='bbox 751 490 876 580; x_wconf 86' lang='lat' dir='ltr'><strong>vestigia</strong></span> <span class='ocrx_word' id='word_1_18' title='bbox 888 489 1076 581; x_wconf 91' lang='lat' dir='ltr'><strong>,paululum</strong></span> <span class='ocrx_word' id='word_1_19' title='bbox 1088 513 1231 556; x_wconf 86' lang='lat' dir='ltr'><strong>emensa</strong></span> 
     </span>
     <span class='ocr_line' id='line_1_4' title="bbox 176 596 1232 687; baseline -0.001 -23"><span class='ocrx_word' id='word_1_20' title='bbox 176 609 372 687; x_wconf 77' lang='lat' dir='ltr'><strong>repetentes,</strong></span> <span class='ocrx_word' id='word_1_21' title='bbox 390 610 422 662; x_wconf 91' lang='lat' dir='ltr'><strong>et</strong></span> <span class='ocrx_word' id='word_1_22' title='bbox 441 596 615 687; x_wconf 80' lang='lat' dir='ltr'><strong>planiorem</strong></span> <span class='ocrx_word' id='word_1_23' title='bbox 639 623 734 687; x_wconf 57' lang='lat' dir='ltr'><strong>mam</strong></span> <span class='ocrx_word' id='word_1_24' title='bbox 758 599 878 666; x_wconf 92' lang='lat' dir='ltr'><strong>dudum</strong></span> <span class='ocrx_word' id='word_1_25' title='bbox 902 600 1074 666; x_wconf 83' lang='lat' dir='ltr'><strong>ridebatur</strong></span> <span class='ocrx_word' id='word_1_26' title='bbox 1099 601 1232 686; x_wconf 80' lang='lat' dir='ltr'><strong>exposi-</strong></span> 
     </span>
     <span class='ocr_line' id='line_1_5' title="bbox 175 707 1230 798; baseline -0.001 -25"><span class='ocrx_word' id='word_1_27' title='bbox 175 708 268 774; x_wconf 79' lang='lat' dir='ltr'><strong>tionis</strong></span> <span class='ocrx_word' id='word_1_28' title='bbox 280 707 424 773; x_wconf 79' lang='lat' dir='ltr'><strong>ordinem</strong></span> <span class='ocrx_word' id='word_1_29' title='bbox 434 720 676 796; x_wconf 69' lang='lat' dir='ltr'><strong>persequentes,</strong></span> <span class='ocrx_word' id='word_1_30' title='bbox 685 730 846 798; x_wconf 86' lang='lat' dir='ltr'><strong>speramus</strong></span> <span class='ocrx_word' id='word_1_31' title='bbox 857 709 943 796; x_wconf 92' lang='lat' dir='ltr'><strong>quod</strong></span> <span class='ocrx_word' id='word_1_32' title='bbox 957 709 1127 774; x_wconf 87' lang='lat' dir='ltr'><strong>Dominus</strong></span> <span class='ocrx_word' id='word_1_33' title='bbox 1140 708 1230 772; x_wconf 87' lang='lat' dir='ltr'><strong>Deus</strong></span> 
     </span>
    </p>
   </div>
   <div class='ocr_carea' id='block_1_3' title="bbox 177 816 1232 2091">
    <p class='ocr_par' dir='ltr' id='par_1_3' title="bbox 177 816 1232 2091">
     <span class='ocr_line' id='line_1_6' title="bbox 177 816 1232 904; baseline -0.004 -22"><span class='ocrx_word' id='word_1_34' title='bbox 177 827 285 882; x_wconf 89' lang='lat' dir='ltr'><strong>noster</strong></span> <span class='ocrx_word' id='word_1_35' title='bbox 298 816 401 881; x_wconf 89' lang='lat' dir='ltr'><strong>tradat</strong></span> <span class='ocrx_word' id='word_1_36' title='bbox 416 816 448 880; x_wconf 94' lang='lat' dir='ltr'><strong>in</strong></span> <span class='ocrx_word' id='word_1_37' title='bbox 470 839 584 882; x_wconf 89' lang='lat' dir='ltr'><strong>manus</strong></span> <span class='ocrx_word' id='word_1_38' title='bbox 605 829 727 884; x_wconf 89' lang='lat' dir='ltr'><strong>nostras</strong></span> <span class='ocrx_word' id='word_1_39' title='bbox 742 818 961 893; x_wconf 84' lang='lat' dir='ltr'><strong>venationem,</strong></span> <span class='ocrx_word' id='word_1_40' title='bbox 979 839 1085 904; x_wconf 90' lang='lat' dir='ltr'><strong>quam</strong></span> <span class='ocrx_word' id='word_1_41' title='bbox 1105 837 1232 903; x_wconf 70' lang='lat' dir='ltr'><strong>praepa-</strong></span> 
     </span>
     <span class='ocr_line' id='line_1_7' title="bbox 177 921 1230 1003; baseline -0.002 -13"><span class='ocrx_word' id='word_1_42' title='bbox 177 938 300 1003; x_wconf 89' lang='lat' dir='ltr'><strong>rantes,</strong></span> <span class='ocrx_word' id='word_1_43' title='bbox 324 936 356 992; x_wconf 90' lang='lat' dir='ltr'><strong>et</strong></span> <span class='ocrx_word' id='word_1_44' title='bbox 377 925 554 991; x_wconf 90' lang='lat' dir='ltr'><strong>secondum</strong></span> <span class='ocrx_word' id='word_1_45' title='bbox 581 925 744 991; x_wconf 89' lang='lat' dir='ltr'><strong>scientiam</strong></span> <span class='ocrx_word' id='word_1_46' title='bbox 769 925 878 991; x_wconf 89' lang='lat' dir='ltr'><strong>matris</strong></span> <span class='ocrx_word' id='word_1_47' title='bbox 904 923 1029 992; x_wconf 78' lang='lat' dir='ltr'><strong>Rachel</strong></span> <span class='ocrx_word' id='word_1_48' title='bbox 1058 921 1230 989; x_wconf 82' lang='lat' dir='ltr'><strong>rationalis</strong></span> 
     </span>
     <span class='ocr_line' id='line_1_8' title="bbox 177 1031 1232 1119; baseline -0.004 -20"><span class='ocrx_word' id='word_1_49' title='bbox 177 1035 265 1099; x_wconf 83' lang='lat' dir='ltr'><strong>verbi</strong></span> <span class='ocrx_word' id='word_1_50' title='bbox 276 1032 392 1100; x_wconf 88' lang='lat' dir='ltr'><strong>salibus</strong></span> <span class='ocrx_word' id='word_1_51' title='bbox 405 1034 607 1109; x_wconf 88' lang='lat' dir='ltr'><strong>condientes,</strong></span> <span class='ocrx_word' id='word_1_52' title='bbox 620 1032 856 1099; x_wconf 90' lang='lat' dir='ltr'><strong>benedictiones</strong></span> <span class='ocrx_word' id='word_1_53' title='bbox 866 1055 1058 1098; x_wconf 88' lang='lat' dir='ltr'><strong>mereamur</strong></span> <span class='ocrx_word' id='word_1_54' title='bbox 1069 1031 1232 1119; x_wconf 82' lang='lat' dir='ltr'><strong>consequi</strong></span> 
     </span>
     <span class='ocr_line' id='line_1_9' title="bbox 179 1140 1229 1231; baseline -0.002 -25"><span class='ocrx_word' id='word_1_55' title='bbox 179 1140 342 1231; x_wconf 88' lang='lat' dir='ltr'><strong>aspiritali</strong></span> <span class='ocrx_word' id='word_1_56' title='bbox 363 1153 453 1230; x_wconf 83' lang='lat' dir='ltr'><strong>patre</strong></span> <span class='ocrx_word' id='word_1_57' title='bbox 471 1141 582 1207; x_wconf 88' lang='lat' dir='ltr'><strong>Jacob.</strong></span> <span class='ocrx_word' id='word_1_58' title='bbox 603 1143 735 1230; x_wconf 88' lang='lat' dir='ltr'><strong>Propter</strong></span> <span class='ocrx_word' id='word_1_59' title='bbox 753 1140 838 1230; x_wconf 92' lang='lat' dir='ltr'><strong>quod</strong></span> <span class='ocrx_word' id='word_1_60' title='bbox 855 1141 1081 1207; x_wconf 87' lang='lat' dir='ltr'><strong>necessarium</strong></span> <span class='ocrx_word' id='word_1_61' title='bbox 1100 1140 1229 1205; x_wconf 81' lang='lat' dir='ltr'><strong>ridetur</strong></span> 
     </span>
     <span class='ocr_line' id='line_1_10' title="bbox 182 1244 1226 1336; baseline 0.001 -26"><span class='ocrx_word' id='word_1_62' title='bbox 182 1247 245 1332; x_wconf 88' lang='lat' dir='ltr'><strong>(ut</strong></span> <span class='ocrx_word' id='word_1_63' title='bbox 263 1246 422 1335; x_wconf 87' lang='lat' dir='ltr'><strong>diximus)</strong></span> <span class='ocrx_word' id='word_1_64' title='bbox 444 1247 581 1312; x_wconf 78' lang='lat' dir='ltr'><strong>breviter</strong></span> <span class='ocrx_word' id='word_1_65' title='bbox 602 1245 686 1313; x_wconf 88' lang='lat' dir='ltr'><strong>dicta</strong></span> <span class='ocrx_word' id='word_1_66' title='bbox 709 1251 873 1336; x_wconf 79' lang='lat' dir='ltr'><strong>repetere,</strong></span> <span class='ocrx_word' id='word_1_67' title='bbox 894 1244 1226 1335; x_wconf 81' lang='lat' dir='ltr'><strong>explanationemque</strong></span> 
     </span>
     <span class='ocr_line' id='line_1_11' title="bbox 179 1355 1222 1446; baseline -0.002 -25"><span class='ocrx_word' id='word_1_68' title='bbox 179 1357 320 1446; x_wconf 84' lang='lat' dir='ltr'><strong>priorem</strong></span> <span class='ocrx_word' id='word_1_69' title='bbox 339 1366 498 1434; x_wconf 82' lang='lat' dir='ltr'><strong>retexere,</strong></span> <span class='ocrx_word' id='word_1_70' title='bbox 516 1368 551 1420; x_wconf 92' lang='lat' dir='ltr'><strong>ut</strong></span> <span class='ocrx_word' id='word_1_71' title='bbox 567 1357 621 1445; x_wconf 92' lang='lat' dir='ltr'><strong>qui</strong></span> <span class='ocrx_word' id='word_1_72' title='bbox 640 1357 680 1420; x_wconf 89' lang='lat' dir='ltr'><strong>sit</strong></span> <span class='ocrx_word' id='word_1_73' title='bbox 694 1355 830 1422; x_wconf 90' lang='lat' dir='ltr'><strong>lucidior</strong></span> <span class='ocrx_word' id='word_1_74' title='bbox 849 1379 959 1422; x_wconf 87' lang='lat' dir='ltr'><strong>sensus</strong></span> <span class='ocrx_word' id='word_1_75' title='bbox 975 1355 1163 1443; x_wconf 83' lang='lat' dir='ltr'><strong>aperiatur.</strong></span> <span class='ocrx_word' id='word_1_76' title='bbox 1178 1355 1222 1420; x_wconf 82' lang='lat' dir='ltr'><strong>ln</strong></span> 
     </span>
     <span class='ocr_line' id='line_1_12' title="bbox 178 1462 1212 1554; baseline -0.001 -26"><span class='ocrx_word' id='word_1_77' title='bbox 178 1462 275 1553; x_wconf 90' lang='lat' dir='ltr'><strong>telligi</strong></span> <span class='ocrx_word' id='word_1_78' title='bbox 298 1487 372 1554; x_wconf 85' lang='lat' dir='ltr'><strong>ergo</strong></span> <span class='ocrx_word' id='word_1_79' title='bbox 392 1463 469 1529; x_wconf 90' lang='lat' dir='ltr'><strong>mihi</strong></span> <span class='ocrx_word' id='word_1_80' title='bbox 485 1464 609 1530; x_wconf 85' lang='lat' dir='ltr'><strong>videtur</strong></span> <span class='ocrx_word' id='word_1_81' title='bbox 629 1487 668 1530; x_wconf 80' lang='lat' dir='ltr'><strong>ex</strong></span> <span class='ocrx_word' id='word_1_82' title='bbox 682 1465 773 1530; x_wconf 92' lang='lat' dir='ltr'><strong>initio</strong></span> <span class='ocrx_word' id='word_1_83' title='bbox 789 1465 940 1554; x_wconf 91' lang='lat' dir='ltr'><strong>propositi</strong></span> <span class='ocrx_word' id='word_1_84' title='bbox 956 1464 1123 1532; x_wconf 77' lang='lat' dir='ltr'><strong>dramatis</strong></span> <span class='ocrx_word' id='word_1_85' title='bbox 1138 1487 1212 1552; x_wconf 79' lang='lat' dir='ltr'><strong>spon</strong></span> 
     </span>
     <span class='ocr_line' id='line_1_13' title="bbox 178 1571 1207 1661; baseline -0.002 -23"><span class='ocrx_word' id='word_1_86' title='bbox 178 1596 246 1638; x_wconf 89' lang='lat' dir='ltr'><strong>sam</strong></span> <span class='ocrx_word' id='word_1_87' title='bbox 264 1571 339 1637; x_wconf 87' lang='lat' dir='ltr'><strong>loris</strong></span> <span class='ocrx_word' id='word_1_88' title='bbox 354 1585 435 1637; x_wconf 88' lang='lat' dir='ltr'><strong>stare</strong></span> <span class='ocrx_word' id='word_1_89' title='bbox 449 1573 483 1638; x_wconf 92' lang='lat' dir='ltr'><strong>in</strong></span> <span class='ocrx_word' id='word_1_90' title='bbox 497 1573 600 1652; x_wconf 77' lang='lat' dir='ltr'><strong>bivio,</strong></span> <span class='ocrx_word' id='word_1_91' title='bbox 621 1584 653 1638; x_wconf 91' lang='lat' dir='ltr'><strong>et</strong></span> <span class='ocrx_word' id='word_1_92' title='bbox 668 1574 709 1637; x_wconf 94' lang='lat' dir='ltr'><strong>ob</strong></span> <span class='ocrx_word' id='word_1_93' title='bbox 729 1595 871 1640; x_wconf 85' lang='lat' dir='ltr'><strong>amorem</strong></span> <span class='ocrx_word' id='word_1_94' title='bbox 892 1572 1001 1661; x_wconf 88' lang='lat' dir='ltr'><strong>sponsi</strong></span> <span class='ocrx_word' id='word_1_95' title='bbox 1024 1571 1111 1637; x_wconf 90' lang='lat' dir='ltr'><strong>hinc</strong></span> <span class='ocrx_word' id='word_1_96' title='bbox 1131 1585 1207 1658; x_wconf 80' lang='lat' dir='ltr'><strong>atque</strong></span> 
     </span>
     <span class='ocr_line' id='line_1_14' title="bbox 179 1667 1210 1767; baseline 0.002 -26"><span class='ocrx_word' id='word_1_97' title='bbox 179 1677 255 1741; x_wconf 92' lang='lat' dir='ltr'><strong>inde</strong></span> <span class='ocrx_word' id='word_1_98' title='bbox 270 1667 451 1766; x_wconf 80' lang='lat' dir='ltr'><strong>prospicere</strong></span> <span class='ocrx_word' id='word_1_99' title='bbox 468 1678 492 1742; x_wconf 91' lang='lat' dir='ltr'><strong>si</strong></span> <span class='ocrx_word' id='word_1_100' title='bbox 507 1677 588 1744; x_wconf 85' lang='lat' dir='ltr'><strong>forte</strong></span> <span class='ocrx_word' id='word_1_101' title='bbox 602 1678 726 1754; x_wconf 86' lang='lat' dir='ltr'><strong>veniat,</strong></span> <span class='ocrx_word' id='word_1_102' title='bbox 739 1679 764 1743; x_wconf 87' lang='lat' dir='ltr'><strong>si</strong></span> <span class='ocrx_word' id='word_1_103' title='bbox 780 1678 861 1743; x_wconf 78' lang='lat' dir='ltr'><strong>sorte</strong></span> <span class='ocrx_word' id='word_1_104' title='bbox 873 1689 1045 1767; x_wconf 79' lang='lat' dir='ltr'><strong>appareat,</strong></span> <span class='ocrx_word' id='word_1_105' title='bbox 1069 1678 1210 1743; x_wconf 87' lang='lat' dir='ltr'><strong>necriam</strong></span> 
     </span>
     <span class='ocr_line' id='line_1_15' title="bbox 179 1783 1210 1883; baseline 0.001 -34"><span class='ocrx_word' id='word_1_106' title='bbox 179 1785 302 1874; x_wconf 80' lang='lat' dir='ltr'><strong>ingredi</strong></span> <span class='ocrx_word' id='word_1_107' title='bbox 321 1783 399 1850; x_wconf 88' lang='lat' dir='ltr'><strong>velle</strong></span> <span class='ocrx_word' id='word_1_108' title='bbox 417 1783 554 1873; x_wconf 90' lang='lat' dir='ltr'><strong>aliquam</strong></span> <span class='ocrx_word' id='word_1_109' title='bbox 566 1787 643 1883; x_wconf 78' lang='lat' dir='ltr'><strong>dum</strong></span> <span class='ocrx_word' id='word_1_110' title='bbox 658 1787 781 1875; x_wconf 86' lang='lat' dir='ltr'><strong>ignorat</strong></span> <span class='ocrx_word' id='word_1_111' title='bbox 799 1786 884 1852; x_wconf 91' lang='lat' dir='ltr'><strong>unde</strong></span> <span class='ocrx_word' id='word_1_112' title='bbox 902 1785 1005 1874; x_wconf 90' lang='lat' dir='ltr'><strong>magis</strong></span> <span class='ocrx_word' id='word_1_113' title='bbox 1018 1787 1141 1860; x_wconf 82' lang='lat' dir='ltr'><strong>veniat,</strong></span> <span class='ocrx_word' id='word_1_114' title='bbox 1155 1807 1210 1850; x_wconf 86' lang='lat' dir='ltr'><strong>uec</strong></span> 
     </span>
     <span class='ocr_line' id='line_1_16' title="bbox 181 1892 1198 1984; baseline 0 -26"><span class='ocrx_word' id='word_1_115' title='bbox 181 1894 288 1970; x_wconf 85' lang='lat' dir='ltr'><strong>domi,</strong></span> <span class='ocrx_word' id='word_1_116' title='bbox 308 1893 364 1958; x_wconf 90' lang='lat' dir='ltr'><strong>sed</strong></span> <span class='ocrx_word' id='word_1_117' title='bbox 380 1892 455 1958; x_wconf 86' lang='lat' dir='ltr'><strong>foris</strong></span> <span class='ocrx_word' id='word_1_118' title='bbox 473 1905 574 1968; x_wconf 89' lang='lat' dir='ltr'><strong>stare,</strong></span> <span class='ocrx_word' id='word_1_119' title='bbox 595 1906 627 1960; x_wconf 92' lang='lat' dir='ltr'><strong>et</strong></span> <span class='ocrx_word' id='word_1_120' title='bbox 644 1894 799 1960; x_wconf 89' lang='lat' dir='ltr'><strong>desiderio</strong></span> <span class='ocrx_word' id='word_1_121' title='bbox 813 1895 881 1984; x_wconf 88' lang='lat' dir='ltr'><strong>ejus</strong></span> <span class='ocrx_word' id='word_1_122' title='bbox 897 1895 1011 1982; x_wconf 86' lang='lat' dir='ltr'><strong>agitari</strong></span> <span class='ocrx_word' id='word_1_123' title='bbox 1029 1916 1065 1960; x_wconf 90' lang='lat' dir='ltr'><strong>ac</strong></span> <span class='ocrx_word' id='word_1_124' title='bbox 1083 1893 1198 1958; x_wconf 81' lang='lat' dir='ltr'><strong>dicere:</strong></span> 
     </span>
     <span class='ocr_line' id='line_1_17' title="bbox 190 1999 1201 2091; baseline 0.004 -29"><span class='ocrx_word' id='word_1_125' title='bbox 190 1999 381 2067; x_wconf 75' lang='lat' dir='ltr'><strong>«Osculetur</strong></span> <span class='ocrx_word' id='word_1_126' title='bbox 395 2025 448 2066; x_wconf 90' lang='lat' dir='ltr'><strong>me</strong></span> <span class='ocrx_word' id='word_1_127' title='bbox 459 2000 568 2068; x_wconf 87' lang='lat' dir='ltr'><strong>osculo</strong></span> <span class='ocrx_word' id='word_1_128' title='bbox 583 2002 646 2067; x_wconf 89' lang='lat' dir='ltr'><strong>oris</strong></span> <span class='ocrx_word' id='word_1_129' title='bbox 657 2001 726 2068; x_wconf 84' lang='lat' dir='ltr'><strong>sui¹</strong></span> <span class='ocrx_word' id='word_1_130' title='bbox 739 2027 746 2068; x_wconf 94' lang='lat'>:</span> <span class='ocrx_word' id='word_1_131' title='bbox 757 2003 833 2070; x_wconf 75' lang='lat' dir='ltr'><strong>rubi</strong></span> <span class='ocrx_word' id='word_1_132' title='bbox 850 2013 957 2068; x_wconf 89' lang='lat' dir='ltr'><strong>nutem</strong></span> <span class='ocrx_word' id='word_1_133' title='bbox 969 2004 1062 2068; x_wconf 82' lang='lat' dir='ltr'><strong>venit</strong></span> <span class='ocrx_word' id='word_1_134' title='bbox 1074 2023 1201 2091; x_wconf 84' lang='lat' dir='ltr'><strong>sponsus,</strong></span> 
     </span>
    </p>
   </div>
   <div class='ocr_carea' id='block_1_4' title="bbox 73 2108 1214 2200">
    <p class='ocr_par' dir='ltr' id='par_1_4' title="bbox 73 2108 1214 2200">
     <span class='ocr_line' id='line_1_18' title="bbox 73 2108 1214 2200; baseline -0.004 -24"><span class='ocrx_word' id='word_1_135' title='bbox 73 2115 75 2122; x_wconf 81' lang='grc'><em>’</em></span> <span class='ocrx_word' id='word_1_136' title='bbox 182 2111 285 2176; x_wconf 91' lang='lat' dir='ltr'><strong>dicat:</strong></span> <span class='ocrx_word' id='word_1_137' title='bbox 303 2137 315 2170; x_wconf 74' lang='grc' dir='ltr'>ι</span> <span class='ocrx_word' id='word_1_138' title='bbox 331 2111 421 2177; x_wconf 91' lang='lat' dir='ltr'><strong>Bona</strong></span> <span class='ocrx_word' id='word_1_139' title='bbox 432 2120 505 2176; x_wconf 91' lang='lat' dir='ltr'><strong>sunt</strong></span> <span class='ocrx_word' id='word_1_140' title='bbox 521 2112 619 2176; x_wconf 89' lang='lat' dir='ltr'><strong>ubera</strong></span> <span class='ocrx_word' id='word_1_141' title='bbox 634 2122 688 2177; x_wconf 89' lang='lat' dir='ltr'><strong>tua</strong></span> <span class='ocrx_word' id='word_1_142' title='bbox 699 2133 794 2200; x_wconf 88' lang='lat' dir='ltr'><strong>super</strong></span> <span class='ocrx_word' id='word_1_143' title='bbox 804 2111 930 2187; x_wconf 82' lang='lat' dir='ltr'><strong>vinum,</strong></span> <span class='ocrx_word' id='word_1_144' title='bbox 943 2139 956 2172; x_wconf 76' lang='grc' dir='ltr'><strong><em>ι</em></strong></span> <span class='ocrx_word' id='word_1_145' title='bbox 970 2121 1006 2175; x_wconf 90' lang='lat' dir='ltr'><strong>et</strong></span> <span class='ocrx_word' id='word_1_146' title='bbox 1018 2108 1214 2198; x_wconf 88' lang='lat' dir='ltr'><strong>reliqua,us-</strong></span> 
     </span>
    </p>
   </div>
   <div class='ocr_carea' id='block_1_5' title="bbox 180 2216 1216 2306">
    <p class='ocr_par' dir='ltr' id='par_1_5' title="bbox 180 2216 1216 2306">
     <span class='ocr_line' id='line_1_19' title="bbox 180 2216 1216 2306; baseline 0.001 -24"><span class='ocrx_word' id='word_1_147' title='bbox 180 2240 243 2306; x_wconf 92' lang='lat' dir='ltr'><strong>que</strong></span> <span class='ocrx_word' id='word_1_148' title='bbox 259 2218 298 2283; x_wconf 90' lang='lat' dir='ltr'><strong>od</strong></span> <span class='ocrx_word' id='word_1_149' title='bbox 313 2241 387 2284; x_wconf 90' lang='lat' dir='ltr'><strong>eum</strong></span> <span class='ocrx_word' id='word_1_150' title='bbox 403 2216 510 2284; x_wconf 92' lang='lat' dir='ltr'><strong>locum</strong></span> <span class='ocrx_word' id='word_1_151' title='bbox 527 2219 581 2284; x_wconf 94' lang='lat' dir='ltr'><strong>ubi</strong></span> <span class='ocrx_word' id='word_1_152' title='bbox 594 2219 660 2284; x_wconf 86' lang='lat' dir='ltr'><strong>ait:</strong></span> <span class='ocrx_word' id='word_1_153' title='bbox 680 2219 778 2284; x_wconf 81' lang='lat' dir='ltr'><strong>«Post</strong></span> <span class='ocrx_word' id='word_1_154' title='bbox 793 2232 824 2285; x_wconf 88' lang='lat' dir='ltr'><strong>te</strong></span> <span class='ocrx_word' id='word_1_155' title='bbox 835 2241 1012 2286; x_wconf 90' lang='lat' dir='ltr'><strong>curremus.</strong></span> <span class='ocrx_word' id='word_1_156' title='bbox 1034 2219 1139 2285; x_wconf 75' lang='lat' dir='ltr'><strong>»Post</strong></span> <span class='ocrx_word' id='word_1_157' title='bbox 1153 2218 1216 2283; x_wconf 80' lang='lat' dir='ltr'><strong>bac</strong></span> 
     </span>
    </p>
   </div>
   <div class='ocr_carea' id='block_1_6' title="bbox 182 2327 1214 2520">
    <p class='ocr_par' dir='ltr' id='par_1_6' title="bbox 182 2327 1214 2520">
     <span class='ocr_line' id='line_1_20' title="bbox 183 2327 1214 2417; baseline -0.002 -24"><span class='ocrx_word' id='word_1_158' title='bbox 183 2327 298 2394; x_wconf 91' lang='lat' dir='ltr'><strong>dilecta</strong></span> <span class='ocrx_word' id='word_1_159' title='bbox 317 2328 383 2416; x_wconf 86' lang='lat' dir='ltr'><strong>jam</strong></span> <span class='ocrx_word' id='word_1_160' title='bbox 399 2339 431 2392; x_wconf 90' lang='lat' dir='ltr'><strong>et</strong></span> <span class='ocrx_word' id='word_1_161' title='bbox 449 2328 550 2393; x_wconf 88' lang='lat' dir='ltr'><strong>vicem</strong></span> <span class='ocrx_word' id='word_1_162' title='bbox 567 2327 727 2393; x_wconf 90' lang='lat' dir='ltr'><strong>charitatis</strong></span> <span class='ocrx_word' id='word_1_163' title='bbox 750 2329 878 2417; x_wconf 83' lang='lat' dir='ltr'><strong>abipso</strong></span> <span class='ocrx_word' id='word_1_164' title='bbox 900 2351 1018 2417; x_wconf 93' lang='lat' dir='ltr'><strong>sponso</strong></span> <span class='ocrx_word' id='word_1_165' title='bbox 1039 2328 1214 2416; x_wconf 84' lang='lat' dir='ltr'><strong>recipiens,</strong></span> 
     </span>
     <span class='ocr_line' id='line_1_21' title="bbox 182 2429 1214 2520; baseline -0.004 -20"><span class='ocrx_word' id='word_1_166' title='bbox 182 2432 404 2500; x_wconf 90' lang='lat' dir='ltr'><strong>introducatur</strong></span> <span class='ocrx_word' id='word_1_167' title='bbox 419 2432 453 2497; x_wconf 92' lang='lat' dir='ltr'><strong>iu</strong></span> <span class='ocrx_word' id='word_1_168' title='bbox 468 2429 652 2500; x_wconf 88' lang='lat' dir='ltr'><strong>cubiculum</strong></span> <span class='ocrx_word' id='word_1_169' title='bbox 671 2433 761 2520; x_wconf 90' lang='lat' dir='ltr'><strong>ejus,</strong></span> <span class='ocrx_word' id='word_1_170' title='bbox 777 2444 810 2497; x_wconf 89' lang='lat' dir='ltr'><strong>et</strong></span> <span class='ocrx_word' id='word_1_171' title='bbox 825 2434 928 2500; x_wconf 86' lang='lat' dir='ltr'><strong>dicat:</strong></span> <span class='ocrx_word' id='word_1_172' title='bbox 944 2460 958 2494; x_wconf 75' lang='grc' dir='ltr'>ι</span> <span class='ocrx_word' id='word_1_173' title='bbox 972 2433 1214 2500; x_wconf 80' lang='lat' dir='ltr'><strong>lntrodtuitmc</strong></span> 
     </span>
    </p>
   </div>
   <div class='ocr_carea' id='block_1_7' title="bbox 182 2538 1304 2740">
    <p class='ocr_par' dir='ltr' id='par_1_7' title="bbox 182 2538 1304 2740">
     <span class='ocr_line' id='line_1_22' title="bbox 185 2538 1304 2630; baseline -0.004 -24"><span class='ocrx_word' id='word_1_174' title='bbox 185 2565 263 2607; x_wconf 75' lang='lat' dir='ltr'><strong>»rex</strong></span> <span class='ocrx_word' id='word_1_175' title='bbox 276 2541 309 2606; x_wconf 93' lang='lat' dir='ltr'><strong>in</strong></span> <span class='ocrx_word' id='word_1_176' title='bbox 321 2539 506 2608; x_wconf 85' lang='lat' dir='ltr'><strong>cubiculum</strong></span> <span class='ocrx_word' id='word_1_177' title='bbox 521 2561 614 2605; x_wconf 91' lang='lat' dir='ltr'><strong>suum</strong></span> <span class='ocrx_word' id='word_1_178' title='bbox 625 2538 647 2605; x_wconf 89' lang='lat'><strong>¹.</strong></span> <span class='ocrx_word' id='word_1_179' title='bbox 662 2541 791 2607; x_wconf 80' lang='lat' dir='ltr'><strong>»Sedet</strong></span> <span class='ocrx_word' id='word_1_180' title='bbox 806 2553 920 2608; x_wconf 84' lang='lat' dir='ltr'><strong>caetera</strong></span> <span class='ocrx_word' id='word_1_181' title='bbox 931 2565 1000 2629; x_wconf 89' lang='lat' dir='ltr'><strong>quae</strong></span> <span class='ocrx_word' id='word_1_182' title='bbox 1018 2553 1130 2630; x_wconf 89' lang='lat' dir='ltr'><strong>postea</strong></span> <span class='ocrx_word' id='word_1_183' title='bbox 1148 2549 1221 2604; x_wconf 90' lang='lat' dir='ltr'><strong>sunt</strong></span> <span class='ocrx_word' id='word_1_184' title='bbox 1303 2617 1304 2620; x_wconf 8' lang='grc' dir='ltr'><strong>Ἴ</strong></span> 
     </span>
     <span class='ocr_line' id='line_1_23' title="bbox 182 2645 1304 2740; baseline -0.004 -24"><span class='ocrx_word' id='word_1_185' title='bbox 182 2650 318 2740; x_wconf 87' lang='lat' dir='ltr'><strong>scripta,</strong></span> <span class='ocrx_word' id='word_1_186' title='bbox 336 2649 420 2715; x_wconf 87' lang='lat' dir='ltr'><strong>intus</strong></span> <span class='ocrx_word' id='word_1_187' title='bbox 435 2648 535 2739; x_wconf 85' lang='lat' dir='ltr'><strong>posita</strong></span> <span class='ocrx_word' id='word_1_188' title='bbox 557 2645 705 2737; x_wconf 87' lang='lat' dir='ltr'><strong>loquatur</strong></span> <span class='ocrx_word' id='word_1_189' title='bbox 725 2649 764 2714; x_wconf 90' lang='lat' dir='ltr'><strong>ad</strong></span> <span class='ocrx_word' id='word_1_190' title='bbox 784 2672 935 2740; x_wconf 89' lang='lat' dir='ltr'><strong>sponsum</strong></span> <span class='ocrx_word' id='word_1_191' title='bbox 953 2649 1164 2738; x_wconf 68' lang='lat' dir='ltr'><strong>presentibus</strong></span> <span class='ocrx_word' id='word_1_192' title='bbox 1189 2659 1223 2713; x_wconf 90' lang='lat' dir='ltr'><strong>et</strong></span> <span class='ocrx_word' id='word_1_193' title='bbox 1303 2659 1304 2664; x_wconf 77' lang='grc'>’</span> 
     </span>
    </p>
   </div>
   <div class='ocr_carea' id='block_1_8' title="bbox 182 2755 1225 3714">
    <p class='ocr_par' dir='ltr' id='par_1_8' title="bbox 182 2755 1225 3714">
     <span class='ocr_line' id='line_1_24' title="bbox 184 2755 1225 2846; baseline -0.004 -20"><span class='ocrx_word' id='word_1_194' title='bbox 184 2758 399 2826; x_wconf 83' lang='lat' dir='ltr'><strong>assistentibus</strong></span> <span class='ocrx_word' id='word_1_195' title='bbox 415 2779 534 2846; x_wconf 87' lang='lat' dir='ltr'><strong>sponsae</strong></span> <span class='ocrx_word' id='word_1_196' title='bbox 549 2756 678 2845; x_wconf 88' lang='lat' dir='ltr'><strong>quidem</strong></span> <span class='ocrx_word' id='word_1_197' title='bbox 689 2755 947 2834; x_wconf 86' lang='lat' dir='ltr'><strong>adolescentulis,</strong></span> <span class='ocrx_word' id='word_1_198' title='bbox 960 2758 1067 2846; x_wconf 89' lang='lat' dir='ltr'><strong>sponsi</strong></span> <span class='ocrx_word' id='word_1_199' title='bbox 1085 2779 1164 2822; x_wconf 82' lang='lat' dir='ltr'><strong>vero</strong></span> <span class='ocrx_word' id='word_1_200' title='bbox 1176 2779 1225 2822; x_wconf 82' lang='lat' dir='ltr'><strong>so</strong></span> 
     </span>
     <span class='ocr_line' id='line_1_25' title="bbox 184 2863 1219 2954; baseline -0.002 -23"><span class='ocrx_word' id='word_1_201' title='bbox 184 2866 319 2932; x_wconf 90' lang='lat' dir='ltr'><strong>dalibus.</strong></span> <span class='ocrx_word' id='word_1_202' title='bbox 340 2865 566 2934; x_wconf 88' lang='lat' dir='ltr'><strong>Verumtamen</strong></span> <span class='ocrx_word' id='word_1_203' title='bbox 583 2863 774 2953; x_wconf 76' lang='lat' dir='ltr'><strong>intelligatur</strong></span> <span class='ocrx_word' id='word_1_204' title='bbox 791 2889 924 2954; x_wconf 90' lang='lat' dir='ltr'><strong>sponsus</strong></span> <span class='ocrx_word' id='word_1_205' title='bbox 940 2877 1051 2954; x_wconf 87' lang='lat' dir='ltr'><strong>utpote</strong></span> <span class='ocrx_word' id='word_1_206' title='bbox 1072 2865 1134 2941; x_wconf 71' lang='lat' dir='ltr'><strong>eir,</strong></span> <span class='ocrx_word' id='word_1_207' title='bbox 1153 2887 1219 2930; x_wconf 91' lang='lat' dir='ltr'><strong>non</strong></span> 
     </span>
     <span class='ocr_line' id='line_1_26' title="bbox 186 2973 1223 3064; baseline -0.003 -23"><span class='ocrx_word' id='word_1_208' title='bbox 186 2999 311 3064; x_wconf 87' lang='lat' dir='ltr'><strong>semper</strong></span> <span class='ocrx_word' id='word_1_209' title='bbox 328 2976 360 3039; x_wconf 94' lang='lat' dir='ltr'><strong>in</strong></span> <span class='ocrx_word' id='word_1_210' title='bbox 376 2974 488 3048; x_wconf 91' lang='lat' dir='ltr'><strong>domo,</strong></span> <span class='ocrx_word' id='word_1_211' title='bbox 504 2995 608 3060; x_wconf 90' lang='lat' dir='ltr'><strong>neque</strong></span> <span class='ocrx_word' id='word_1_212' title='bbox 627 2996 753 3062; x_wconf 89' lang='lat' dir='ltr'><strong>semper</strong></span> <span class='ocrx_word' id='word_1_213' title='bbox 768 2975 904 3041; x_wconf 88' lang='lat' dir='ltr'><strong>assidere</strong></span> <span class='ocrx_word' id='word_1_214' title='bbox 922 2996 1045 3063; x_wconf 82' lang='lat' dir='ltr'><strong>sponsae</strong></span> <span class='ocrx_word' id='word_1_215' title='bbox 1060 2974 1144 3039; x_wconf 91' lang='lat' dir='ltr'><strong>intra</strong></span> <span class='ocrx_word' id='word_1_216' title='bbox 1159 2973 1223 3038; x_wconf 93' lang='lat' dir='ltr'><strong>do·</strong></span> 
     </span>
     <span class='ocr_line' id='line_1_27' title="bbox 186 3080 1224 3172; baseline -0.002 -22"><span class='ocrx_word' id='word_1_217' title='bbox 186 3108 276 3150; x_wconf 92' lang='lat' dir='ltr'><strong>mum</strong></span> <span class='ocrx_word' id='word_1_218' title='bbox 291 3082 398 3172; x_wconf 84' lang='lat' dir='ltr'><strong>positae</strong></span> <span class='ocrx_word' id='word_1_219' title='bbox 409 3105 416 3146; x_wconf 94' lang='lat'><strong>:</strong></span> <span class='ocrx_word' id='word_1_220' title='bbox 429 3080 485 3145; x_wconf 90' lang='lat' dir='ltr'><strong>sed</strong></span> <span class='ocrx_word' id='word_1_221' title='bbox 499 3093 589 3146; x_wconf 79' lang='lat' dir='ltr'><strong>exeat</strong></span> <span class='ocrx_word' id='word_1_222' title='bbox 600 3081 794 3170; x_wconf 79' lang='lat' dir='ltr'><strong>frequenter,</strong></span> <span class='ocrx_word' id='word_1_223' title='bbox 807 3094 838 3146; x_wconf 91' lang='lat' dir='ltr'><strong>et</strong></span> <span class='ocrx_word' id='word_1_224' title='bbox 853 3081 905 3148; x_wconf 91' lang='lat' dir='ltr'><strong>illa</strong></span> <span class='ocrx_word' id='word_1_225' title='bbox 918 3105 992 3147; x_wconf 89' lang='lat' dir='ltr'><strong>eum</strong></span> <span class='ocrx_word' id='word_1_226' title='bbox 1004 3082 1094 3170; x_wconf 90' lang='lat' dir='ltr'><strong>quasi</strong></span> <span class='ocrx_word' id='word_1_227' title='bbox 1111 3106 1224 3148; x_wconf 88' lang='lat' dir='ltr'><strong>amore</strong></span> 
     </span>
     <span class='ocr_line' id='line_1_28' title="bbox 187 3189 1224 3282; baseline -0.004 -24"><span class='ocrx_word' id='word_1_228' title='bbox 187 3195 257 3282; x_wconf 87' lang='lat' dir='ltr'><strong>ejus</strong></span> <span class='ocrx_word' id='word_1_229' title='bbox 272 3189 402 3256; x_wconf 90' lang='lat' dir='ltr'><strong>sollicita</strong></span> <span class='ocrx_word' id='word_1_230' title='bbox 419 3189 559 3276; x_wconf 89' lang='lat' dir='ltr'><strong>requirat</strong></span> <span class='ocrx_word' id='word_1_231' title='bbox 581 3192 768 3257; x_wconf 82' lang='lat' dir='ltr'><strong>absentem:</strong></span> <span class='ocrx_word' id='word_1_232' title='bbox 785 3191 885 3256; x_wconf 89' lang='lat' dir='ltr'><strong>sedet</strong></span> <span class='ocrx_word' id='word_1_233' title='bbox 902 3191 969 3280; x_wconf 89' lang='lat' dir='ltr'><strong>ipse</strong></span> <span class='ocrx_word' id='word_1_234' title='bbox 985 3190 1144 3256; x_wconf 90' lang='lat' dir='ltr'><strong>interdum</strong></span> <span class='ocrx_word' id='word_1_235' title='bbox 1167 3213 1224 3254; x_wconf 84' lang='lat' dir='ltr'><strong>re-</strong></span> 
     </span>
     <span class='ocr_line' id='line_1_29' title="bbox 187 3297 1224 3388; baseline -0.003 -21"><span class='ocrx_word' id='word_1_236' title='bbox 187 3301 261 3368; x_wconf 88' lang='lat' dir='ltr'><strong>deat</strong></span> <span class='ocrx_word' id='word_1_237' title='bbox 275 3300 314 3364; x_wconf 93' lang='lat' dir='ltr'><strong>ad</strong></span> <span class='ocrx_word' id='word_1_238' title='bbox 325 3321 406 3364; x_wconf 83' lang='lat' dir='ltr'><strong>eam.</strong></span> <span class='ocrx_word' id='word_1_239' title='bbox 424 3298 558 3387; x_wconf 88' lang='lat' dir='ltr'><strong>Propter</strong></span> <span class='ocrx_word' id='word_1_240' title='bbox 573 3298 659 3387; x_wconf 93' lang='lat' dir='ltr'><strong>quod</strong></span> <span class='ocrx_word' id='word_1_241' title='bbox 678 3310 711 3364; x_wconf 90' lang='lat' dir='ltr'><strong>et</strong></span> <span class='ocrx_word' id='word_1_242' title='bbox 725 3299 867 3365; x_wconf 84' lang='lat' dir='ltr'><strong>videatur</strong></span> <span class='ocrx_word' id='word_1_243' title='bbox 884 3322 942 3388; x_wconf 90' lang='lat' dir='ltr'><strong>per</strong></span> <span class='ocrx_word' id='word_1_244' title='bbox 956 3310 1061 3364; x_wconf 90' lang='lat' dir='ltr'><strong>totum</strong></span> <span class='ocrx_word' id='word_1_245' title='bbox 1075 3297 1224 3364; x_wconf 91' lang='lat' dir='ltr'><strong>libellum</strong></span> 
     </span>
     <span class='ocr_line' id='line_1_30' title="bbox 182 3403 1224 3496; baseline -0.006 -18"><span class='ocrx_word' id='word_1_246' title='bbox 182 3403 356 3496; x_wconf 53' lang='lat' dir='ltr'><strong>&#39;aliquando</strong></span> <span class='ocrx_word' id='word_1_247' title='bbox 371 3406 500 3494; x_wconf 89' lang='lat' dir='ltr'><strong>quidem</strong></span> <span class='ocrx_word' id='word_1_248' title='bbox 515 3405 601 3471; x_wconf 84' lang='lat' dir='ltr'><strong>velut</strong></span> <span class='ocrx_word' id='word_1_249' title='bbox 617 3407 728 3472; x_wconf 89' lang='lat' dir='ltr'><strong>absens</strong></span> <span class='ocrx_word' id='word_1_250' title='bbox 748 3408 864 3495; x_wconf 91' lang='lat' dir='ltr'><strong>requiri</strong></span> <span class='ocrx_word' id='word_1_251' title='bbox 881 3430 1033 3495; x_wconf 90' lang='lat' dir='ltr'><strong>sponsus,</strong></span> <span class='ocrx_word' id='word_1_252' title='bbox 1050 3405 1224 3494; x_wconf 85' lang='lat' dir='ltr'><strong>aliquando</strong></span> 
     </span>
     <span class='ocr_line' id='line_1_31' title="bbox 187 3513 1224 3613; baseline -0.001 -30"><span class='ocrx_word' id='word_1_253' title='bbox 187 3518 269 3584; x_wconf 90' lang='lat' dir='ltr'><strong>sicut</strong></span> <span class='ocrx_word' id='word_1_254' title='bbox 290 3537 427 3605; x_wconf 86' lang='lat' dir='ltr'><strong>praesens</strong></span> <span class='ocrx_word' id='word_1_255' title='bbox 447 3513 535 3604; x_wconf 92' lang='lat' dir='ltr'><strong>loqui</strong></span> <span class='ocrx_word' id='word_1_256' title='bbox 556 3539 628 3582; x_wconf 92' lang='lat' dir='ltr'><strong>cum</strong></span> <span class='ocrx_word' id='word_1_257' title='bbox 648 3539 773 3606; x_wconf 89' lang='lat' dir='ltr'><strong>sponsa.</strong></span> <span class='ocrx_word' id='word_1_258' title='bbox 796 3517 865 3604; x_wconf 89' lang='lat' dir='ltr'><strong>lpsa</strong></span> <span class='ocrx_word' id='word_1_259' title='bbox 886 3527 991 3581; x_wconf 91' lang='lat' dir='ltr'><strong>autern</strong></span> <span class='ocrx_word' id='word_1_260' title='bbox 1012 3539 1128 3613; x_wconf 84' lang='lat' dir='ltr'><strong>sponsa</strong></span> <span class='ocrx_word' id='word_1_261' title='bbox 1147 3539 1224 3582; x_wconf 89' lang='lat' dir='ltr'><strong>cum</strong></span> 
     </span>
     <span class='ocr_line' id='line_1_32' title="bbox 185 3623 1224 3714; baseline -0.003 -21"><span class='ocrx_word' id='word_1_262' title='bbox 185 3624 288 3693; x_wconf 91' lang='lat' dir='ltr'><strong>multa</strong></span> <span class='ocrx_word' id='word_1_263' title='bbox 302 3637 336 3690; x_wconf 89' lang='lat' dir='ltr'><strong>et</strong></span> <span class='ocrx_word' id='word_1_264' title='bbox 354 3623 522 3714; x_wconf 83' lang='lat' dir='ltr'><strong>magnilica</strong></span> <span class='ocrx_word' id='word_1_265' title='bbox 536 3625 570 3690; x_wconf 92' lang='lat' dir='ltr'><strong>in</strong></span> <span class='ocrx_word' id='word_1_266' title='bbox 585 3625 689 3713; x_wconf 91' lang='lat' dir='ltr'><strong>sponsi</strong></span> <span class='ocrx_word' id='word_1_267' title='bbox 705 3623 854 3691; x_wconf 88' lang='lat' dir='ltr'><strong>cubiculo</strong></span> <span class='ocrx_word' id='word_1_268' title='bbox 868 3625 1070 3713; x_wconf 83' lang='lat' dir='ltr'><strong>pervidisset,</strong></span> <span class='ocrx_word' id='word_1_269' title='bbox 1089 3625 1170 3714; x_wconf 87' lang='lat' dir='ltr'><strong>petit</strong></span> <span class='ocrx_word' id='word_1_270' title='bbox 1191 3649 1224 3691; x_wconf 89' lang='lat' dir='ltr'><strong>se</strong></span> 
     </span>
    </p>
   </div>
   <div class='ocr_carea' id='block_1_9' title="bbox 1302 3279 1304 3330">
    <p class='ocr_par' dir='ltr' id='par_1_9' title="bbox 1302 3279 1304 3330">
     <span class='ocr_line' id='line_1_33' title="bbox 1302 3279 1304 3330; baseline 0 0"><span class='ocrx_word' id='word_1_271' title='bbox 1302 3279 1304 3330; x_wconf 91' lang='lat' dir='ltr'><strong>l</strong></span> 
     </span>
    </p>
   </div>
   <div class='ocr_carea' id='block_1_10' title="bbox 181 3727 1304 3900">
    <p class='ocr_par' dir='ltr' id='par_1_10' title="bbox 181 3717 1304 3900">
     <span class='ocr_line' id='line_1_34' title="bbox 181 3727 1304 3900; baseline 0.001 -101"><span class='ocrx_word' id='word_1_272' title='bbox 181 3736 282 3801; x_wconf 88' lang='lat' dir='ltr'><strong>etiam</strong></span> <span class='ocrx_word' id='word_1_273' title='bbox 307 3735 339 3799; x_wconf 89' lang='lat' dir='ltr'><strong>in</strong></span> <span class='ocrx_word' id='word_1_274' title='bbox 366 3733 496 3802; x_wconf 90' lang='lat' dir='ltr'><strong>domum</strong></span> <span class='ocrx_word' id='word_1_275' title='bbox 511 3733 573 3815; x_wconf 83' lang='lat' dir='ltr'><strong>riui</strong></span> <span class='ocrx_word' id='word_1_276' title='bbox 596 3732 764 3799; x_wconf 91' lang='lat' dir='ltr'><strong>introduci.</strong></span> <span class='ocrx_word' id='word_1_277' title='bbox 795 3734 959 3814; x_wconf 84' lang='lat' dir='ltr'><strong>Quocum</strong></span> <span class='ocrx_word' id='word_1_278' title='bbox 985 3733 1126 3822; x_wconf 87' lang='lat' dir='ltr'><strong>ingressa</strong></span> <span class='ocrx_word' id='word_1_279' title='bbox 1148 3757 1224 3824; x_wconf 81' lang='lat' dir='ltr'><strong>per-</strong></span> <span class='ocrx_word' id='word_1_280' title='bbox 1301 3727 1304 3900; x_wconf 54' lang='lat' dir='ltr'><strong>p</strong></span> 
     </span>
    </p>
   </div>
   <div class='ocr_carea' id='block_1_11' title="bbox 223 3859 571 3930">
    <p class='ocr_par' dir='ltr' id='par_1_11' title="bbox 223 3859 571 3930">
     <span class='ocr_line' id='line_1_35' title="bbox 223 3859 571 3930; baseline -0.009 -13"><span class='ocrx_word' id='word_1_281' title='bbox 223 3859 571 3930; x_wconf 71' lang='lat' dir='ltr'><strong>tcant.1,a.-²1uiu.s.</strong></span> 
     </span>
    </p>
   </div>
   <div class='ocr_carea' id='block_1_12' title="bbox 0 0 1344 4612">
    <p class='ocr_par' dir='ltr' id='par_1_12' title="bbox 0 0 1344 4612">
     <span class='ocr_line' id='line_1_36' title="bbox 0 0 1344 4612; baseline 0 0"><span class='ocrx_word' id='word_1_282' title='bbox 0 0 1344 4612; x_wconf 95' lang='lat' dir='ltr'><strong> </strong></span> 
     </span>
    </p>
   </div>
  </div>
 </body>
</html>
