2702 4610
208 175 267 253 ¹⁰4
649 190 791 236 oritanis

204 332 275 400 quae
290 309 381 374 nobis
393 307 641 382 incedendum,
657 317 690 371 ut
701 315 851 372 meuntes
867 303 907 368 de
918 301 1055 390 AEgypto
1069 299 1238 388 pervenire

202 419 358 508 possimus
373 416 414 482 ad
429 415 536 482 locum
554 417 586 482 iu
602 439 665 505 quo
680 411 846 480 immolare
858 413 1049 480 debeamus!
1067 411 1134 498 Ego
1151 409 1238 474 viam

204 527 294 594 illum
305 524 446 614 intelligo
459 525 512 612 qui
526 524 622 614 dixit:
635 526 723 612 «Ego
734 547 804 588 sum
816 523 878 598 vio,
891 535 925 588 et
936 523 1061 595 veritas,
1073 533 1105 585 et
1117 519 1230 586 vita¹.»

204 637 280 702 Haec
298 636 346 700 viu
363 634 469 698 triduo
492 635 583 699 nobis
605 631 780 718 incedenda
803 641 861 712 ost.
878 631 942 710 Qui
964 630 1050 698 euim
1072 629 1239 694 consessus

204 743 299 808 suerit
318 743 351 808 in
368 764 423 806 ore
440 765 497 808 suo
514 741 686 806 Dominum
701 737 844 815 Jesum²,
856 750 889 804 et
905 738 1074 826 crediderit
1090 739 1122 804 iu
1138 738 1240 804 eorde

205 829 264 916 suo
278 851 365 940 quod
379 851 464 915 Deus
481 848 569 916 iilum
585 849 774 920 suscitavita
791 846 924 912 mortuis
945 846 1034 922 tertia¹
1050 846 1115 920 die,
1133 844 1240 912 salvus

206 961 278 1034 erit.
292 963 368 1026 Haee
379 983 455 1048 ergo
467 972 514 1024 est
527 959 622 1026 tridui
635 959 697 1035 via,
709 980 873 1048 perquam
886 958 1068 1044 pervenitur
1085 957 1117 1022 iu
1128 955 1240 1022 loom

203 1071 319 1159 inquo
337 1070 474 1134 Domino
494 1067 675 1134 immoletur
692 1079 724 1132 et
744 1066 895 1132 reddatur
914 1065 1103 1136 sacrificium
1122 1063 1238 1148 Ιᾳυᾱὶε,
1333 1083 1334 1088 ’

204 1178 293 1254 Haeo,
314 1189 469 1267 quantum
485 1176 526 1240 ad
544 1177 716 1270 prystioum
734 1177 872 1264 pertinet
888 1168 1096 1243 intellectum.
1112 1175 1147 1240 Si
1164 1199 1241 1246 vero

205 1285 302 1352 etiam
318 1285 482 1360 muralem,
499 1285 553 1375 qui
569 1285 661 1350 nohis
675 1281 819 1374 perutilis
834 1294 894 1359 est,
912 1283 1103 1371 requirimus
1116 1281 1239 1358 iocum,

204 1395 265 1458 iter
280 1393 375 1458 tridui
391 1394 430 1460 do
445 1392 585 1481 AEgypto
599 1391 844 1480 proficiscimur,
861 1390 885 1456 si
902 1391 945 1457 ita
960 1413 1018 1457 uos
1034 1392 1074 1456 ab
1090 1390 1178 1458 omui
1194 1392 1240 1456 iu-

206 1502 412 1591 quinameuto
432 1500 546 1565 animae
569 1513 601 1564 et
616 1499 759 1589 corporis
775 1522 813 1564 ao
833 1499 960 1588 spiritus
983 1519 1206 1567 conservemus
1227 1523 1237 1566 a

217 1638 229 1670 ι
242 1621 290 1685 ut,
306 1609 585 1696 quemadmodum
596 1609 685 1672 dieii
696 1607 884 1696 Apostolus,
900 1608 1021 1696 integer
1036 1609 1158 1696 spiritus
1172 1631 1235 1672 res-

208 1731 286 1798 iter
304 1731 336 1784 et
355 1717 473 1792 anima,
491 1729 524 1781 et
543 1740 659 1806 eorpus
674 1717 707 1782 in
723 1718 773 1782 die
795 1716 873 1782 «iesu
894 1716 1010 1784 Christi
1032 1715 1222 1782 serretur¹.»

207 1827 318 1893 'l'ridui
342 1828 403 1892 iter
422 1823 655 1915 proficiscimur
670 1828 710 1892 de
724 1826 876 1920 AEgypto‚
892 1830 918 1894 si
932 1826 1130 1930 rationalem,
1145 1837 1238 1892 uatu-

209 1935 321 2024 relem,
339 1933 492 2001 moralem
508 1937 695 2023 sapientiam
711 1936 750 2000 de
765 1939 861 2002 rebus
875 1934 1088 2002 mundialibus
1099 1934 1240 2000 auferen-

210 2057 257 2110 tes
277 2044 317 2110 ad
339 2055 455 2108 statuta
477 2044 581 2110 diviua
601 2043 833 2118 convertimusa
855 2045 950 2109 tridui
974 2045 1035 2108 iter
1051 2043 1090 2110 de
1105 2042 1243 2132 AEgypto

209 2152 455 2244 proficiscimur,
471 2155 496 2218 si
519 2153 723 2242 purificantes
745 2154 777 2218 in
794 2153 884 2218 nohis
901 2153 998 2228 dieta,
1015 2153 1097 2236 fucta
1117 2150 1167 2218 vel
1188 2175 1241 2218 ao·

212 2263 308 2352 gitata
327 2259 406 2346 (tria
422 2274 496 2325 suut
511 2263 595 2326 enim
614 2263 681 2329 haec
699 2285 756 2352 per
770 2285 994 2354 quaeffpecoare
1010 2261 1157 2328 homines
1176 2283 1242 2349 pos·

211 2373 321 2458 sunt),
338 2369 512 2436 efficiamur
527 2371 639 2436 muudi
655 2373 764 2446 corde,
782 2382 817 2459 ut
836 2373 991 2460 possimus
1006 2371 1109 2438 Deum
1126 2370 1238 2449 videre„

212 2480 267 2546 Vis
279 2463 385 2546 autem
399 2481 503 2546 videre
515 2505 585 2570 quae
598 2481 780 2568 hujusmodi
798 2493 872 2548 sunt
883 2505 953 2570 quae
964 2482 997 2546 iu
1012 2480 1185 2568 seripturis
1200 2480 1246 2544 iu·

213 2589 297 2655 dieat
306 2589 442 2678 Spiritus
455 2602 582 2654 sanctus
591 2589 737 2654 PPharao
748 2588 814 2664 hio,
824 2591 878 2677 qui
889 2575 937 2656 est
948 2590 1094 2678 princeps
1103 2588 1244 2677 AEgypti,

213 2699 267 2763 ubi
289 2721 323 2761 se
346 2697 430 2762 videt
453 2696 670 2788 vehementius
693 2697 856 2786 perurgeri
876 2709 911 2762 ut
934 2696 1070 2764 dimittat
1091 2695 1249 2785 pupulum

210 2805 283 2881 Dei,
299 2805 440 2870 seeundo
459 2801 531 2870 ioco
552 2803 614 2869 hoo
631 2804 719 2891 cupit
735 2805 904 2894 impetrare
920 2828 960 2870 ne
977 2801 1102 2893 longius
1117 2806 1248 2878 abeant,

212 2938 253 2980 ue
268 2924 374 2977 totuin
386 2914 527 2978 triduum
542 2911 796 3001 proficiscantur,
810 2927 842 2978 et
857 2914 954 3006 dicit:¹
977 2914 1073 2980 «Nou
1088 2913 1183 3002 longe
1193 2915 1250 2978 ab·

214 3020 320 3086 »eatis
331 3019 352 3084 ⁴.
368 3049 381 3082 r
398 3021 468 3086 Nou
482 3021 549 3086 vult
563 3019 656 3110 longe
671 3044 689 3084 a
705 3045 738 3085 se
751 3021 817 3086 sieri
833 3021 986 3111 populum
1002 3023 1077 3096 Dei:
1095 3022 1249 3089 vulteum

214 3131 239 3194 si
256 3154 320 3195 non
333 3131 365 3196 in
377 3129 472 3205 sacto,
486 3129 534 3195 vel
550 3131 581 3195 in
594 3154 739 3196 sermone
753 3156 903 3220 peecare;
918 3133 943 3198 si
961 3157 1025 3218 non
1040 3133 1072 3198 iu
1088 3156 1251 3208 sermone,

214 3237 261 3305 vel
277 3239 309 3308 in
326 3239 514 3328 cogitatione
531 3236 724 3328 delinquere.
745 3239 815 3306 Non
832 3241 899 3306 vult
922 3255 956 3307 ut
978 3255 1080 3308 totum
1097 3266 1115 3306 a
1137 3267 1171 3308 se
1192 3244 1252 3307 tri-

214 3349 314 3416 duum
338 3348 592 3437 proficiscantur.
608 3345 737 3414 Vult-in
762 3351 853 3446 nobis
867 3350 916 3416 vel
935 3374 1032 3416 unum
1050 3352 1133 3418 diem
1156 3375 1253 3425 suum

215 3459 347 3533 habore,
368 3458 399 3522 in
416 3457 481 3523 aliis
498 3459 594 3531 duos;
612 3459 643 3523 in
659 3458 726 3526 aliis
743 3472 844 3548 totum
863 3462 1003 3528 triduum
1019 3462 1085 3551 ipse
1097 3462 1248 3550 possidet.

216 3569 280 3634 Sed
294 3566 338 3632 illi
354 3569 437 3633 beati
450 3569 503 3656 qui
519 3569 678 3657 integrum
693 3572 732 3635 ab
748 3595 786 3635 eo
799 3572 942 3637 triduum
956 3571 1122 3645 secedunt,
1135 3582 1168 3636 et
1183 3568 1254 3636 nul·

214 3676 276 3773 iam
293 3677 384 3743 ineis
400 3701 489 3742 suain
505 3675 642 3765 possidet
658 3678 753 3744 diem.
773 3680 845 3746 Nou
858 3705 933 3769 ergo
944 3682 1075 3770 putetis,
1088 3681 1160 3770 quia
1175 3693 1253 3771 tuna

249 3809 344 3858 ¹Joan.
359 3806 632 3868 xiu‚6.-²1tunr.x‚
647 3825 670 3872 p·
685 3836 714 3844 ·-
730 3809 739 3841 ³
756 3825 764 3858 ι
780 3811 868 3860 Thess.
890 3827 913 3869 v,
928 3810 1248 3870 23.-⁸Exod.v1u,2u.
