2660 4610
299 327 328 368 ιιι
355 325 514 368 csnrrcou
538 325 736 368 cnurrconou
761 327 821 367 ιιιι.
850 327 883 366 ιι.
1042 307 1101 382 45ι

74 465 202 520 stratus
214 473 282 516 sum
299 450 442 538 proxima
457 471 526 514 mea
536 449 558 514 ¹.
577 478 589 510 ι
604 449 915 537 Historiousquidem
927 473 1035 515 sensus
1046 451 1108 516 hoo

72 563 203 630 videtur
229 559 404 627 ostendere.
430 559 519 625 Siout
545 559 689 649 (inquit)
719 572 795 625 tuno
818 560 850 626 in
874 560 1010 649 AEgypto
1033 583 1106 626 conr

75 672 202 740 Pharao
217 689 405 759 persequens
421 665 572 756 populum
589 667 683 732 lsrael
698 669 850 756 processit
869 667 902 733 in
917 671 1062 734 curribus
1078 681 1111 734 et

77 780 239 867 equitatu,
255 789 286 842 et
303 799 411 851 mous,
432 774 494 840 hoo
510 787 558 840 ost
578 777 704 840 Domini
724 778 785 841 mei
807 777 930 864 sponsi,
954 778 1110 866 equitatus

79 887 172 975 louge
193 881 393 973 praecellebat
414 905 525 947 currus
545 881 733 958 Pharaonis,
757 897 788 948 et
810 886 1112 972 praestantiorum,

79 1005 189 1082 utpote
205 992 259 1079 qui
275 990 344 1056 illos
360 990 554 1078 superaverit
572 1002 604 1055 ot
626 992 659 1055 in
673 1013 761 1056 mare
779 991 1004 1057 demerserit²s
1024 993 1065 1057 ita
1083 1004 1116 1057 et

75 1115 110 1168 tu
126 1100 271 1189 proxima
288 1121 357 1164 mea
373 1120 485 1186 sponsa
498 1097 649 1186 praecellis
664 1121 774 1164 omnes
789 1097 936 1164 mulieres
952 1099 1059 1166 similis
1071 1101 1114 1166 es-

74 1210 160 1275 seota
180 1207 337 1294 equitatui
357 1229 447 1281 meo,
467 1206 521 1295 qui
537 1206 706 1272 Pharaonis
728 1207 875 1274 curribus
896 1221 1114 1297 comparatus,

77 1315 239 1406 potentior
255 1315 364 1403 utique
378 1326 427 1379 est
441 1326 474 1379 et
484 1315 747 1403 magnifioentior.
765 1316 821 1380 Hie
836 1316 961 1382 interim
978 1317 1054 1383 mihi
1067 1320 1115 1384 vi-

81 1425 174 1490 detur
183 1446 252 1490 esse
264 1422 343 1488 ordo
358 1444 540 1488 sermonum
551 1423 710 1510 ipsorum,
723 1424 956 1511 verborumque
969 1425 1110 1492 directio.

86 1533 251 1600 Videamus
268 1541 376 1597 autem
397 1529 533 1622 ne'sorte
553 1531 728 1596 secundum
747 1529 983 1621 intelligentiam
1003 1534 1115 1622 mysti-
1192 1606 1194 1610 ¹

85 1657 156 1706 eam
168 1637 282 1704 animas
295 1658 364 1723 quae
377 1646 451 1700 sunt
462 1637 520 1699 sub
531 1633 585 1700 illo
597 1636 727 1723 spiritali
739 1635 920 1714 Pharaone3
932 1650 964 1703 et
980 1642 1037 1704 sub
1055 1641 1115 1727 spi·

86 1745 229 1812 ritalibus
248 1744 394 1831 nequitiis
415 1743 540 1831 positae,
565 1765 676 1808 currus
699 1745 782 1811 dicat
802 1769 870 1811 osse
891 1747 1060 1813 Pharaonis
1083 1761 1116 1814 et

82 1850 249 1940 quadrigas
269 1851 356 1936 ejus,
380 1871 457 1936 ques
474 1847 540 1934 ipse
562 1848 670 1936 agitet
691 1849 781 1915 ducit
802 1851 841 1916 ad
862 1854 1115 1940 persequendum

1 2029 2 2040 2
77 1956 237 2049 populum
252 1958 330 2032 Dei,
342 1967 375 2021 et
391 1955 430 2021 ad
441 1956 685 2044 opprimendum
701 1957 807 2024 lsrael.
824 1959 952 2026 Cortum
969 1965 1053 2028 enim
1069 1976 1116 2028 est

1 2051 2 2058 ἵ
77 2069 154 2156 qma
183 2063 370 2132 tentationes
396 2076 429 2128 et
454 2061 671 2130 tribulationes
697 2089 782 2154 quos.
796 2069 934 2134 excitant
958 2071 1116 2137 doemones

0 2253 1 2274 ἒ
81 2175 219 2249 tenetis,
235 2195 293 2262 per
308 2173 427 2238 animes
444 2170 562 2260 aliquas
578 2173 716 2238 excitant
731 2173 771 2238 ad
790 2174 852 2240 hoe
866 2177 968 2264 ipsum
985 2191 1072 2267 aptas
1086 2191 1119 2244 et

79 2282 320 2351 convenientes.
339 2280 463 2362 Quibus
476 2291 629 2366 tauquam
649 2281 794 2346 curribus
809 2285 946 2348 ascensis
962 2287 1120 2373 exagitant

82 2405 117 2458 et
138 2393 344 2481 impugnant,
361 2387 410 2454 vel
426 2387 600 2454 Ecclesiam
613 2388 690 2464 Dei,
707 2387 756 2454 vei
772 2389 909 2478 singulos
924 2417 1065 2481 quosque
1083 2395 1119 2459 sr-

81 2504 214 2572 deiium.
230 2505 278 2569 De
291 2503 433 2591 equitatu
449 2524 523 2567 voro
538 2501 685 2576 Domini,
702 2501 771 2589 quis
786 2502 826 2567 sit
840 2505 910 2591 ejus
925 2505 983 2569 iste
998 2507 1117 2594 equitn-

80 2629 153 2690 tus,
170 2615 205 2678 in
223 2611 333 2678 Exodo
348 2611 475 2698 quidem
492 2609 546 2673 ubi
562 2622 752 2696 superentur
769 2631 881 2676 currus
895 2612 1066 2678 Pharaonis
1086 2626 1119 2679 ot

78 2725 314 2810 demerguntur
325 2721 357 2784 in
373 2741 478 2791 mare,
497 2715 574 2780 nihil
590 2715 722 2805 legimus
734 2719 904 2805 scriptum,
920 2721 977 2786 nisi
994 2734 1117 2788 tantum

7 2900 13 2914 ‚
81 2831 172 2919 quod
188 2828 341 2894 Dominus
358 2847 467 2892 currus
479 2824 649 2892 Pharaonis
664 2835 696 2888 et
711 2826 884 2892 exercitum
900 2829 970 2916 ojus
985 2833 1119 2918 projecit

7 2919 13 2940 ’
83 2941 118 3004 in
129 2961 219 3004 mare
229 2933 404 3002 Rubrum³.
421 2935 601 2999 Invenimus
612 2945 718 2998 tamen
730 2934 762 2997 in
774 2945 885 3020 quarto
898 2959 1067 3025 regnorum
1080 2939 1119 3004 ti-

9 3129 11 3134 ·
83 3048 166 3120 hro,
181 3044 268 3132 quod
283 3042 432 3107 Helisaeus
453 3042 491 3107 de
507 3042 642 3108 adventu
662 3041 800 3106 hostium
818 3046 872 3130 qui
890 3067 962 3109 cunr
979 3050 1120 3134 eqrntatu

10 3211 11 3214 ,
77 3169 115 3221 et
131 3153 279 3221 curribus
296 3162 464 3224 venerant,
481 3149 661 3214 formidanti
680 3171 779 3238 puero
794 3173 851 3214 suo
868 3151 944 3217 dicit
962 3175 970 3217 t
989 3181 1001 3213 ι
1018 3157 1062 3220 Ne
1079 3158 1120 3220 ti-

16 3239 19 3249 *
80 3283 215 3334 omem,
229 3259 379 3346 quoniam
396 3257 498 3345 plures
519 3269 593 3322 sont
608 3257 774 3321 nobiseum
790 3281 883 3344 quam
902 3283 975 3326 oum
990 3263 1060 3328 iliis.
1080 3267 1119 3330 Et

82 3366 231 3438 voravit,
252 3362 369 3449 inquit,
387 3361 547 3438 Heliseus,
565 3374 597 3426 et
619 3361 695 3426 dixit
719 3385 726 3425 :
750 3361 884 3428 Domine
902 3366 987 3454 speri
1009 3367 1117 3433 oeulos

77 3507 95 3540 ι
106 3473 205 3565 pueri
222 3473 313 3561 hujus
329 3484 364 3535 ut
379 3470 492 3536 videat.
511 3471 549 3536 Et
570 3470 690 3557 aperuit
705 3469 858 3536 Dominus
877 3473 984 3538 oculos
999 3476 1067 3560 ojus
1085 3489 1117 3539 et

73 3618 90 3650 ι
106 3559 198 3652 vidit.
213 3584 251 3648 Et
267 3604 343 3648 ecee
358 3603 448 3645 mons
463 3577 574 3668 plenus
589 3578 747 3665 equitibus
762 3591 846 3655 eret,
864 3593 895 3645 et
911 3607 1021 3648 currus
1036 3585 1116 3672 ignei

14 3687 20 3700 ’
70 3725 86 3756 ι
100 3695 137 3758 iu
161 3691 298 3756 circuitu
318 3687 457 3762 Helisaei,
478 3688 531 3775 qui
551 3687 780 3754 descenderant
795 3688 834 3754 ad
853 3693 957 3754 eurn‘¹.
976 3721 989 3750 ι
1007 3693 1119 3758 Sedet

73 3805 111 3869 in
144 3797 303 3888 propheta
324 3797 474 3863 Habacuo
496 3795 661 3860 manifeste
687 3808 719 3860 et
743 3797 903 3862 evidenter
925 3798 1056 3886 legimus
1079 3801 1119 3864 do

117 3943 127 3976 ¹
141 3947 217 3992 (honr.
231 3959 256 3999 ι,
269 3957 293 4004 9.
308 3969 337 3977 -
352 3939 450 3987 ²Ex0d.
461 3956 515 3988 xiv.
528 3967 558 3976 ·—
571 3936 651 3988 ³Ibid.
664 3945 716 3978 -ἦ
731 3945 810 4004 άῐὶις.
827 3959 867 3992 ιἰ.
884 3945 930 4002 16,
948 3959 984 4002 tf.
