2660 4610
304 327 337 370 ru
360 325 523 370 carrrcuu
547 327 751 371 onoriconuu
774 329 834 371 nin.
863 330 896 371 n.
1045 309 1115 386 455.

74 455 208 520 hentem
229 449 389 518 maculam
411 463 466 518 aut
487 475 616 541 rugam,
637 475 732 540 quam
749 453 807 518 sibi
822 453 889 542 ipse
906 453 1115 523 sanctificavit

76 561 206 628 iavacro
222 581 318 649 aque.
338 559 523 628 Secundum
536 573 644 626 autem
657 559 726 626 haec
742 560 864 650 singula
878 562 974 628 etiam
987 561 1040 630 illa
1056 585 1111 630 ac-

77 670 178 759 cipiet
200 691 268 757 quae
290 679 478 757 sequuntur,
498 667 642 734 militiam
665 666 755 745 eceli,
774 681 807 734 et
828 670 1001 738 exercitum
1026 672 1115 738 rerhi

80 778 160 853 Dei,
177 789 208 842 et
223 776 383 864 quomodo
399 772 513 866 singuli
534 777 651 866 quique
667 799 780 842 eorum
798 791 964 867 sequentes
980 781 1113 846 verbum

80 886 137 952 Dei
149 885 237 972 equis
248 882 327 952 alhis
342 884 471 951 sedeant
483 934 492 959 ,
504 897 537 950 et
549 883 683 973 byssinis
693 883 773 951 alhis
788 885 960 952 induantur
972 900 1005 953 ct
1017 911 1113 954 mun*

76 992 134 1057 dis.
153 991 236 1058 Huic
251 1013 328 1081 ergo
342 1015 425 1079 equo
444 990 516 1058 nlho
533 1015 596 1079 quo
615 992 682 1081 ipse
697 993 821 1058 vehitur
839 995 892 1081 qui
909 997 1040 1061 verhum
1054 997 1116 1064 Dei

75 1098 273 1189 appellatur,
289 1098 339 1166 rel
354 1099 430 1166 huic
449 1100 602 1189 equitatui
616 1098 737 1166 coelesti
755 1101 808 1188 qui
828 1125 902 1168 eum
921 1127 953 1168 se
976 1105 1061 1170 uitur
1080 1105 1115 1170 in

73 1207 153 1276 olbis
169 1205 375 1274 nihilominus
390 1208 480 1295 equis
490 1258 500 1286 ,
511 1220 678 1299 comparat
692 1220 724 1274 et
736 1207 870 1275 similem
885 1210 959 1278 iacit
981 1195 1115 1278 ⁹hristus

77 1315 254 1384 Ecclesiam
271 1339 372 1382 suam.
386 1316 423 1381 ln
443 1315 588 1382 curribus
606 1327 713 1383 autem
728 1316 898 1384 Pharaonis
913 1316 963 1384 vel
978 1319 1021 1386 ita
1039 1343 1113 1408 pos-

81 1448 188 1491 sumus
204 1424 368 1513 accipere,
386 1435 423 1490 ut
436 1435 590 1513 quantum
604 1423 657 1490 hic
673 1424 800 1490 Domini
815 1425 974 1513 equitatus
988 1427 1106 1514 equita-

83 1545 183 1599 tatum
196 1543 229 1598 et
244 1555 356 1598 currus
371 1531 542 1598 Pharaonis
558 1532 674 1598 evincit
694 1543 727 1597 et
745 1531 917 1622 praecellit,
936 1545 1060 1600 tentum
1076 1547 1112 1600 tu

84 1665 155 1730 quas
171 1639 300 1730 pulchra
318 1661 352 1706 es
370 1641 406 1710 in
425 1638 629 1716 mulieribus,
650 1639 802 1728 praecellis
820 1653 853 1706 et
869 1641 988 1708 evincis
1005 1665 1113 1710 omnes

84 1747 219 1837 reliquas
238 1748 374 1824 animas,
391 1772 460 1837 quae
480 1747 585 1816 adhuc
599 1749 715 1837 jugum-
729 1748 901 1818 Pharaonis
918 1762 1063 1840 portant,
1083 1763 1115 1817 et

79 1877 216 1922 sessores
229 1856 297 1944 ejus
312 1856 476 1946 potiuntur
489 1879 501 1924 t
514 1855 658 1923 reicerte
670 1857 756 1945 quod
770 1858 927 1946 equitatus
941 1858 993 1926 hic
1006 1882 1115 1936 meus,

77 1965 134 2053 qni
149 1962 275 2030 lavacro
291 1987 384 2052 aque
393 1964 585 2040 mundatus,
600 1989 700 2053 purus
714 1978 747 2031 et
760 1966 916 2033 candidus
930 1966 1031 2034 factus
1046 1979 1114 2044 est,

76 2085 112 2138 et
131 2072 265 2138 verbum
285 2071 344 2137 Dei
368 2071 484 2138 meruit
504 2070 624 2138 hahere
643 2095 814 2148 sessorem,
833 2096 872 2139 ex
894 2075 1041 2141 ourrihus
1064 2099 1113 2142 as·

78 2193 224 2270 sumptus
243 2192 291 2246 est
304 2179 485 2248 Pharaonis.
506 2179 583 2246 Inde
597 2181 683 2246 enim
699 2203 810 2246 omnes
826 2182 957 2248 veniunt
979 2184 1113 2250 eroden-

75 2303 145 2366 tes,
157 2289 231 2378 quia
247 2288 392 2355 Christus
402 2289 488 2354 venit
502 2289 535 2353 in
547 2289 633 2362 hunc
647 2288 802 2356 mundum
817 2289 1117 2378 peccateressalvos

78 2399 198 2465 iacere..
208 2397 278 2462 Hoc
288 2420 363 2485 ergo
378 2397 474 2464 modo
485 2408 591 2487 potest
601 2395 760 2486 explanari
776 2395 921 2462 versiculi
938 2399 1035 2486 hujus
1045 2423 1113 2465 sen-

75 2529 150 2581 sus,
165 2504 320 2592 equitatui
334 2526 407 2569 meo
423 2504 477 2591 qui
495 2503 555 2568 fuit
569 2517 642 2570 ante
659 2503 692 2569 in
710 2505 856 2570 curribus
873 2505 1064 2584 Pharaonis,
1080 2520 1113 2573 et

73 2635 165 2679 nunc
186 2612 328 2700 sequitur
354 2635 405 2678 me
431 2611 465 2677 in
487 2612 575 2699 equis
599 2611 696 2688 ulhis,
724 2612 908 2700 purificatus
931 2614 963 2680 in
988 2611 1112 2682 iavacro

72 2745 185 2811 aquae,
205 2717 339 2786 similem
359 2731 391 2785 te
410 2719 547 2787 arhitror
563 2719 707 2808 proxima
726 2743 807 2786 meo.
825 2722 930 2788 Beatae
948 2745 1026 2812 ergo
1040 2736 1113 2790 sunt

74 2827 139 2895 illae
158 2827 271 2894 anime
292 2849 363 2915 quse
384 2825 515 2894 dorsum
533 2850 626 2896 suum
649 2841 859 2894 curvaverunt
882 2842 916 2896 ut
941 2831 1113 2919 suscipiant

76 2959 231 3004 sessorem
246 2936 379 3002 verbum
392 2934 450 3000 Dei
465 2955 560 3023 super
574 2959 631 3011 se,
642 2947 677 3000 et
690 2935 777 3002 frena
792 2938 862 3024 ejus
876 2938 1061 3026 patiuntur,
1080 2954 1114 3005 ut

75 3072 281 3139 quocumque
300 3049 371 3140 ipse·
384 3047 519 3114 soluerit
537 3048 644 3114 flectat
658 3073 729 3126 eos,
749 3061 782 3114 et
799 3061 870 3138 agat
885 3049 1015 3118 hahenis
1031 3076 1105 3142 prae·

70 3170 243 3249 ceptorum
263 3178 394 3222 suorum
412 3179 421 3220 ε
441 3155 515 3244 quia
535 3157 599 3245 jam
617 3179 681 3222 non
699 3157 826 3246 propria
843 3155 1003 3225 voluntate
1026 3162 1113 3228 ince-

71 3269 176 3342 dunt,
192 3265 246 3332 sed
263 3264 425 3331 adomnia
442 3264 603 3330 ducuntur
615 3276 649 3330 et
663 3265 860 3330 reducuntur
874 3265 1036 3334 voluntate
1052 3293 1113 3335 ses

72 3370 171 3438 soris.
187 3371 226 3434 Et
241 3369 379 3436 fortassis
397 3369 559 3436 ridebitur
572 3370 747 3436 secundum
764 3369 827 3436 hoo
845 3372 929 3459 quod
950 3396 990 3438 ex
1005 3372 1111 3440 multis

68 3479 246 3548 animabus
261 3489 451 3567 congregato
466 3489 514 3544 est
526 3475 684 3553 Ecclesia,
700 3490 733 3542 et
746 3477 925 3568 exemplum
940 3481 1011 3546 ritae
1025 3505 1112 3548 acce-

9 3635 12 3676 p
59 3590 152 3682 pita
165 3585 291 3654 Christo
302 3635 317 3662 ,,
326 3585 412 3674 quod
428 3573 492 3651 no'n
508 3596 572 3651 tam
589 3586 628 3654 ah
642 3586 709 3674 ipsa
722 3585 837 3654 deitate
850 3589 937 3654 verhi
949 3590 1006 3655 Dei
1023 3613 1113 3656 seco·-

9 3753 11 3784 :
58 3697 176 3788 perit.
191 3719 264 3784 quae
278 3696 387 3782 utique
402 3693 617 3783 supereminet
630 3716 684 3759 cos
703 3704 809 3771 actus,
825 3695 873 3760 vel
889 3696 1038 3771 ass'ectus,
1055 3699 1114 3785 qui.

70 3807 117 3874 ad
133 3801 319 3892 exemplum
330 3802 397 3868 (lari
411 3801 593 3868 hominihus
608 3801 766 3868 debeant:
783 3803 839 3868 sed
854 3801 904 3869 illa
923 3803 1026 3870 anima
1041 3828 1111 3892 quse

57 3924 232 4002 assumpto
249 3923 299 3978 est,
313 3913 350 3976 ch
363 3935 401 3975 oo
413 3960 421 3985 ,
435 3911 466 3976 in
480 3935 540 4002 quo
559 3910 616 3976 suit
632 3933 752 3976 summa
765 3911 932 4000 perfectio,
946 3908 997 3977 illu
1013 3913 1051 3978 sit
1071 3916 1119 3986 oth
