2644 4612
347 313 378 354 m
404 311 564 354 caurrouu
588 309 791 358 eaurtconuu
815 313 875 354 nm.
903 311 949 357 ιιι.
1112 293 1174 377 487

136 429 341 520 dogmatibus
357 429 519 518 sapientire
533 429 753 517 mysteriisque
770 429 925 506 scientior,
940 428 1107 518 epularum
1124 453 1177 495 re-

137 540 188 606 lut
212 539 382 623 suavitate,
402 550 435 602 et
457 539 518 604 vini
538 537 642 607 laetitia
664 537 793 626 perfrui.
816 538 988 604 Sciendum
1011 562 1086 604 sano
1110 550 1176 613 est,

140 649 216 736 quia
241 646 322 710 sieut
344 657 392 712 est
411 645 494 712 istud
512 645 619 713 viuum
640 643 726 732 quod
752 644 791 710 de
804 644 1015 732 dogmatibus
1039 645 1177 712 veritatis

140 777 284 844 pressmn
297 751 524 820 commiscetur
546 753 579 818 in
594 749 716 819 oratore
732 751 890 838 sapientiae
902 775 910 817 ε
923 751 966 818 ita
985 764 1033 818 eat
1048 764 1176 818 coutra-

141 863 224 930 rium
240 860 369 935 vinum,
386 883 462 926 oum
479 859 587 948 inique
602 859 799 926 inebriantur
812 871 1014 947 peccatores,
1031 871 1064 924 et
1078 860 1112 926 hi
1124 860 1178 946 qui

139 969 224 1036 salsae
237 968 383 1056 ,soientiae
410 967 556 1056 dogmata
579 967 753 1056 peruiciosa
778 966 963 1055 suscipiunt.
990 966 1037 1032 De
1062 967 1177 1055 quibus

138 1075 293 1144 Salomon
309 1076 342 1140 in
353 1075 527 1164 proverbiis
543 1074 620 1140 dicit
634 1099 642 1142 ι
660 1074 724 1140 «Hi
738 1085 843 1140 autem
855 1075 954 1140 edunt
969 1075 1058 1140 eibos
1069 1075 1177 1163 impie·

140 1187 254 1260 itatis,
268 1185 456 1251 vinoautem
464 1183 571 1270 inique
585 1183 783 1251 inebriantur
795 1181 818 1245 ¹.
837 1183 884 1248 De
899 1181 962 1248 hoo
977 1182 1090 1250 eodem
1106 1183 1178 1248 viuo

139 1293 250 1380 iniquo
261 1291 358 1358 etiam
368 1292 403 1356 iu
413 1290 662 1375 Deuteronomio
674 1289 806 1379 legimus
818 1290 861 1354 ita
872 1290 1125 1377 seriptumzr-Ex
1136 1293 1178 1358 vi·
1296 1359 1299 1366 ,

139 1402 231 1468 »uois
254 1400 467 1466 Sodomorum
490 1400 560 1492 pitis
576 1421 708 1482 eorum,
731 1411 764 1466 ει
782 1396 903 1488 palmes
924 1421 1036 1464 eorum
1056 1422 1095 1464 ex
1118 1401 1180 1466 Go-

141 1531 289 1584 morra,
308 1531 366 1574 uva
380 1531 491 1574 eorum
504 1527 572 1574 'ura
586 1505 685 1583 sellis,
705 1519 738 1572 et
754 1508 865 1574 botrus
881 1507 1097 1593 amaritudinis
1113 1507 1177 1583 eis,

143 1617 253 1682 »luror
273 1617 450 1698 draconum
472 1616 582 1682 vinum
599 1637 729 1694 eorum,
746 1626 778 1680 et
798 1613 888 1686 furor
905 1635 1018 1680 eorum
1034 1614 1179 1702 aspidum

132 1721 1177 1809 .»insanabilis².tllludautemvinumquoddeviteveraprooedit.

143 1855 260 1898 norum
275 1855 400 1920 sempor
415 1843 474 1896 est.
494 1831 628 1918 Semper
642 1831 728 1896 enim
741 1852 798 1917 per
813 1829 973 1917 profectus
989 1830 1178 1898 discentium

62 1941 67 1952 '
125 1940 280 2009 ¹scientiae
288 1954 320 2004 et
333 1941 493 2028 sapientie
508 1939 622 2006 divinae
636 1939 805 2005 innovatur
812 1939 941 2026 agnitio.
956 1939 996 2004 Et
1008 1939 1080 2004 ideo
1091 1938 1179 2008 dioe-

139 2048 197 2112 bat
222 2047 315 2112 lesus
330 2045 490 2133 diaoipulie
505 2048 587 2122 suis,
604 2047 676 2132 quia
696 2072 709 2108 r
725 2068 844 2122 novum
861 2045 968 2113 bibam
983 2043 1064 2112 illud
1078 2047 1180 2114 vobit·

138 2176 241 2218 »uum
258 2153 291 2218 in
307 2174 405 2240 regno
416 2152 586 2239 patris‘mei
597 2151 619 2216 ⁸.
635 2151 919 2232 »Innovaturenim
931 2175 1055 2240 semper
1063 2155 1180 2242 agnitio

138 2251 341 2326 secretorum
352 2255 759 2345 arcanorumquerevelatio
769 2279 827 2344 per
839 2257 1023 2344 sapientiam
1032 2260 1106 2337 Dei,
1117 2283 1179 2329 non

137 2367 246 2434 solum
264 2366 466 2442 homiuibus,
487 2365 542 2432 aud
554 2377 586 2432 et
599 2362 724 2452 Angelis
737 2362 980 2452 melaetibusque
995 2367 1175 2436 virtutihus.

180 2474 371 2542 ¹oOrdinuto
382 2473 415 2540 iu
430 2495 482 2540 me
493 2471 712 2548 charitatem‘.
732 2472 907 2560 »Ejusdem
920 2496 1041 2561 sponsae
1056 2475 1096 2540 ad
1106 2471 1185 2544 eoess

139 2583 216 2649 dem
232 2585 325 2648 verba
347 2592 438 2656 sunt,
456 2581 515 2648 nisi
533 2580 619 2667 quod
639 2591 771 2668 possunt
785 2579 916 2646 sortasse
930 2581 1027 2648 etiam
1045 2584 1177 2672 apostoli

139 2691 260 2757 Christi
279 2691 361 2758 iuter
380 2713 434 2756 eos
449 2689 575 2765 haberi,
600 2688 640 2753 ad
661 2711 739 2776 quos
760 2689 818 2754 ista
834 2703 1061 2764 memorantur.
1082 2694 1178 2773 Quod

138 2822 218 2888 ergo
232 2799 275 2866 ait
292 2822 299 2862 ε
318 2827 331 2858 ι
348 2797 500 2864 Ordinato
523 2800 556 2864 io
571 2797 845 2872 mecharitatem,
862 2826 875 2858 υ
890 2798 976 2864 hune
991 2798 1088 2866 habet
1103 2825 1176 2870 aeu-

139 2931 223 2976 sum.
243 2907 363 2972 Omnes
383 2906 528 2972 homiues
547 2917 657 2972 amant
671 2904 738 2973 eine
756 2904 854 2973 dubio
871 2904 1007 2993 aliquid,
1023 2919 1056 2972 et
1071 2907 1175 2977 nullus

138 3029 189 3082 est
204 3017 258 3104 qui
270 3016 311 3082 ed
324 3016 359 3082 id
370 3015 468 3080 aetatis
482 3014 602 3083 venerit
615 3025 649 3078 ut
665 3037 772 3083 amare
786 3015 850 3102 jam
863 3015 961 3102 possit
972 3063 981 3090 ,
993 3027 1028 3080 et
1038 3039 1102 3084 ooo
1119 3018 1172 3086 ali·

126 3125 219 3213 .quid
233 3135 335 3190 amet:
355 3124 435 3190 siout
450 3123 547 3195 etiam
559 3122 591 3186 iu
604 3121 786 3209 praefatione
797 3121 892 3208 hujus
904 3123 1008 3210 operis
1021 3125 1177 3192 sullicieu-

141 3246 191 3298 ter
201 3230 488 3299 ostendimus.·Sed
498 3229 551 3295 hie
564 3253 664 3305 amor,
678 3228 726 3295 vel
738 3229 952 3296 harcherius
967 3232 1000 3296 iu
1015 3231 1175 3301 nonnullis

142 3341 270 3429 quidem
286 3363 344 3406 auo
356 3338 466 3404 ordine
480 3349 513 3402 ot
528 3337 753 3403 convenienter
764 3349 870 3424 aptatu
884 3340 1042 3426 procedit,
1055 3341 1088 3406 in
1102 3340 1176 3428 plu-

140 3449 229 3514 rimia
247 3472 321 3516 vero
336 3459 449 3515 eontra
465 3447 619 3513 ordinem.
638 3445 763 3511 Dicitur
783 3456 888 3510 autem
903 3458 1014 3512 contra
1030 3449 1174 3514 ordinem

138 3581 206 3624 esse
222 3559 256 3623 iu
271 3557 375 3642 aliquo
392 3556 547 3629 ebaritas,
560 3577 634 3619 oum
652 3552 748 3626 antid
763 3552 864 3640 diligit
879 3554 965 3639 quod
977 3576 1040 3619 non
1058 3554 1172 3630 debet,

124 3679 194 3731 ,aut
216 3665 302 3753 quod
316 3664 411 3730 debet
435 3661 553 3750 diligit,
574 3661 628 3726 sed
649 3658 720 3749 plua
740 3662 825 3748 justo
853 3661 972 3750 diligit,
996 3662 1174 3729 autminus

174 3809 270 3854 trior.
293 3821 329 3864 rr,
353 3819 392 3864 17.
407 3831 436 3840 -
451 3799 542 3852 'Dent
560 3819 654 3864 uxrr,
679 3800 729 3865 32,
756 3801 797 3852 3³.
857 3797 967 3853 ΙΜιιιῑι.
986 3819 1061 3866 xxm„
1084 3819 1126 3870 ²9·
1141 3831 1174 3844 -

138 3899 284 3950 ‘Centau
303 3899 325 3954 4.
