2776 4616
262 312 328 390 Aba
704 311 847 356 ⁰¹¹⁶¹¹1⁸

263 448 321 514 sed
334 444 432 534 magia
443 439 476 507 id
490 458 633 528 agamus.
645 444 681 498 ut
692 433 732 497 de
746 423 1021 496 benedictionibus
1034 419 1104 507 ejas
1116 410 1280 503 participes

264 516 1283 636 mmmmmtpsigtoriaerbenedicuoiauednaculo

264 667 479 736 ramhmen·

964 875 1239 912 mmm!
1244 875 1287 893 nv

614 1317 660 1374 De
674 1327 776 1390 quarta
786 1310 944 1388 Pmpteria

311 1547 336 1612 l.
354 1545 509 1626 Quartam
526 1561 611 1606 nnnc
621 1537 819 1629 prophetiam
830 1557 870 1600 ex
881 1533 918 1598 iis
929 1553 999 1620 que
1010 1525 1139 1594 Balaam
1149 1524 1185 1588 in
1196 1521 1291 1588 verbo

268 1655 325 1722 Dei
335 1655 463 1721 locutus
473 1663 534 1727 est,
547 1651 579 1720 in
591 1673 690 1715 mann
702 1647 905 1719 assumimus,
913 1639 1053 1708 volentes
1062 1636 1160 1701 etiam
1172 1632 1213 1698 de
1226 1633 1289 1720 ipsa

267 1789 339 1856 quae
354 1765 439 1830 Deus
450 1761 574 1828 dederit
586 1761 719 1848 aperire.
734 1759 793 1824 Cui
810 1768 914 1822 tamen
930 1748 1102 1843 prophetiae
1117 1743 1240 1818 similit,
1254 1751 1289 1804 nt

269 1876 302 1940 iu
312 1873 540 1962 superioribus,
549 1871 581 1936 in
592 1869 773 1959 praelatione
783 1866 941 1956 praemissa
953 1872 1037 1928 suut.
1049 1859 1103 1926 Ait
1112 1857 1216 1922 enim:
1227 1852 1289 1918 «Bt

269 2013 283 2044 ι
298 1985 396 2049 iratus
409 1992 458 2046 eat
467 1978 587 2046 Balach
596 1979 762 2045 adversum
772 1975 914 2050 Balaam,
927 1985 960 2038 et
971 1969 1116 2060 plausum
1131 1965 1222 2031 dedit
1229 1985 1294 2030 ma·

270 2120 284 2154 a
298 2091 390 2156 uibus
404 2089 481 2156 auis.
495 2091 537 2155 Et
548 2089 626 2154 dixit
635 2085 755 2154 Balach
769 2086 811 2151 ad
821 2082 974 2151 Balaam:
992 2077 1184 2146 hlaledicerc
1198 2073 1290 2140 inimi

270 2223 372 2267 »cnm
379 2199 604 2266 meumrocari
613 2193 979 2273 te,eteccehenediccns
985 2185 1174 2256 benedixisti
1191 2185 1289 2250 tertia

269 2311 393 2378 »Nunc
411 2330 488 2398 ergo
509 2307 583 2397 luge
605 2309 637 2374 in
655 2288 877 2373 locum'tuum
895 2325 905 2366 t
924 2300 1000 2376 dixi,
1018 2299 1192 2364 Honorabo
1208 2308 1256 2372 te,
1271 2305 1300 2360 et

271 2449 285 2483 ι
301 2418 555 2486 nauch-nudavit
565 2429 597 2482 te
607 2417 762 2484 Dominus
772 2410 924 2480 honore².
939 2407 1109 2476 »Ostendit
1118 2408 1153 2472 in
1163 2406 1218 2482 iis,
1232 2406 1304 2494 qnia

270 2542 303 2594 et
313 2529 432 2597 Balach
446 2525 635 2594 intellexerit
648 2550 713 2592 non
727 2527 794 2614 jam
809 2524 988 2589 damonum
1004 2517 1180 2584 ministerio
1197 2516 1307 2605 decipi

271 2639 413 2715 Balaam,
426 2638 482 2703 sed
492 2637 551 2703 Dei
563 2637 677 2702 virtute
687 2636 728 2700 ad
740 2633 870 2701 meliora
884 2630 1057 2705 manuforti,
1070 2641 1103 2693 et
1113 2627 1188 2693 ideo
1200 2627 1307 2694 dicit:

280 2773 296 2809 ι
310 2747 465 2812 Dominus
479 2743 635 2810 fraudavit
650 2756 681 2809 te
691 2743 828 2810 honore.
843 2770 857 2804 ι
877 2741 942 2807 Sed
955 2741 1024 2806 haec
1038 2762 1106 2827 quae
1120 2735 1216 2824 plana
1232 2747 1311 2802 sunt

273 2867 539 2930 transcurrentes,
554 2854 595 2918 ad
613 2854 777 2942 sequentia
793 2853 965 2918 veniamus.
989 2851 1055 2916 «Et
1075 2848 1153 2915 dixit
1170 2845 1310 2912 Balaam

274 2965 344 3031 aad
358 2964 496 3032 Balach:
512 2963 624 3031 Nonne
638 2975 671 3028 et
682 2963 800 3028 nuntiis
816 2963 890 3037 tois,
904 2984 982 3050 quoa
998 2959 1107 3025 misisti
1122 2958 1163 3023 ad
1181 2981 1255 3034 me,
1268 2958 1315 3024 lo

276 3083 396 3139 »cutus
410 3093 479 3136 sum
495 3071 621 3138 dicens:
633 3070 668 3136 si
679 3071 757 3138 mihi
769 3070 891 3136 dederit
901 3068 1021 3136 balach
1033 3067 1158 3158 plenam
1172 3067 1317 3133 domum

277 3184 393 3248 »suam
407 3193 538 3271 argento
552 3192 687 3257 staura,
702 3203 767 3246 oon
781 3193 891 3269 potero
908 3179 1079 3268 transgredi
1092 3179 1234 3244 verbum
1252 3179 1318 3244 Do-

279 3291 517 3370 »mini,lacere
538 3289 617 3357 illud
638 3293 772 3366 honum,
788 3302 843 3354 aut
857 3288 977 3355 malum
988 3286 1084 3376 'apud
1101 3309 1153 3352 me
1179 3287 1320 3377 ipsum?

277 3430 291 3464 ι
307 3402 525 3488 Quaecumque
537 3399 615 3465 mihi
631 3399 744 3484 dixerit
759 3399 844 3464 Deua
857 3397 925 3463 haec
939 3389 1053 3463 dicam.
1072 3395 1112 3461 Et
1126 3418 1220 3461 nunc
1238 3417 1322 3462 ecca

278 3543 292 3577 ι
308 3511 404 3576 redeo
416 3511 448 3574 in
460 3507 566 3575 locum
578 3509 714 3575 meum⁸.
728 3509 858 3575 »Sciens
868 3505 996 3574 Balaam
1005 3505 1091 3595 quod
1102 3528 1166 3570 non
1180 3504 1250 3570 sihi
1265 3527 1324 3594 per

279 3607 439 3687 ministros
453 3615 561 3683 solitos
572 3642 721 3709 respousa
736 3618 946 3694 deferrentur,
962 3616 1069 3684 scdah
1084 3639 1123 3681 eo
1138 3615 1197 3703 qui
1216 3613 1326 3682 haha-

280 3743 329 3798 ret
346 3729 490 3794 omnium
507 3740 710 3816 potestatam,
733 3740 817 3795 recte
838 3729 963 3795 videtur
977 3737 1168 3818 protestatus
1193 3749 1273 3793 non
1291 3747 1324 3789 se
1368 3761 1369 3818 j

168 3893 169 3898 ’
311 3879 406 3928 ίΤοιιι.
416 3875 456 3936 ll,
468 3893 494 3942 p.
506 3875 554 3942 339
565 3886 591 3926 et
600 3894 672 3945 seqq.

231 3959 237 3974 ¹
312 3951 886 4017 ²llum.xx1r‚1o,rr.-³lbid.1a‚ihil.
