2692 4610
376 306 408 349 rs
433 305 603 350 asvrrsoru
625 307 755 350 neurus
781 307 808 350 r.
1044 291 1104 356 nob

61 441 129 506 tur,
141 427 177 493 in
194 449 264 515 qno
280 447 346 491 non
362 426 423 490 luit
445 427 655 492 immunditia.
679 429 817 492 Inveniri
833 439 940 493 autern
955 440 1058 514 potest
1073 431 1105 493 in

61 562 126 626 qno
145 537 247 602 fuerit
267 535 415 624 quidem,
430 537 488 601 sed
504 537 612 602 audita
626 536 694 626 lege
712 537 839 603 Domini
857 536 937 602 ultra
957 538 1105 624 jamnon

61 650 114 713 sit.
134 648 240 726 Quod
253 648 279 710 si
290 657 460 734 permanet
475 646 508 712 in
525 671 564 712 ao
581 647 780 712 immunditia
792 671 863 723 aua,
881 659 914 711 et
927 646 976 711 hia
990 648 1107 712 auditis

63 755 219 822 converti
233 779 296 821 non
310 755 391 830 vult,
410 768 442 820 et
461 758 636 834 emendari,
654 759 783 847 peribit,
799 759 914 847 inquit,
931 757 1035 822 anima
1053 756 1105 822 illa

70 865 113 930 de
131 862 252 952 populo
269 887 335 928 suo.
356 862 462 928 Tertia
478 878 526 931 est
540 867 749 932 immunditie
772 868 905 956 speeies,
921 889 982 953 qua
1003 865 1105 954 is'qui

69 973 212 1038 mundus
226 985 286 1046 est,
303 972 329 1036 si
349 967 470 1060 aliquid
491 974 624 1061 contigit
642 975 861 1050 immundum,
880 997 945 1039 non
964 986 1030 1038 tam
1049 995 1107 1038 suo

67 1093 202 1171 peceato
217 1103 317 1168 qnam
332 1080 436 1150 aliena
452 1084 641 1171 contagione
657 1082 809 1171 polluitur
827 1106 836 1148 ε
854 1094 979 1170 utputa
995 1082 1110 1169 siquis

62 1190 203 1256 societur
218 1190 372 1256 amicitiis
389 1202 421 1254 et
440 1191 601 1257 consortio
615 1192 752 1257 bominis
769 1190 867 1268 lividi,
884 1191 935 1257 vel·
947 1191 1105 1264 iracundi,

60 1297 110 1364 rel
126 1298 281 1374 adulteri,
294 1311 329 1365 et
344 1300 412 1388 ipse
427 1301 557 1388 quidem
572 1302 707 1390 propriis
722 1302 846 1368 actibus
866 1325 931 1368 non
950 1303 1106 1367 inseratur

62 1407 244 1475 seeleribus
262 1409 343 1494 qus,
364 1408 469 1474 videat
489 1420 596 1476 tamon
618 1435 706 1488 enm,
721 1421 753 1476 et
771 1410 928 1500 intelligat
945 1410 1105 1497 quomodo

65 1515 207 1581 fratrom
224 1537 315 1580 suurn
328 1516 398 1581 odit
420 1528 453 1581 at
471 1517 629 1583 homicida
652 1531 711 1594 est,
732 1517 779 1584 vol
798 1517 961 1607 quomodo
978 1515 1111 1581 insidia·

69 1636 129 1688 tur
143 1623 254 1690 alienae
268 1624 406 1700 mulieri,
424 1637 458 1691 et
471 1625 596 1694 adulter
613 1639 674 1702 est,
688 1626 737 1692 vel
753 1628 914 1715 quomodo
933 1627 966 1691 in
986 1626 1108 1691 oaeteria

68 1735 251 1822 quibusque
270 1733 442 1824 sacrilegus
462 1747 523 1814 est,
540 1759 600 1804 noo
619 1737 823 1826 deprehensis
838 1737 887 1802 bis
908 1735 1049 1803 discedat
1065 1738 1105 1802 ab

61 1846 135 1932 ejus
155 1845 341 1918 consortio:
358 1845 416 1909 iate
438 1847 561 1933 estqui
584 1846 718 1935 contigit
737 1846 952 1922 immundum,
972 1845 1021 1910 rel
1043 1847 1108 1911 ani-

60 1953 143 2030 mal,
161 1953 333 2028 velarem,
353 1953 402 2019 vol
418 1956 637 2032 morticinum,
656 1967 689 2020 et
704 1953 805 2021 aliena
821 1955 1021 2021 immunditia
1039 1956 1107 2044 ipso

62 2062 211 2152 pollutus
226 2075 285 2127 est.
301 2063 350 2128 De
366 2062 599 2129 diversitatibus
616 2077 722 2130 antem
740 2065 994 2140 immundorum,
1011 2077 1107 2153 prout

65 2193 246 2237 nouus-mo
258 2172 373 2259 potuit,
385 2172 418 2236 in
430 2171 646 2259 superioribus
659 2173 804 2238 diximus.
820 2174 885 2240 Aut
899 2196 963 2238 non
977 2185 1010 2238 et
1025 2172 1108 2262 Apo·

71 2277 179 2346 stolus
197 2279 365 2346 seeundum
381 2280 465 2348 hano
482 2281 627 2348 eamdem
644 2283 785 2371 praecipit
800 2284 949 2358 sormam,
965 2303 1041 2349 cum
1058 2285 1106 2348 di·

70 2391 120 2455 cit
133 2411 144 2452 :
155 2415 171 2448 r
183 2388 276 2455 Nunc
289 2401 393 2455 autem
404 2391 511 2456 scribo
525 2393 614 2458 vobis
630 2391 662 2456 iu
674 2391 818 2480 epistola,
835 2405 869 2456 ut
884 2415 948 2458 non
961 2395 1106 2459 commis

66 2498 237 2564 tueamini
254 2498 442 2574 fornicariis,
464 2500 488 2564 si
511 2501 581 2588 quis
604 2499 701 2565 irater
721 2501 905 2566 nominatur
921 2501 1106 2577 fornicator,

63 2620 153 2672 »snt
173 2629 302 2683 avarus,
324 2619 379 2671 sut
401 2605 493 2673 idolis
513 2609 664 2684 sarriens,
681 2621 736 2674 aut
750 2610 905 2685 ebriosus,
922 2620 976 2675 aut
996 2633 1104 2697 rapax,

61 2745 76 2778 a
90 2716 287 2806 hujusmodi
297 2738 358 2781 neo
368 2718 479 2782 eibum
490 2741 616 2782 sumere
629 2717 684 2782 ’.ἢ
694 2718 730 2784 ln
743 2720 856 2807 quibus
869 2719 1015 2784 omnibus
1029 2717 1106 2805 quid

60 2839 110 2892 est
124 2824 222 2890 aliud
236 2825 500 2914 quodpraecepit,
513 2825 571 2892 nisi
587 2849 628 2892 ne
643 2825 751 2894 alienis
770 2811 908 2916 peccatis
924 2838 957 2893 et
971 2827 1107 2894 immun-

61 2936 150 3001 ditiis
166 2933 377 3023 polluamur?

96 3065 105 3100 ¹
123 3083 132 3114 ι
145 3066 211 3115 Cor.
228 3079 253 3124 r,
267 3081 292 3131 9.
