2706 4624
240 257 300 320 ⁹7⁰
619 219 622 225 Δ
681 253 824 296 oucnurs

237 375 330 447 tium,
343 373 415 436 vinc
430 393 467 436 ac
484 368 647 436 vindemiae
656 370 859 436 videbuntur
872 371 1019 459 aptanda.
1036 369 1134 436 Cordi
1151 374 1270 440 etenim

237 481 342 548 laetitia
355 480 516 554 tribuitur,
529 501 652 546 cumea
666 502 737 566 quse
751 477 877 546 occulta
892 493 925 545 et
934 482 1071 548 obscura
1082 494 1157 548 sunt
1169 482 1271 571 expli-

238 605 359 658 cantur.
371 591 437 653 sEt
452 589 622 664 vindemia,
638 591 763 675 inquit,
783 589 1034 679 comprehendet
1050 593 1265 658 sationem¹.»

239 701 280 764 Ut
294 701 318 764 si
334 699 476 764 dicamus
493 721 501 762 ε
526 698 634 763 Primo
649 699 801 766 seminavi
821 722 892 786 qaas
905 697 983 788 legis
998 713 1085 776 sunt,
1100 713 1135 767 ct
1151 714 1274 789 postea-

238 829 334 894 quam
349 808 538 872 seminatum
557 818 617 882 est,
637 807 721 872 oravi
746 819 781 872 ut
801 809 892 874 daret
907 808 1063 884 Dominus
1077 809 1219 898 pluviam
1242 812 1273 876 in

238 931 395 1004 tempore,
411 928 443 982 et
458 916 539 984 lacta
555 928 602 982 est
618 917 737 982 messis.
751 916 827 984 Post
840 917 910 983 laceo
924 941 989 984 non
1004 943 1119 985 manco
1141 922 1273 996 otiosus,

240 1024 295 1090 sed
311 1025 426 1088 iterum
442 1024 576 1100 semino,
596 1023 719 1112 accipio
733 1024 924 1112 scripturam
938 1026 1177 1115 Propheticam,
1189 1042 1223 1094 et
1237 1051 1275 1093 cx

240 1159 276 1200 ea
293 1134 414 1200 semino
435 1144 534 1198 terras
554 1145 586 1198 ct
607 1131 729 1198 novalia
751 1133 944 1202 auditorum.
966 1136 1042 1202 Post
1062 1135 1133 1204 brec
1153 1138 1273 1204 semino

240 1254 272 1309 et
288 1241 346 1308 alis
362 1243 403 1316 dc
417 1240 613 1330 Evangelicis
628 1242 837 1308 sermonibus.
851 1243 980 1308 Diversa
995 1258 1070 1308 sunt
1087 1268 1162 1333 quae
1180 1245 1273 1310 semi-

241 1364 369 1426 nantur,
384 1375 441 1440 per
462 1362 564 1416 totum
588 1373 707 1416 annum
728 1373 898 1438 possumus
919 1354 1085 1419 seminare.
1104 1354 1273 1420 Possumus

241 1463 327 1528 enim
337 1474 370 1526 et
381 1446 420 1526 de
431 1459 621 1548 Apostolicis
631 1460 758 1526 Litteris
769 1459 869 1526 multa
881 1461 999 1548 semina
1009 1462 1127 1548 jacere.
1140 1461 1273 1552 Semper

241 1579 289 1633 ost
303 1568 389 1655 quod
403 1569 589 1642 seminetur,
605 1567 638 1631 in
652 1567 740 1632 omni
753 1567 815 1633 vita
826 1577 935 1632 nostra
945 1568 1003 1632 otii
1012 1567 1135 1634 nullum
1148 1581 1272 1658 tempus

241 1692 289 1746 est
302 1703 311 1746 ε
325 1677 475 1767 quamdin
496 1676 699 1763 respiramus,
719 1677 921 1742 seminemus.
940 1676 1078 1744 Tantum
1099 1691 1161 1754 est,
1186 1692 1222 1744 ut
1240 1681 1272 1744 in

241 1791 352 1878 spiritu
367 1785 572 1860 seminemus,
589 1797 625 1848 ut
640 1784 680 1849 de
694 1785 806 1873 spiritu
825 1797 981 1851 metamus
998 1787 1093 1851 vitam
1109 1798 1266 1854 (eternam.

247 1931 261 1963 «
274 1902 313 1964 Et
324 1896 555 1966 manducabitis
571 1918 685 1985 panem
699 1909 838 1963 vestrum
854 1897 887 1962 in
902 1898 1097 1964 saturitate².
1111 1899 1196 1965 »Nec
1208 1901 1271 1966 boc

240 2031 299 2097 ego
321 2003 492 2092 corporalis
507 2027 575 2070 esse
589 2004 821 2071 benedictionis
836 2006 971 2093 accipio,
986 2008 1077 2094 quasi
1094 2009 1142 2096 qui
1159 2021 1268 2073 custo-

242 2117 306 2182 diat
328 2113 429 2201 legem
448 2112 519 2186 Dei,
541 2135 656 2200 panem
678 2112 774 2176 istum
796 2134 1001 2178 communem
1025 2114 1058 2179 in
1080 2115 1269 2182 abundantia

242 2230 463 2308 consequatur.
484 2219 571 2299 Quid
593 2218 703 2284 enim?
726 2219 838 2310 Nonne
853 2217 941 2307 impii
961 2233 993 2285 et
1014 2221 1138 2288 scelesti
1158 2245 1274 2313 panem

241 2353 305 2396 non
317 2327 420 2394 solum
433 2329 463 2392 in
476 2327 682 2400 abundantia,
700 2326 756 2392 sed
771 2339 803 2392 et
818 2328 851 2393 in
867 2329 986 2395 deliciis
1003 2334 1200 2400 comedant?
1214 2335 1277 2402 bla-

241 2440 287 2527 gis
302 2419 376 2526 ergo
392 2437 417 2502 si
434 2436 638 2524 respiciamus
653 2435 693 2500 ad
707 2459 782 2500 eum
801 2439 854 2523 qui
872 2439 970 2504 dixit:
985 2467 997 2500 ι
1013 2443 1080 2530 Ego
1095 2466 1168 2509 sum
1185 2446 1276 2533 panis

241 2549 357 2612 »vivus
376 2547 430 2634 qui
450 2545 491 2610 de
513 2543 594 2638 coelc
616 2544 780 2620 descendi,
800 2560 834 2611 et
851 2549 906 2635 qui
927 2551 1167 2618 manducaverit
1188 2554 1277 2620 hune

242 2679 382 2745 »panem
396 2655 478 2721 vivet
494 2654 525 2717 in
541 2665 697 2718 aeternum
710 2653 735 2729 ³,
751 2667 809 2722 act
830 2657 1031 2725 advertamus
1048 2663 1120 2748 quia
1138 2664 1193 2750 qui
1209 2663 1277 2730 haec

241 2767 379 2838 dicebat,
395 2763 528 2828 verbum
549 2773 618 2826 erat
639 2786 704 2850 quo
724 2764 838 2854 animae
853 2780 1029 2854 pascuntur
1046 2769 1280 2860 :intelligimus

242 2876 282 2940 de
296 2895 360 2961 quo
374 2895 455 2960 pane
470 2871 592 2937 dictum
604 2871 645 2938 sit
655 2872 688 2938 in
698 2873 1003 2943 benedictionibusa
1017 2879 1096 2954 lieo,
1111 2881 1178 2946 «Et
1189 2901 1281 2948 man-

241 3013 254 3044 »
267 2980 423 3047 ducabitis
434 3000 549 3068 panem
566 2992 704 3046 vestrum
717 2981 749 3045 in
762 2983 926 3050 saturitate
936 2983 983 3050 ’.ι
998 2985 1119 3052 Similia
1131 2988 1169 3054 iis
1180 2991 1282 3056 etiam

241 3090 392 3158 Salomon
407 3089 439 3154 in
449 3089 627 3155 Proverbiis
639 3092 824 3179 pronuntiat
838 3092 879 3157 de
893 3095 980 3181 justo
996 3096 1126 3162 dicens:
1140 3098 1281 3164 «Juetm

121 3293 124 3298 Δ
242 3200 463 3267 »manducans
479 3196 613 3286 replebit
629 3199 770 3266 animam
783 3223 872 3266 suum
886 3224 894 3266 ε
910 3204 1022 3269 animas
1035 3219 1144 3272 autem
1159 3208 1278 3299 impio-

243 3343 255 3374 »
270 3335 341 3377 rum
357 3312 387 3376 in
403 3321 541 3398 egestate
555 3321 650 3376 crunt
661 3309 707 3372 ⁶.»
721 3311 791 3377 Hoc
804 3312 830 3376 si
845 3313 1023 3379 secundum
1039 3315 1177 3383 litteram
1191 3322 1281 3385 scci-

241 3421 321 3509 pias,
333 3420 427 3505 quia«
441 3420 543 3506 justus
558 3419 754 3485 manducans
769 3419 866 3508 replet
885 3422 1022 3489 animam
1038 3447 1143 3503 suam,
1162 3429 1282 3494 animan

241 3559 254 3590 a
271 3552 343 3593 vero
359 3527 529 3616 impiorum
545 3529 576 3592 in
594 3541 733 3616 egestate
749 3541 874 3604 erum,-
889 3530 1003 3598 lalsum
1020 3535 1189 3602 videbitur.
1212 3538 1283 3602 bla-

241 3639 280 3704 tis
295 3637 380 3703 enim
396 3638 510 3702 anime
525 3637 696 3724 impiorum
712 3659 787 3704 cum
801 3639 950 3706 aviditate
962 3643 1070 3709 cibum
1085 3659 1235 3724 sumunt,
1249 3659 1281 3713 et

275 3795 284 3828 ¹
296 3771 480 3854 Lrv·itie.xxvr,
494 3797 516 3844 5.
526 3795 574 3832 -2
587 3796 699 3848 lbidcnr.
711 3797 760 3836 ..t
773 3799 847 3848 doen.
861 3804 943 3861 vr,51.
955 3831 983 3840 -
996 3804 1005 3836 l
1018 3805 1124 3854 bovillo.
1138 3810 1241 3868 nand.
1252 3837 1282 3847 -

242 3870 335 3918 ⁵l’rov.
351 3886 405 3924 rur,
419 3871 456 3916 25.
