2604 4614
279 301 311 346 ιη
336 300 495 347 carrrcuu
519 303 722 348 uturrconuu
747 303 908 350 rnotooos.
1048 285 1109 371 567
1227 331 1236 340 .

78 425 209 490 interest
220 433 327 487 utrum
340 422 437 488 amari
449 421 571 488 dicatur
581 422 686 498 Deus,
699 444 740 488 eu
751 420 848 512 diligi.
859 423 926 490 Nec
936 435 1014 512 puto
1025 426 1112 512 quod

80 531 205 621 culpari
221 530 316 620 possit
334 530 360 594 si
375 531 443 616 quis
464 531 568 596 Deum
590 529 673 596 sieut
687 529 825 597 loannes
844 531 1051 608 charitatem,
1069 534 1110 598 ita

82 643 151 730 ipse
166 661 301 706 amorem
312 638 464 704 nominet.
484 638 628 725 Denique
642 638 773 704 memini
782 637 917 725 aliquem
930 653 1111 707 sanctorum

82 750 197 815 dixisec
211 747 362 838 lgnatium
383 747 510 812 nominc
529 746 568 813 de
588 746 736 812 Christo:
754 747 871 812 «llleus
899 759 1005 813 autom
1025 770 1114 814 amor

93 857 276 924 »crucifixus
287 867 353 920 est:
368 882 381 916 s
396 876 456 922 nec
471 855 658 943 reprehendi
675 879 749 922 eum
767 880 826 946 pro
840 856 904 921 hoc
918 857 1046 946 dignum
1062 858 1116 944 ju

86 957 167 1032 dico.
181 964 353 1032 Sciendum
360 975 467 1030 autem
483 964 568 1051 quod
576 964 678 1028 omnis
691 965 744 1051 qui
756 963 804 1028 vcl
817 964 985 1052 pecuniam
998 963 1114 1052 diligit,

81 1073 132 1140 vel
144 1097 182 1138 ea
198 1095 268 1160 quae
281 1074 315 1138 in
330 1072 451 1140 mundo
471 1084 544 1138 sunt
565 1072 704 1138 materiae
721 1071 951 1160 corruptibilis,
968 1073 1116 1138 virtutem

80 1180 244 1248 charitatis
255 1201 326 1269 quae
336 1203 378 1246 ex
386 1180 452 1246 Dec
464 1192 529 1256 est,
543 1179 583 1246 ad
597 1192 721 1284 terrena
732 1193 764 1246 et
777 1180 817 1246 ad
828 1181 948 1246 caduca
968 1181 1115 1256 deducit,

82 1302 117 1354 et
129 1290 221 1354 rebus
236 1289 295 1354 Dei
311 1289 452 1356 abutitur
467 1289 507 1356 ad
522 1311 558 1354 ea
575 1312 645 1375 quae
659 1311 724 1354 non
739 1287 805 1355 vult
819 1288 915 1353 Deus.
935 1289 1005 1354 Non
1031 1289 1117 1354 enirn

90 1398 174 1464 Deus
188 1395 388 1464 dilectionem
405 1398 540 1472 horum,
555 1397 611 1462 sed
626 1419 718 1462 usum
732 1395 913 1463 hominibus
929 1397 1024 1463 dedit.
1045 1399 1120 1462 llaec

96 1517 193 1572 autem
206 1505 303 1594 paulo
320 1504 414 1570 latius
436 1505 653 1581 discussimus,
672 1504 812 1570 volentes
831 1485 997 1571 denatura
1015 1505 1120 1572 chari-

95 1617 160 1682 tatis
176 1627 209 1681 et
224 1617 340 1682 amoris
356 1616 493 1704 apertius
514 1617 728 1702 attentiusque
743 1616 953 1703 distinguere,
976 1638 1015 1680 ne
1040 1615 1121 1682 forte

94 1725 237 1814 quoniam
254 1725 416 1813 Scriptura
432 1725 528 1802 dicit,
544 1726 638 1812 «quie
652 1725 737 1791 Deus
752 1723 888 1790 charitas
906 1723 985 1799 est¹,
1000 1752 1012 1782 ι
1026 1745 1121 1788 omne

90 1833 175 1922 quod
187 1831 329 1921 diligitur
344 1834 440 1898 etiam
454 1833 480 1898 si
496 1831 701 1922 corruptibile
713 1833 768 1908 sit,
782 1855 821 1898 ex
837 1832 904 1898 Deo
920 1855 1004 1907 esse,
1018 1844 1049 1896 et
1060 1832 1122 1897 hoc

86 1942 226 2008 charitas
245 1953 277 2006 et
297 1940 424 2008 dilectio
441 1953 617 2029 putaretur.
639 1941 703 2007 Sed
725 1941 903 2006 ostenditur
923 1964 972 2005 res
995 1939 1123 2029 quidem
1137 2013 1151 2034 ἱ

84 2051 144 2117 Dei
154 2061 207 2126 ,et
217 2072 333 2116 munus
345 2051 414 2137 ejus
428 2073 497 2128 esse
511 2049 668 2123 charitas,
683 2072 748 2114 non
761 2061 866 2116 tomen
879 2072 1004 2138 semper
1014 2049 1055 2116 uh
1069 2048 1125 2113 ho-

92 2158 250 2234 minibus,
267 2157 307 2224 ad
321 2181 358 2224 ee
372 2179 442 2244 quae
457 2157 515 2223 Dei
533 2170 625 2232 sunt,
646 2168 679 2221 et
693 2179 763 2244 quie
778 2158 863 2221 Deus
876 2155 944 2221 vult
963 2179 1042 2244 opus
1056 2157 1125 2244 ejus

96 2266 229 2339 assumi;
248 2265 305 2332 sed
315 2276 348 2330 et
361 2264 423 2332 hoo
439 2265 520 2330 scire
535 2277 680 2354 oportet,
697 2265 783 2352 quod
803 2263 994 2354 impossibile
1009 2277 1073 2338 est,
1090 2277 1126 2329 ut

102 2398 164 2440 non
177 2397 299 2463 sempor
314 2373 451 2439 humana
474 2385 587 2439 natura
607 2371 726 2460 aliquid
743 2385 836 2438 amet.
856 2373 967 2438 Omnis
989 2395 1126 2460 namquo

95 2481 149 2569 qui
163 2480 202 2546 ad
217 2479 250 2544 id
268 2480 367 2545 aetatis
388 2480 526 2555 venerit,
551 2502 647 2566 quam
666 2480 865 2567 pubertatem
886 2491 1020 2554 vocant,
1041 2491 1127 2543 amat

90 2588 211 2677 aliquid
229 2609 285 2654 seu
299 2589 404 2654 minus
420 2600 522 2663 recte,
541 2610 614 2653 oum
634 2599 717 2654 amat
739 2610 808 2676 quae
826 2611 889 2653 non
905 2599 1051 2675 oportet:
1071 2610 1126 2652 seu

89 2709 180 2764 recte
199 2711 234 2763 et
256 2697 386 2774 utiliter,
409 2720 483 2763 cum
502 2709 586 2763 amat
602 2720 673 2785 quae
690 2708 823 2785 oportet.
846 2695 966 2763 Verum
984 2695 1127 2762 nonnulli

90 2807 183 2874 lrunc
199 2806 314 2872 amoris
336 2806 507 2882 effectum,
536 2807 588 2894 qui
611 2807 723 2872 unimae
745 2805 922 2873 rationabili
945 2806 1055 2871 insitus
1082 2817 1129 2871 est

90 2915 253 2983 beneficio
278 2915 467 2990 conditoris,
496 2927 549 2978 aut
567 2914 606 2980 ud
625 2936 765 2980 amorem
788 2915 931 3004 pecuniae
953 2913 1081 2980 trahunt
1097 2927 1129 2980 et

91 3024 232 3092 avaritiae
246 3023 404 3098 studium,
416 3034 470 3088 aut
484 3045 558 3111 erga
568 3020 700 3110 gloriam
713 3023 918 3110 captandam,
929 3035 961 3087 et
973 3021 1054 3088 liunt
1065 3024 1130 3088 iuo-

88 3131 141 3196 nis
156 3127 265 3218 gloriae
279 3128 406 3218 cupidi:
421 3139 474 3193 aut
489 3151 562 3216 erge
579 3139 682 3193 scorta
699 3128 866 3204 sectanda,
883 3141 915 3193 et
927 3129 1132 3224 inveniuntur

91 3237 304 3326 impudicitiae
318 3235 518 3323 libidinisque
533 3236 666 3324 captivi:
681 3249 734 3301 aut
750 3234 858 3302 adalia
871 3235 922 3302 his
941 3237 1052 3303 similia
1068 3238 1132 3304 vir-

98 3359 199 3412 tutem
214 3347 295 3412 tenti
305 3345 380 3410 boui
393 3343 488 3432 hujus
503 3342 680 3410 effundunt.
695 3344 759 3412 Sed
770 3356 803 3408 et
818 3366 893 3409 cum
907 3367 982 3434 erga
995 3346 1131 3412 diverses

99 3466 183 3522 artes
203 3476 294 3520 umor
311 3452 370 3518 iste
390 3453 531 3529 ducitur,
551 3475 620 3540 quae
636 3475 735 3518 muuu
754 3452 983 3530 ministrantur,
1009 3467 1062 3520 aut
1077 3477 1133 3541 per

94 3562 202 3630 studia
218 3563 380 3650 praesentis
394 3562 464 3628 vitoe
476 3558 652 3628 nouaclum
663 3561 857 3637 necessaria,
870 3574 905 3626 ut
916 3562 1019 3648 (verbi
1034 3563 1132 3650 gretia

91 3669 253 3756 dixerim)
272 3691 346 3759 erga
361 3679 460 3734 artem
472 3665 697 3756 palaestricam,
715 3665 762 3732 vel
774 3690 884 3734 cursus
899 3667 1065 3740 exercitia,
1079 3679 1132 3732 out

92 3787 190 3842 certe
205 3773 302 3840 etiam
317 3796 390 3864 ergo
406 3773 647 3863 geometricum,
666 3771 900 3850 comosicum,
921 3770 967 3842 vel
983 3771 1132 3838 arithme-

134 3919 144 3952 ί
162 3931 174 3963 ι
189 3915 262 3962 Jorn.
273 3933 314 3978 rr,
326 3915 350 3966 8.
