2776 4616
390 299 421 356 sis
445 313 583 357 nouenos
606 311 735 358 neurus
759 315 820 358 xv1.
1056 289 1121 371 435

96 433 207 490 autem
228 447 324 513 quam
347 426 507 492 evidenter
526 449 589 494 non
608 428 648 493 de
669 426 724 494 ilio
743 429 797 516 qui
812 439 889 494 tune
903 439 970 492 erat
988 424 1118 516 populo,

1 529 3 540 ἱ
96 535 155 602 sed
167 535 206 600 de
217 534 280 602 hoe
291 535 344 622 qui
356 535 479 603 futurus
490 549 569 614 erat,
586 540 643 604 ista
656 538 813 606 dicuntur.
832 538 885 605 dit
898 538 983 603 enim
994 560 1002 601 ε
1013 537 1118 604 «ane

0 635 1 644 ’
97 644 262 734 ‚populus
277 645 359 713 sieut
373 646 494 714 catulus
510 647 608 716 ieonis
622 660 764 737 exurget,
780 660 813 714 et
829 648 911 714 sicut
929 646 978 713 leo
997 644 1120 714 exulta·-

101 755 207 822 »hit¹.
224 757 498 824 »Exurreeturum
514 758 592 826 dieit
616 757 767 848 populum
790 759 897 845 utique
919 757 971 844 qui
994 755 1118 821 futurus

103 876 183 930 erat.
202 864 281 931 Nem
294 865 318 932 si
335 865 375 931 de
389 889 427 932 eo
443 868 562 935 diceret
576 891 672 956 quem
686 869 823 942 videbat,
838 867 964 933 dixisset
977 866 1044 933 sina
1058 865 1121 934 du-

104 975 182 1040 bio:
198 975 280 1040 Eece
295 975 428 1064 populus
445 979 525 1042 sicut
540 976 662 1043 catulus
676 976 775 1044 leonis
789 977 956 1042 exurrexit.
971 975 1034 1042 Sed
1049 997 1121 1042 eer-

104 1097 173 1150 tum
187 1098 234 1150 est
249 1084 375 1172 quiade
390 1083 443 1150 illo
458 1085 574 1174 populo
590 1087 675 1154 dieat
691 1089 730 1153 de
752 1111 815 1177 quo
830 1088 862 1153 in
878 1085 1006 1152 Psalmis
1021 1085 1121 1174 scrip-

1 1199 2 1208 ’
98 1203 171 1259 tum
187 1205 235 1260 est
248 1217 256 1260 τ
269 1195 333 1260 «Et
347 1196 579 1261 annuntiabunt
596 1195 667 1264 eoeli
684 1196 836 1285 justitiam
850 1197 920 1284 ejus
935 1193 1053 1286 populo
1067 1196 1121 1282 qui

99 1317 288 1380 »nasoetur,
305 1302 489 1393 quemfecit
509 1305 663 1373 Dominus
671 1306 693 1369 ².
715 1307 802 1371 »Est
821 1327 896 1394 orgo
918 1302 1052 1393 populus
1069 1302 1122 1369 hie

103 1412 227 1480 catulus
242 1412 351 1491 leonis,
363 1414 440 1478 dum
454 1414 573 1490 adhuc,
585 1426 736 1502 tanquam
748 1437 850 1503 nuper
863 1414 960 1503 geniti
975 1413 1120 1488 insontes,

1 1504 3 1541 ⁵
105 1521 293 1588 rationabile
307 1536 339 1589 et
352 1525 418 1590 sine
431 1523 504 1591 dolo
519 1523 568 1592 iae
583 1526 716 1613 eripiunt
725 1524 754 1597 ⁸3
780 1523 829 1591 leo
844 1537 951 1590 autem
964 1521 1119 1598 exultans,

108 1655 196 1708 eum,
213 1633 259 1698 vir
274 1633 439 1722 perfossus,
453 1657 522 1723 quse
536 1632 656 1723 parvuli
667 1646 757 1700 erant
768 1634 921 1724 deposuit.

151 1741 207 1808 IX.
221 1743 313 1810 «Non
324 1743 459 1810 dormiet
470 1745 886 1833 doneoeomedatpraedam,
895 1755 927 1808 et
938 1744 1122 1832 sanguinem

105 1881 118 1914 a
133 1851 368 1920 vulneratorum
378 1853 465 1918 hibat
474 1852 496 1918 ⁴.
508 1853 565 1918 »In
577 1853 626 1919 his
639 1855 741 1921 verbis
756 1853 880 1942 quisita
895 1853 955 1917 erit
965 1851 1123 1918 historieoe

100 1963 288 2029 narrationis
305 1963 518 2029 contentiosus
533 1975 679 2038 assertor,
691 1963 755 2029 imo
767 1962 836 2049 quis
854 1962 896 2028 ita
911 1963 1022 2028 brutus
1036 1961 1121 2027 inve·

98 2074 200 2150 nitur,
216 2073 271 2162 qui
287 2096 350 2140 non
361 2071 545 2138 horrescens
561 2095 674 2138 sonum
691 2069 816 2146 litterae,
831 2071 871 2136 ad
886 2069 1040 2159 allegorias
1055 2068 1123 2136 dul-

100 2183 248 2249 cedinem
273 2183 339 2270 ipsa
358 2183 541 2248 necessitate
562 2179 742 2269 confugiat?
768 2181 935 2260 Quomodo
958 2180 1043 2245 onim
1064 2181 1122 2245 iste

101 2289 243 2380 populus
254 2303 317 2356 tam
332 2289 504 2365 laudabilis,
518 2304 582 2354 tam
594 2287 791 2378 magnificus,
808 2288 847 2353 de
863 2311 925 2377 quo
940 2299 1025 2354 tanta
1040 2311 1124 2376 prae·

102 2395 199 2466 cedia
222 2423 323 2466 sermo
336 2400 391 2466 Dei
406 2412 582 2475 enumerat,
606 2400 637 2464 in
658 2400 720 2464 hoc
742 2399 857 2473 veniet,
884 2410 918 2463 ut
939 2400 1123 2489 sanguinem

94 2509 337 2577 vulneratorum
354 2511 464 2579 bibat?
480 2535 552 2577 eum
569 2522 633 2575 tam
649 2507 755 2575 validis
770 2509 933 2598 praeceptis
948 2509 1037 2573 cibus
1054 2531 1121 2574 san-

85 2623 203 2717 guinis
218 2622 422 2688 interdicatur
437 2645 454 2686 a
468 2621 548 2696 Deo,
562 2633 597 2684 ut
611 2603 706 2684 etiam
720 2641 777 2684 nos
793 2619 846 2707 qui
860 2641 899 2683 ex
913 2619 1058 2708 gentibus
1070 2640 1121 2685 ao
1186 2635 1189 2644 ’

84 2735 163 2802 cati
186 2755 307 2810 sumus,
326 2729 503 2798 neeessario
524 2731 692 2818 jubeamur
709 2727 878 2802 abstinere,
893 2727 974 2792 sieut
993 2727 1030 2791 iis
1051 2751 1121 2814 qnae

80 2843 192 2914 idolis
213 2839 428 2917 immolantur,
448 2841 537 2905 itaet
553 2861 570 2903 a
586 2835 764 2926 sanguine⁶.
789 2836 903 2902 Dicant
925 2859 999 2926 ergo
1014 2837 1117 2914 nobis,

4 2997 5 3002 κ
79 2957 171 3048 quis
185 2967 235 3018 est
250 2955 308 3018 iste
330 2948 464 3040 populus
482 2949 536 3038 qui
556 2948 588 3013 in
605 2970 662 3012 usu
684 2947 781 3012 habet
795 2946 979 3036 sanguinem
997 2947 1115 3014 bibere.
1229 2987 1232 2998 ·

77 3070 176 3136 flaec
188 3073 281 3130 erant
300 3079 370 3149 qnae
384 3070 416 3122 et
431 3058 463 3122 in
479 3053 646 3144 Evangelio
668 3053 829 3119 audientes
845 3053 866 3119 ii
882 3055 934 3141 qui
950 3076 988 3119 ex
1002 3055 1119 3121 Judaeis

79 3175 273 3246 Dominum
284 3169 507 3257 sequebantur,
518 3164 715 3232 scandalizati
727 3174 854 3240 sunt,.et
864 3163 1010 3230 dixerunt
1020 3187 1028 3230 s
1040 3166 1119 3245 Quis

76 3294 205 3379 potest
226 3280 417 3346 manducare
432 3298 573 3350 earnem,
591 3286 623 3339 et
638 3273 819 3362 sanguinem
834 3272 963 3338 bibere?
978 3272 1041 3340 Sed
1060 3299 1118 3364 po-

76 3395 197 3490 pulus
217 3390 423 3462 Christianus,
442 3383 575 3478 populus
591 3381 691 3449 fidelis
711 3382 799 3448 audit
813 3383 892 3458 haee,
908 3394 940 3448 et
955 3383 1119 3474 amplecti-

76 3523 150 3574 tur
165 3513 200 3568 et
212 3499 430 3588 sequitur-eum
441 3496 494 3583 qui
507 3495 582 3560 dicit
596 3517 604 3558 ε
616 3520 629 3553 ι
641 3493 705 3560 Nisi
718 3485 977 3560 manducaveritis
989 3516 1117 3564 earnem

69 3651 88 3684 ι
111 3632 248 3684 meam,
259 3621 291 3674 et
302 3606 443 3674 biberitis
455 3607 637 3693 sanguinem
649 3625 768 3677 meum,
782 3623 844 3666 non
857 3600 1010 3670 habebitis
1022 3605 1117 3671 vitam

65 3761 83 3794 ι
104 3729 148 3794 in
172 3718 373 3808 vobisipsis:
390 3715 551 3806 quiaoaro
567 3735 636 3778 mea
659 3733 730 3777 vore
752 3709 841 3777 cibus
861 3722 921 3787 est,
942 3724 974 3776 et
992 3713 1115 3802 sanguia

104 3891 117 3924 ¹
128 3885 158 3936 Ν
161 3899 221 3932 um.
234 3897 306 3939 arasa,
317 3879 356 3938 si.
367 3907 396 3918 -
408 3877 419 3911 ²
430 3877 494 3928 Psai.
507 3891 568 3935 nn,
578 3875 618 3924 52.
627 3901 657 3912 —
669 3872 679 3908 ⁸
692 3891 701 3921 ι
713 3875 768 3922 Pet.
779 3891 807 3931 n,
819 3873 894 3922 a.-⁴
906 3873 982 3923 Naana.
995 3891 1066 3935 ansas,
1078 3870 1118 3931 sd.

61 3991 101 4002 ...
118 3962 131 3994 Ξ
151 3961 220 4008 Act.
235 3969 275 4002 xa.

230 4062 271 4102 rx.
970 4031 1009 4096 28
