2702 4610
338 341 372 384 ιιι
396 342 567 386 sxvsrxcuu
590 342 720 386 nouuss
746 343 786 385 1v.
1021 327 1078 412 195

63 460 187 548 pretium
202 455 413 522 obedientiam
431 469 522 544 puto,
535 457 576 523 de
590 481 652 546 qua
670 458 747 524 dicit
762 455 938 525 Dominus:
960 459 1077 526 ‹Obe-

62 569 232 632 sdientiam
250 563 329 630 malo
351 588 449 653 quam
475 567 679 642 sacrificium,
709 581 742 632 ot
765 566 1074 638 dicso'audicntiam

64 707 76 737 ι
93 677 186 764 magis
202 697 291 762 quam
305 674 488 742 holocausta
498 675 520 740 ¹.
538 701 553 738 s
672 659 675 664 Δ

111 831 577 851 ........................
601 787 675 852 Post
698 786 790 852 hsec²
810 811 818 851 ι
846 785 1002 863 «Omnis,
1021 791 1079 852 ia-

70 894 176 978 squs't,
192 894 240 980 qui
252 893 386 981 tetigerit
398 915 434 958 ea
454 891 633 980 (sacrificia)
653 891 923 960 sanctificabitur:
940 924 954 957 ι
972 897 1078 962 dicant

72 1002 194 1091 (tutat)
212 1002 367 1090 quomodo
387 1002 489 1067 omnis
511 1003 564 1090 qui
587 1003 726 1092 tetigerit
745 1027 785 1070 ex
808 1004 963 1070 sacrificio
984 1023 1081 1072 sanci

66 1125 169 1188 torum,
185 1112 406 1179 sanctificetur,
422 1112 456 1176 Si
475 1112 635 1179 homicida
650 1114 806 1202 tetigerit,
825 1115 849 1178 si
865 1115 1027 1202 profanus,
1051 1105 1076 1180 si

62 1221 181 1296 adulter,
196 1221 220 1285 si
240 1222 393 1295 incestus,
416 1219 631 1285 sanctificatus
652 1221 735 1285 eritl
755 1217 825 1286 Non
846 1223 932 1287 enim
950 1225 1076 1312 excepit

56 1329 195 1418 aliquem,
210 1331 263 1394 sed
278 1313 355 1395 dixit
376 1352 385 1392 ι
408 1327 551 1396 «Omnis
572 1330 625 1417 qui
645 1329 784 1417 tetigerit
806 1351 844 1394 ca
861 1331 1076 1398 sanctificabi-

58 1451 144 1503 stur.
158 1438 334 1504 sPonamus
350 1438 437 1504 enim
454 1439 541 1525 quod
563 1439 658 1504 etiam
676 1462 764 1505 nunc
783 1439 906 1528 integer
923 1435 962 1505 sit
976 1453 1076 1508 status

60 1543 138 1610 illius
148 1543 262 1635 templi,
272 1547 444 1612 oderantur
459 1547 581 1622 hostias,
595 1547 747 1614 sacrificia
761 1561 991 1614 consumantur
1005 1573 1013 1615 ι
1027 1551 1074 1616 ἰιι-
1124 1571 1128 1578 ·

61 1679 175 1744 gressus
185 1666 227 1721 est
239 1654 348 1745 aliquis
360 1653 515 1742 templum
527 1653 691 1731 scelestus,
705 1657 844 1743 iniquus,
857 1656 1015 1745 impurus,
1029 1659 1076 1724 in·

60 1767 136 1830 venit
149 1789 250 1831 carues
263 1789 305 1830 ex
321 1764 485 1831 sacrificiis
501 1765 690 1853 propositas,
703 1779 735 1830 et
746 1762 933 1855 tetigit'eass
953 1769 1073 1833 sancti-

55 1873 157 1940 ficatus
181 1875 333 1940 continuo
360 1873 644 1962 pronuntiabitur?
669 1875 839 1941 Enimvero
865 1873 1072 1942 nullomodo

54 1983 151 2048 sals-ei
171 1997 293 2056 natura,
318 1980 367 2048 vel
385 1983 497 2047 veritas
521 1980 680 2070 religionis
701 1982 765 2049 hoc
786 1985 899 2073 recipit
921 2009 928 2050 :
951 1999 984 2051 et
1002 1986 1074 2052 ideo

54 2094 235 2159 redeundum
257 2093 353 2159 nohis
379 2103 428 2156 cst
454 2091 496 2156 ad
519 2091 729 2179 expositiones
752 2091 956 2181 Evangelicas
978 2105 1075 2187 atque

54 2201 246 2287 Apostolieas,
257 2213 293 2266 ut
304 2200 373 2266 Lex
387 2198 485 2286 possit
499 2197 642 2288 intelligi.
657 2201 723 2268 Nisi
737 2202 823 2266 enim
839 2201 981 2269 velamen
998 2206 1073 2270 abs·

56 2307 155 2375 tsdcrit
174 2309 374 2398 Evangelium
390 2307 431 2372 de
446 2308 524 2374 fecie
540 2308 654 2397 Moysi,
669 2333 734 2375 non
750 2323 854 2398 potest
879 2313 977 2377 videri
1001 2313 1073 2378 vul-

54 2430 100 2484 tus
114 2419 190 2506 ejus,
210 2443 266 2486 nec
286 2441 399 2484 sensus
420 2419 491 2504 ejus
513 2418 655 2507 intelligi.
678 2419 758 2485 Vide
773 2443 848 2508 orgo
864 2423 1024 2509 quomodo
1040 2424 1072 2487 in

16 2503 20 2514 ι
47 2525 177 2594 Ecclesia
201 2525 431 2616 Apostolorum
460 2525 605 2613 discipuli
629 2527 747 2617 adsunt
772 2527 821 2592 his
851 2553 920 2616 quse
946 2531 1073 2617 Moyses

46 2635 171 2724 scripsit,
186 2649 218 2701 et
233 2634 415 2702 defendunt
430 2655 480 2708 ea,
496 2633 584 2719 quod
599 2647 632 2699 et
647 2634 771 2723 impleri
786 2649 916 2723 queant,
933 2651 964 2703 et
980 2641 1075 2705 ratio·

44 2745 178 2810 nobiliter
192 2746 316 2833 scripta
332 2754 424 2815 sunta
444 2743 630 2808 Judaeorum
645 2767 720 2809 vero
737 2744 895 2823 doctores,
912 2761 945 2812 et
958 2749 1074 2838 impos-

43 2853 133 2920 silrilia
147 2855 217 2921 laec
229 2866 264 2920 et
278 2850 524 2927 irrationabilis,
536 2861 704 2938 sequentes
719 2851 867 2934 litteram,
883 2855 1010 2922 saciant.

77 2965 171 3052 lgitur
188 2961 406 3037 sacrificium,
421 2984 480 3049 pro
495 2982 559 3046 quo
574 2959 643 3025 haec
659 2960 764 3025 omnia
781 2961 932 3027 sacrificio
948 2965 980 3028 in
996 2977 1072 3053 typo

43 3084 69 3136 et
80 3071 173 3162 ligura
191 3080 440 3161 praecesserant,
457 3091 558 3134 uuum
572 3079 605 3132 et
620 3067 810 3156 perlectum,
828 3065 1008 3154 immolatus
1023 3086 1072 3138 est

43 3183 180 3249 Christus.
196 3185 312 3270 Hujus
328 3179 473 3246 sacrificii
489 3201 617 3244 carnem
629 3179 655 3243 si
670 3179 740 3265 quis
754 3179 904 3267 tetigerit,
917 3183 1085 3281 continuos

43 3292 243 3360 auctificatur
258 3315 268 3357 s
284 3289 315 3356 si
333 3287 515 3355 immundus
531 3299 590 3362 est,
608 3288 801 3352 mundatur:
816 3288 841 3351 si
856 3289 887 3352 in
904 3288 993 3378 plage
1006 3306 1067 3369 est,

49 3413 166 3466 uranu.
180 3402 236 3469 Sic
253 3399 401 3484 denique
416 3394 569 3461 intellexit
582 3392 648 3468 illa,
662 3394 702 3458 dc
717 3418 777 3481 que
792 3395 887 3482 paulo
905 3409 978 3464 ante
988 3415 1068 3466 'me-

48 3513 181 3588 morasi⁸,
199 3534 278 3602 quae
299 3505 494 3598 profluvium
515 3504 675 3592 sanguinis
695 3506 885 3591 patiebatur,
905 3509 977 3594 quia
1002 3510 1068 3598 ipse

48 3631 118 3685 essct
131 3644 197 3688 caro
207 3617 379 3690 sacrificii,
392 3627 424 3681 et
438 3637 513 3682 caro
524 3625 631 3680 sanctu
643 3626 827 3680 sanctorum
843 3639 851 3679 :
864 3629 897 3681 et
909 3617 981 3704 quia
993 3629 1067 3686 vere
1120 3618 1123 3624 ’

946 3959 960 3984 ,τ
976 3939 1017 3985 ‚ll¹
1041 3945 1046 3968 ³
