2702 4610
440 321 471 364 ιιι
496 319 621 364 sroauu
644 319 776 368 uourua
802 321 843 364 ιι.
1097 306 1154 368 ιι5

114 451 167 508 cet
178 459 308 529 parum.
322 436 457 524 Propter
467 435 566 524 quod,
579 437 655 504 dicit
665 438 707 502 ed
718 460 793 503 eum
805 437 961 504 Dominus
980 463 1012 505 :a
1025 437 1156 507 Modicus

112 578 127 612 ι
144 549 237 623 lidei,
250 569 347 635 quare
358 546 528 612 dubitasti¹
540 547 579 612 i»
594 547 719 614 Idcirco
738 547 833 636 igitur
849 549 903 636 qui
918 547 1022 614 salvus
1034 549 1082 626 lit,
1099 574 1156 638 per

116 658 231 748 ignem
249 654 349 722 salvus
359 655 408 731 lit,
422 667 458 720 ut
470 657 497 721 si
513 655 589 744 quid
599 655 680 722 sorte
696 657 736 722 de
752 657 858 745 specie
872 655 995 746 plumbi
1008 658 1157 727 habuerit
1217 703 1219 710 ι

121 766 311 840 admixtum,
324 764 355 830 id
366 765 447 854 ignis
464 766 622 852 decoquat
636 775 670 830 et
680 763 827 840 resolvat,
842 777 877 830 ιιι
890 765 1070 834 efficiuntur
1086 791 1156 834 om-

124 897 183 942 nes
201 896 310 940 aurum
331 875 455 938 honum
474 895 483 937 a
503 873 576 960 quia
595 895 710 938 aarum
725 884 817 938 terrm
839 871 921 938 illius
942 875 1064 940 bonum
1088 897 1156 942 esse

124 984 252 1058 dicitur,
264 1005 361 1070 quam
381 981 522 1049 habituri
544 993 618 1047 suat
633 982 752 1055 sanctis
770 992 803 1047 et
821 983 903 1048 sicut
916 981 1026 1049 fornax
1041 987 1156 1074 probat

120 1115 245 1166 aurum,
262 1093 311 1170 sic
328 1091 475 1182 homiues
490 1091 591 1178 justos
610 1088 774 1156 tentatio'.
796 1089 996 1157 Veuieudum
1015 1103 1155 1183 asterga

114 1201 268 1267 omnihus
283 1199 325 1264 ad
344 1200 465 1288 iguem,
481 1198 674 1266 veniendum
688 1210 737 1264 cst
750 1198 792 1263 ad
808 1197 1040 1266 conflatorium.
1056 1201 1155 1268 Sedet

110 1313 201 1378 euim
225 1309 397 1385 Dominus,
414 1320 447 1375 ct
466 1307 598 1384 coullat,
621 1319 653 1374 et
671 1321 785 1398 purgat
806 1307 887 1376 filios
908 1309 1024 1387 Juda⁸,
1042 1311 1155 1376 Sedet

116 1419 201 1487 illuc
217 1443 296 1485 cum
313 1419 448 1496 venitur,
464 1417 489 1484 si
511 1418 581 1506 quia
596 1416 695 1484 multa
713 1439 808 1506 opera
823 1419 907 1484 bona
923 1428 956 1482 et
969 1440 1082 1506 parum
1101 1419 1155 1486 ali-

120 1531 203 1620 quid
224 1529 394 1617 iniquitatis
410 1525 563 1604 attulerit,
579 1525 659 1593 illud
679 1550 793 1616 parum
816 1539 968 1616 tauquam
984 1527 1154 1616 plumbum

122 1639 189 1728 igni
204 1637 369 1704 resolvitur
385 1661 422 1704 ac
445 1650 613 1728 purgatur,
628 1650 661 1704 et
678 1648 780 1704 totum
800 1650 944 1704 remanet
963 1660 1077 1725 aarum
1093 1664 1154 1729 pu-

117 1749 203 1812 rum.
223 1748 265 1812 Et
282 1747 393 1835 siquis
412 1744 482 1835 plus
499 1743 574 1812 illuc
593 1744 714 1835 plumbi
733 1747 894 1824 detulerit,
910 1745 982 1837 plus
998 1749 1155 1826 exuritur,

114 1869 150 1922 ut
165 1855 306 1946 amplius
322 1857 533 1944 decoquatur,
550 1869 585 1921 ut
600 1856 657 1922 etsi
673 1877 785 1944 parum
801 1856 920 1945 aliquid
932 1857 972 1923 sit
982 1859 1065 1936 auri,
1077 1883 1155 1948 pur—

112 1977 225 2056 gatum
243 1977 351 2032 tamen
368 1966 514 2030 resideat.
530 1965 627 2045 Quod
639 1965 664 2031 si
680 1964 791 2054 aliquis
803 1964 974 2033 illuctotus
985 1967 1155 2057 plumbeus

113 2075 249 2147 venerit,
266 2073 324 2140 fiet
342 2074 382 2139 de
397 2072 451 2139 illo
467 2074 530 2140 hoc
546 2073 631 2162 quod
647 2074 801 2163 seriptum
818 2088 883 2149 est;
903 2075 1105 2166 demergetur
1120 2081 1152 2147 ia

113 2183 325 2272 proluudum,
348 2195 500 2272 tanquam
523 2180 691 2271 plumbum
722 2182 754 2249 in
781 2206 895 2272 aquam
915 2183 1150 2258 validissimam.

121 2293 190 2358 Sed
205 2291 332 2381 longum
347 2303 395 2358 est
413 2293 439 2357 si
454 2292 669 2380 perordinem
683 2291 816 2358 velimus
828 2315 1000 2383 exponere,
1014 2297 1150 2366 sufficiat

119 2423 227 2488 pauca
242 2402 461 2491 perstringere.

164 2508 200 2578 V.
214 2536 227 2569 ι
242 2509 330 2588 Quis,
344 2511 468 2596 inquit,
481 2508 590 2576 similis
603 2511 659 2575 tibi
676 2510 709 2576 in
724 2511 797 2586 diis,
808 2511 966 2576 Domine?
978 2514 1057 2592 Quis
1069 2517 1156 2584 simi-

111 2647 125 2689 ι
140 2617 180 2684 lis
196 2617 253 2683 tihi
262 2618 278 2682 Ρ
288 2616 453 2684 Gloriosus
465 2619 497 2684 ia
510 2618 640 2698 sanctia,
653 2617 807 2686 mirabilis
821 2619 854 2686 in
866 2621 1097 2707 majestatibus,
1111 2625 1154 2690 la-

108 2756 122 2790 »
138 2729 231 2794 ciens
242 2727 386 2817 prodigia
395 2725 443 2794 ’,ι
461 2727 559 2806 Quod
574 2728 670 2794 dicit:
690 2756 703 2789 r
717 2728 796 2808 Quia
808 2728 917 2794 similis
930 2730 987 2795 tibi
1000 2731 1031 2796 iu
1043 2732 1145 2799 diisi’»

108 2862 177 2905 uon
200 2835 381 2904 simulacris
396 2838 538 2926 gentium
555 2850 721 2926 comparat
740 2839 856 2915 Deum,
876 2862 937 2906 nec
955 2840 1151 2912 daemouihus

107 2947 165 3035 qui
176 2946 240 3012 sibi
253 2943 332 3011 salso
341 2944 474 3011 deorum
486 2966 603 3011 nomeu
618 2945 801 3012 adsciscunt
809 2970 819 3020 ι
834 2947 891 3013 sed
901 2948 976 3012 deos
988 2947 1057 3015 illos
1071 2954 1150 3021 dicit

107 3057 164 3145 qui
180 3053 387 3146 pergratiam
402 3065 434 3118 et
448 3053 723 3143 participationem
735 3055 807 3130 Dei,
820 3055 862 3120 dii
878 3054 1086 3145 appellantur.
1102 3063 1150 3129 De

108 3165 229 3253 quibus
241 3173 278 3229 et
294 3162 368 3230 alibi
387 3162 551 3252 Scriptura
572 3161 673 3229 dicit:
694 3189 707 3224 ι
722 3164 790 3251 Ego
806 3163 881 3239 dixi,
898 3164 948 3230 Dii
962 3167 1090 3234 calisi·
1110 3174 1151 3239 Et

109 3275 228 3341 iterum
251 3297 259 3339 :
284 3273 397 3339 «Deus
420 3274 506 3339 stetit
524 3273 557 3338 in
579 3273 824 3361 congregatione
843 3273 1015 3340 deorum.»
1038 3276 1102 3345 Sed
1117 3271 1176 3354 lai.¹

115 3386 253 3474 quamvis
276 3407 410 3475 capaces
424 3385 488 3450 siat
503 3383 576 3461 Dei,
595 3396 628 3450 et
644 3383 706 3449 hoc
722 3383 850 3449 nomine
864 3385 976 3450 donari
996 3410 1054 3475 per
1074 3413 1149 3478 gra„

121 3494 193 3558 tiam
206 3495 385 3568 rideantur,
403 3491 508 3559 nullus
524 3504 632 3558 tamen
652 3491 720 3557 Deo
739 3491 848 3557 similis
863 3493 1035 3572 iuvenitur,
1050 3497 1100 3565 vel
1116 3499 1148 3566 iu

115 3604 263 3693 potentia,
283 3600 334 3670 vel
351 3602 384 3668 in
401 3612 523 3669 natura.
542 3603 582 3667 Et
601 3601 676 3668 licet
690 3600 828 3668 Joauaes
845 3602 1013 3692 Apostolus
1034 3607 1143 3675 dicat:

121 3711 264 3788 «Filioli,
286 3709 433 3778 nondum
449 3709 565 3777 scimus
580 3710 658 3797 quid
674 3709 770 3776 laturi
787 3733 914 3786 sumus:
933 3713 959 3778 si
977 3725 1085 3783 autem
1102 3740 1151 3784 rc·

141 3871 254 3922 1Ιιιιιιι.
267 3869 434 3933 xar‚3r.-²
445 3889 455 3920 ι
466 3871 524 3923 Cor.
540 3889 581 3925 ιιι.
592 3868 642 3912 -⁸
655 3869 763 3927 Mslaclr.
775 3891 815 3933 ur,
826 3872 851 3923 3.
863 3898 932 3912 --
943 3870 954 3905 ⁴
964 3871 1044 3922 Exod.
1057 3887 1099 3934 xv,
1112 3887 1149 3923 ιι.

108 3973 139 3986 ·-
151 3946 161 3978 ⁸
171 3945 240 3997 Put.
254 3946 374 4007 cxxxrr,6
384 3953 413 3996 et
429 3963 451 3996 ι.
822 3954 825 3962 ’
