2682 4594
223 247 284 288 222
661 243 804 288 otttttttms
854 207 861 226 ι

220 393 291 436 vero
303 369 458 436 contraria
475 377 611 456 potestas
628 367 692 434 fera
709 379 741 432 et
753 389 891 455 nequam
908 381 1058 458 perurget
1073 365 1253 446 hominem,

220 490 253 544 et
265 474 400 544 infidelis
413 488 462 542 est
476 499 533 566 per
548 499 643 564 quem
655 475 833 550 insidiatur,
851 475 876 539 si
893 477 1033 564 potuerit
1044 475 1178 542 sundere
1190 502 1258 544 san·

218 587 347 675 guinem
363 585 476 652 animae
488 595 566 660 tuae,
583 584 616 651 id
627 595 692 670 est,
709 583 845 670 dejicere
861 594 892 648 te
907 583 940 648 in
956 596 1124 672 peccatum
1137 634 1146 658 ,
1159 585 1258 653 bestie

219 707 267 760 est
289 715 462 782 perquam
484 691 619 780 exquirit
640 691 794 756 Dominus
813 691 999 778 sanguinem
1019 704 1122 756 tuum.
1141 693 1206 758 Sed
1226 708 1259 758 et

221 800 367 868 Ezechiel
385 798 541 888 Propheta
556 823 631 866 cum
648 799 724 864 dicit
745 797 978 886 speculatorem
994 823 1028 864 se
1042 799 1184 888 positum
1200 800 1259 864 do-

220 911 286 978 mui
307 907 434 984 lsrael¹,
450 909 503 997 qui
527 909 551 973 si
569 907 806 974 annunciaverit
831 906 1027 995 romphaeam
1050 907 1258 985 venientem,

220 1043 293 1086 reus
307 1042 371 1084 non
385 1017 439 1084 fiat
454 1016 613 1104 sanguinis
625 1067 633 1092 ,
647 1016 672 1079 si
684 1039 749 1080 non
764 1013 980 1102 nunciaveritf,
993 1038 1065 1080 reus
1080 1015 1122 1080 sit
1138 1018 1261 1104 sangui-

220 1125 290 1192 nis:
309 1124 389 1189 etin
408 1123 491 1210 Lege
506 1145 580 1188 eum
599 1121 729 1194 dicitur,
750 1120 775 1183 si
793 1121 861 1186 hacc
878 1131 911 1184 et
931 1119 1002 1185 haec
1021 1119 1156 1194 lecerit,
1174 1122 1263 1187 inno

221 1233 365 1301 censerit
378 1256 395 1297 a
407 1230 558 1318 sanguine
569 1253 577 1293 ε
587 1229 652 1292 sine
662 1227 759 1292 dubio
772 1229 867 1290 etiam
879 1225 933 1292 hic
946 1227 1057 1292 animae
1071 1227 1262 1314 sanguinem
1326 1247 1330 1318 q

220 1343 380 1430 designat,
400 1341 454 1427 qui
469 1336 643 1404 effunditur
658 1358 718 1424 per
731 1345 910 1423 peccatum.
933 1333 1104 1423 Propterea
1124 1357 1207 1424 ergo
1224 1339 1263 1400 ti-
1328 1349 1330 1424 t

218 1474 361 1518 meamus
368 1471 497 1523 omnes,
510 1469 550 1512 ne
565 1445 645 1510 forte
658 1443 782 1532 sanguis
797 1441 931 1531 alicujus
948 1443 1002 1530 qui
1015 1441 1261 1520 scandalizatur,
1328 1459 1330 1510 t

220 1559 398 1646 requiratur
413 1581 430 1620 a
446 1555 554 1630 nobis,
578 1553 659 1618 sicut
674 1549 832 1639 Propheta
853 1549 1006 1639 designat.
1025 1551 1102 1616 Haec
1120 1555 1261 1640 oportuit
1328 1547 1330 1604 l

219 1691 277 1734 nos
292 1676 456 1754 repetere,
478 1675 513 1726 ut
530 1659 652 1750 plenius
674 1658 913 1724 ostenderemus
936 1659 1099 1746 quomodo
1119 1657 1260 1748 gladium
1328 1673 1330 1696 ¹

219 1775 464 1862 evaginaverunt
482 1780 664 1856 peccatores
684 1778 716 1830 et
731 1765 937 1832 tetenderunt
961 1789 1072 1830 arcum
1095 1791 1213 1842 sunm,
1231 1782 1258 1834 et
1328 1793 1331 1900 p

220 1881 290 1968 quis
304 1889 386 1944 esset
403 1898 524 1964 pauper
539 1897 634 1961 quem
656 1874 848 1962 dejicerent,
865 1886 897 1937 et
913 1873 1074 1962 quomodo
1095 1877 1257 1942 trucidan-

219 2003 272 2052 tur
298 1985 376 2050 recti
401 1984 517 2054 corde.
549 1981 595 2048 vel
618 1981 688 2070 quis
711 1994 758 2046 est
784 1982 910 2070 sanguis
938 2005 1052 2048 eorum
1078 1985 1133 2070 qui
1155 1985 1255 2050 ellun-
1330 2063 1331 2074 ἵ

221 2097 317 2162 ditur·
772 2170 776 2181 1
1330 2081 1331 2084 ¹

266 2183 302 2268 ll.
319 2201 411 2265 Nunc
426 2209 532 2264 autem
552 2197 712 2262 videamus
728 2197 805 2284 quid
824 2199 863 2262 sit
882 2198 948 2262 istis
964 2199 1181 2286 peccatoribus
1198 2199 1252 2286 qui

218 2311 287 2376 haeo
306 2307 445 2381 faciunt,
469 2306 502 2371 id
519 2317 585 2382 est,
602 2306 657 2392 qui
672 2303 775 2393 gladio
794 2305 908 2372 diaboli
927 2317 1076 2382 utuntur,
1092 2318 1126 2374 et
1147 2306 1257 2395 jaculis

218 2416 363 2504 maligni,
380 2415 456 2502 quid
468 2414 507 2479 de
520 2414 568 2480 his
581 2437 706 2478 rursum
719 2414 795 2478 dicit
808 2437 912 2480 sermo
925 2415 1049 2480 divinus
1062 2439 1069 2480 :
1082 2416 1258 2494 ‹Framea‚
1331 2453 1332 2476 t

218 2525 356 2611 sinque,
373 2545 484 2588 eorum
500 2522 596 2586 intret
611 2521 642 2586 in
653 2544 710 2586 cor
725 2545 835 2588 eorum
846 2571 855 2596 ‚
867 2535 899 2586 et
912 2546 1004 2588 arcus
1020 2546 1136 2588 eorum
1150 2538 1262 2588 conte-

216 2645 326 2698 srntur
340 2631 363 2696 ².
375 2631 529 2696 »Fremea
542 2652 640 2717 genus
654 2627 707 2692 teli
723 2641 787 2704 est,
801 2629 865 2694 hoc
876 2633 1007 2696 nomine
1019 2645 1261 2719 nuncupatum.
1331 2623 1332 2670 l

215 2746 384 2812 Sermones
395 2739 490 2828 igitur
498 2739 566 2814 isti,
579 2760 657 2825 quos
670 2739 842 2826 inspirante
854 2738 980 2806 diabolo
993 2740 1094 2828 iniqui
1107 2752 1140 2806 et
1149 2765 1263 2829 pecca·
1331 2809 1332 2814 ,

214 2865 298 2918 tores
313 2849 496 2938 proferunt,
509 2846 627 2933 inquit,
646 2847 794 2910 adversus
805 2847 945 2933 justum,
962 2859 997 2912 ut
1013 2849 1182 2914 trucident
1199 2873 1265 2915 rec·
1331 2839 1332 2872 ¹

214 2975 264 3028 tos
278 2959 394 3034 eorde,
410 2967 638 3022 convertentur
652 2954 818 3020 adversum
835 2955 918 3043 ipsos
929 2957 982 3044 qui
999 2980 1053 3022 eos
1069 2957 1266 3044 proferunt,

217 3082 251 3136 ut
271 3067 346 3132 illuc
361 3065 491 3130 redeant
514 3063 598 3128 unde
614 3073 843 3149 processerant.
867 3063 956 3128 Sicut
973 3063 1062 3128 'enim
1079 3063 1209 3130 dicitur
1228 3066 1268 3131 ad

215 3178 315 3264 justos
334 3183 365 3235 et
388 3181 514 3236 sanctos
531 3165 698 3256 Apostolos
715 3191 731 3230 a
747 3167 884 3232 Domino
904 3191 911 3231 :
931 3194 943 3226 ι
962 3167 998 3232 ln
1017 3191 1268 3259 quamcumque
1331 3231 1332 3252 q

214 3283 367 3346 »domum
385 3276 593 3351 intraveritis,
610 3275 727 3341 dicite:
745 3275 809 3340 Pax
829 3274 904 3342 huic
919 3276 1028 3340 domui
1045 3299 1052 3340 :
1070 3289 1105 3340 et
1122 3279 1149 3342 si
1169 3279 1271 3344 suerit

215 3390 278 3456 sibi
294 3387 376 3454 lilius
391 3386 496 3473 pacis,
512 3405 572 3472 pax
589 3395 692 3448 vestra
708 3382 812 3446 veniet
831 3405 1015 3470 supereum
1035 3407 1043 3447 ε
1062 3383 1111 3448 sin
1130 3386 1270 3460 nrinus,

214 3522 294 3588 »pax
309 3507 412 3560 vestra
427 3493 467 3558 ad
483 3516 538 3558 vos
550 3489 744 3556 revertetur³
763 3512 771 3554 :
788 3489 855 3554 asic
870 3491 966 3556 ethic
982 3493 1183 3558 econtrario
1194 3493 1273 3582 gla-

211 3609 281 3677 dius
294 3605 462 3693 impiornm
479 3601 532 3688 qui
544 3600 727 3688 evaginatur
744 3612 777 3663 ut
792 3599 931 3664 trucidet
947 3612 1052 3666 rectos
1065 3601 1191 3679 corde,
1212 3627 1275 3668 re-

210 3717 286 3784 verti
298 3716 330 3779 in
347 3709 567 3801 ipsosdicitur,
584 3720 617 3773 et
631 3708 771 3796 demergi
786 3707 819 3772 in
837 3731 1031 3782 corsorum,
1046 3722 1144 3798 atque
1164 3735 1274 3777 arcus

243 3857 347 3906 theclr.
359 3871 397 3901 111.
410 3880 440 3888 -
456 3849 673 3904 sponsum-1.
686 3846 726 3898 15.
736 3847 789 3888 —··³
801 3853 859 3898 Luc.
870 3865 900 3910 x,
913 3847 935 3899 5·
