2748 4596
388 425 828 564 ORIGENIS

151 729 217 832 n
281 721 593 831 aranon
638 723 835 830 anso
884 724 1081 834 nava
1169 667 1178 674 ’

468 987 778 1076 HOMILIAE.

417 1223 641 1306 (rnraararrn
668 1243 792 1290 noaino.
809 1225 819 1311 )

109 1509 229 1536 mm
236 1503 1138 1539 ammmmwwmummmmwmwmmm

415 1730 615 1799 HOMILIA
644 1730 786 1800 PRIMA
800 1732 823 1797 ¹.

151 2003 320 2072 Donav1r²
336 2001 422 2070 Deus
444 2023 562 2068 nomen
579 2052 588 2076 ,
605 2002 691 2090 quod
706 2013 754 2068 est
773 2025 868 2092 super
888 2027 983 2070 omne
999 2027 1135 2084 nomen,

100 2115 237 2183 Domino
248 2111 443 2181 etSalratori
453 2122 562 2178 nostro
572 2109 649 2177 iesu
663 2111 819 2177 Christo⁸.
832 2113 888 2179 Est
900 2126 1007 2182 autem
1018 2139 1135 2184 nomen

103 2224 189 2312 quod
197 2233 245 2288 est
259 2245 353 2311 super
365 2245 460 2287 omne
472 2243 606 2296 nomen,
622 2219 725 2286 Jesus.
736 2221 777 2285 Et
788 2221 861 2310 quia
869 2233 918 2287 est
928 2223 1137 2292 istudnomon

103 2355 200 2420 super
222 2353 314 2396 omne
333 2353 467 2405 nomen,
492 2327 612 2393 ideireo
633 2327 665 2392 in
688 2328 818 2394 nomine
840 2328 917 2394 Jesu
940 2353 1034 2397 omne
1054 2357 1138 2422 genu

100 2439 241 2516 flectitur
266 2437 460 2513 coelestium,
483 2437 700 2512 terrestrium,
719 2449 752 2503 ot
771 2437 977 2506 infernorum.
1003 2441 1044 2507 Et
1066 2443 1138 2530 qnia

99 2561 148 2614 est
165 2552 229 2614 hoo
239 2571 356 2614 nomen
372 2569 467 2636 super
481 2569 576 2612 omne
590 2568 710 2612 nomon
723 2565 731 2611 :
745 2545 865 2614 ideirco
878 2548 910 2612 in
922 2546 1030 2614 multis
1041 2573 1139 2639 gene-

98 2659 276 2725 rationibus
299 2683 317 2722 a
341 2655 430 2723 nullo
448 2654 709 2744 cognominatum
725 2666 783 2721 ost.
810 2653 942 2749 Scripsit
958 2657 1081 2748 Moyses
1098 2658 1138 2725 li-

98 2769 196 2833 brum
213 2765 364 2840 Genesis,
381 2765 413 2829 in
429 2787 493 2854 quo
509 2762 642 2852 legimus
660 2762 840 2840 Abraham,
857 2777 890 2830 et
906 2789 960 2830 eos
978 2767 1033 2856 qui
1047 2791 1087 2832 ex
1101 2792 1140 2834 eo

85 2875 240 2967 'generati
252 2871 344 2946 saint,
361 2873 394 2937 in
410 2873 524 2961 quihus
541 2883 614 2936 sunt
628 2872 705 2960 justi
724 2895 819 2961 qnam
834 2871 981 2962 plurimi,
998 2875 1054 2941 sed
1065 2875 1140 2941 nul-

94 2984 148 3050 ius
160 3007 201 3049 ex
211 2982 285 3072 ipsis
297 2980 388 3046 Jesus
402 2980 520 3045 meruit
531 2979 699 3045 nominari.
715 2979 825 3069 Neque
839 2979 920 3047 Abel
931 2982 1023 3049 Jesus
1036 2984 1139 3051 dictus

94 3101 167 3166 est,
180 3109 284 3177 neque
302 3083 355 3151 ille
370 3086 425 3175 qui
440 3083 537 3172 eoepit
552 3084 700 3152 invocare
715 3107 832 3150 nomon
847 3085 974 3154 Domini
986 3090 1043 3154 Dei
1059 3113 1067 3154 ε
1081 3113 1139 3156 ne-

93 3221 164 3288 que
179 3193 231 3261 ille
246 3195 300 3284 qui
315 3191 434 3282 placuit
452 3192 539 3268 Deo,
554 3202 586 3255 et
603 3190 770 3258 translatus
786 3204 856 3257 est:
877 3196 969 3282 eujus
985 3220 1071 3262 mors
1089 3199 1139 3265 in·

94 3315 270 3372 ventanon
279 3312 327 3366 est
341 3325 349 3366 ε
367 3323 471 3389 nequo
482 3296 534 3386 ille
546 3300 600 3388 qui
612 3299 645 3364 in
657 3301 861 3389 generatione
873 3324 929 3365 sua
940 3303 1024 3370 solus
1036 3306 1138 3394 justus

95 3415 249 3478 inventus
263 3422 312 3476 est
331 3408 416 3498 apud
435 3409 538 3474 Deum
558 3408 625 3474 Noe
644 3432 651 3474 :
670 3409 725 3474 sed
743 3433 783 3473 ne
796 3409 861 3498 ipse
877 3411 1006 3498 quidem
1024 3417 1078 3504 qui
1093 3439 1140 3482 re-

92 3519 328 3612 promissiones
341 3528 506 3605 acceperat
515 3517 694 3582 testamenti
705 3516 884 3584 Abraham:
898 3542 958 3587 neo
973 3520 1025 3588 iile
1036 3524 1090 3611 qui
1101 3547 1140 3590 ex

95 3649 144 3693 eo
160 3635 255 3690 natus
266 3634 314 3688 est
329 3623 418 3688 isaac
433 3643 441 3686 ε
459 3621 514 3686 sed
528 3643 588 3689 neo
605 3619 822 3711 supplantator
839 3621 959 3703 Jacob,
976 3651 1036 3696 neo
1054 3631 1141 3718 quis·-

136 3771 146 3804 ¹
159 3771 244 3836 (Edit.
264 3769 383 3833 Renedd.)
396 3771 467 3820 Tom.
479 3786 514 3830 rr,
528 3767 735 3835 pagg.397·1i⁰⁰·

133 3862 147 3897 ²
159 3864 194 3912 N.
208 3879 231 3908 1.

134 3950 252 4016 ³rhttip.
269 3967 301 4012 n,
316 3965 347 4016 9,
365 3965 403 4000 ιο.

252 4061 280 4102 Χ.
