2644 4612
191 275 256 339 526
635 291 778 334 uumerus

190 417 352 490 rhenum,
364 425 397 478 et
412 436 476 479 non
492 412 684 501 peruenerit.
696 412 758 477 »Et
770 411 905 475 iterum:
916 437 929 470 ι
940 411 1042 476 Nemo
1057 409 1243 475 mundun

190 523 324 599 morde,
344 545 404 589 nee
418 523 442 587 si
460 523 551 588 unius
571 519 633 586 diei
648 518 746 584 suerit
759 518 823 585 vito
837 517 941 606 ejuu¹.
958 517 1078 585 »Solus
1093 541 1184 607 ergo
1198 533 1247 584 eet

190 631 345 697 Dominus
363 642 395 694 et
412 628 555 697 Salvator
570 638 679 694 noster
700 625 792 693 Jesus
814 626 958 693 Christus
981 628 1035 715 qui
1060 638 1244 715 peccatum

190 762 255 804 nou
278 739 370 814 iecit,
386 738 441 804 sed
456 749 624 827 peecatum
639 760 713 801 eum
736 747 826 824 puter
843 736 919 801 feeit
936 759 996 826 pro
1012 736 1140 812 nobis,
1162 738 1243 801 utin

190 846 393 912 similitudine
405 847 506 912 curnis
518 831 640 935 peceati
650 895 660 920 ,
669 845 710 910 de
722 855 854 932 poeouto
867 843 1034 911 damnaret
1048 857 1240 932 peccetmn

190 954 284 1022 Venit
298 977 371 1044 ergo
387 954 426 1020 ad
446 956 506 1020 istu
521 954 619 1028 retia,
645 953 701 1018 sed
716 951 833 1017 involvi
856 953 889 1018 in
906 954 952 1017 eis
976 950 1067 1017 solus
1092 954 1170 1041 ipse
1185 977 1241 1018 nor

190 1063 293 1152 potuit
307 1086 315 1128 ε
334 1063 412 1149 quin
426 1062 492 1127 imo
508 1061 642 1150 diruptis
653 1061 718 1136 eis,
731 1072 765 1124 et
776 1060 921 1125 contritis
933 1060 989 1127 dat
1003 1059 1171 1126 Ecclesia
1186 1085 1237 1128 sue

193 1171 344 1238 fiduciam
358 1183 393 1235 ut
408 1170 523 1236 audeat
537 1171 602 1258 jam
617 1191 741 1234 cussare
753 1165 902 1257 laqueos,
916 1181 948 1233 et
962 1169 1111 1233 transire
1127 1193 1189 1258 per
1201 1194 1236 1235 re-

191 1281 252 1355 tia,
268 1290 392 1344 etcum
410 1279 495 1343 omni
518 1276 679 1343 alacritate
695 1277 825 1342 dicere:
844 1305 856 1338 ι
875 1275 993 1342 Anima
1017 1289 1137 1343 nostru
1164 1279 1235 1343 siun
1312 1311 1313 1318 κ

192 1410 322 1478 npasser
334 1399 441 1476 erepta
457 1400 503 1451 eut
519 1386 558 1452 de
573 1384 688 1475 laqueo
702 1386 909 1451 venantium:
926 1382 1070 1473 laqueus
1087 1389 1229 1453 contritus

191 1509 279 1572 uest,
295 1510 327 1561 et
352 1520 409 1562 nos
431 1494 554 1560 liberati
572 1519 682 1560 sumus
695 1493 718 1558 ².
738 1495 847 1575 ‚Quis
870 1506 980 1560 autem
1007 1497 1164 1562 contrivit
1182 1497 1222 1563 δ-

191 1629 306 1694 queos,
323 1606 381 1670 nisi
396 1602 447 1694 iilo
460 1604 514 1691 qui
529 1601 614 1668 solus
625 1605 659 1668 in
674 1604 719 1668 eis
735 1603 835 1668 teneri
851 1625 915 1668 non
931 1604 1074 1692 potuit?
1090 1607 1219 1686 Quantis

192 1727 225 1780 et
239 1716 348 1802 ipsein
363 1725 466 1779 morte
480 1711 574 1777 suerit
590 1709 783 1788 voluntarie,
796 1723 829 1777 et
844 1734 908 1776 non
920 1725 957 1776 ut
970 1735 1036 1777 nos
1054 1715 1215 1780 necessitate

191 1825 324 1914 peccati.
340 1821 432 1889 Solus
448 1834 496 1886 est
506 1821 592 1886 enim
603 1821 658 1908 qui
671 1820 730 1884 snit
744 1821 990 1886 intermortuos
1008 1820 1097 1887 liber.
1109 1825 1206 1910 thuir

191 1932 271 1999 iiber
285 1933 368 1997 inter
382 1942 525 1996 mortuos
541 1929 617 2004 fuit,
634 1928 754 1995 ideireo
770 1929 895 1996 devicto
905 1953 946 1995 eo
958 1931 1022 2017 qui
1037 1931 1196 1996 inbuimur·

191 2042 230 2106 tis
239 2041 407 2128 imperium
418 2089 426 2114 ‚
437 2038 589 2104 abstraxit
600 2037 814 2126 captiuitatem
831 2061 901 2125 quae
915 2041 1208 2105 tenebaturinnor

191 2161 266 2213 tem.
281 2149 322 2213 Et
337 2171 400 2213 nou
412 2145 515 2212 solum
530 2146 736 2234 semetipsum
753 2145 952 2212 resuscitavit
967 2171 990 2212 rr
1007 2149 1162 2223 mortuis,
1174 2147 1220 2212 soi

192 2270 225 2322 et
235 2279 289 2322 eos
304 2257 357 2344 qui
374 2253 566 2320 tenebantur
580 2255 613 2319 in
631 2265 755 2330 morte,
777 2252 869 2319 simul
884 2255 1067 2332 excitavit,
1086 2255 1223 2345 simulque

192 2367 301 2432 sedere
316 2365 347 2430 in
367 2363 546 2430 ooelestibus
561 2361 649 2428 seoit.
668 2361 852 2429 Ascendens
866 2363 1003 2428 enimin
1019 2363 1126 2432 altum
1139 2365 1231 2454 eapti-

135 2537 140 2549 ,
191 2499 262 2541 vam
275 2475 362 2540 duxit
373 2469 620 2561 captivitatem,
634 2493 699 2536 non
711 2468 814 2536 solum
822 2471 942 2537 animas
957 2472 1130 2549 eduoens,
1143 2474 1236 2540 sedet

193 2605 324 2672 corpore
340 2603 451 2647 eorum
464 2579 675 2656 resuscitans,
691 2579 917 2646 sicuttestatur
927 2583 1240 2674 Evangeiiumquod

192 2690 290 2759 muita
307 2712 437 2778 rnrporu
456 2700 640 2755 sanctorum
658 2688 842 2756 resuscitato
857 2700 951 2765 sunt,
965 2703 1000 2755 et
1017 2707 1241 2782 apparuerunt

193 2798 299 2867 multis
311 2810 359 2874 ‚et
373 2799 565 2863 introierunt
575 2797 609 2862 in
621 2810 763 2864 sunctum
776 2797 936 2864 civitatem
949 2799 1010 2865 Dei
1020 2802 1240 2870 virentisflie

192 2909 358 2980 molent
374 2912 449 2977 Haee
468 2911 559 2977 nobis
575 2911 727 3000 expositio
744 2910 783 2976 do
802 2911 921 2976 retibus
942 2914 1095 2980 seeundo
1117 2917 1154 2981 in
1171 2915 1241 2982 iooo

192 3031 348 3108 assumpta
359 3032 416 3084 est.
437 3019 485 3086 Sit
500 3043 576 3086 sone
590 3017 720 3108 legentis
735 3019 911 3108 judicium,
929 3044 1002 3108 quae
1019 3045 1142 3091 earum
1156 3048 1244 3114 mys·

190 3129 259 3197 tieis
271 3129 395 3218 dignius
407 3130 508 3218 aptari
524 3129 620 3218 posuit
631 3125 776 3216 eloquiis.

227 3266 236 3300 ¹
247 3271 336 3319 Eccles.
346 3289 396 3332 vrr,
411 3289 453 3320 ar.
464 3299 496 3308 -
507 3264 613 3319 ’Potin
626 3286 715 3332 cxxiv,
725 3287 748 3331 7.
758 3263 806 3306 -⁸
814 3269 902 3336 Ephes.
913 3287 950 3318 rr·
960 3298 992 3310 -
1006 3267 1018 3298 ⁴
1030 3271 1134 3325 Martii.
1145 3293 1228 3325 nvn.
