2692 4610
221 220 282 283 252
595 213 597 217 ’
621 251 630 260 ·
668 243 809 286 «serenans

220 354 305 420 mino
321 355 418 442 possit
433 358 577 434 accendi,
600 371 634 424 ut
652 384 715 426 non
733 361 764 426 in
785 361 925 426 tenebris
940 361 1151 428 ambulemus.
1174 365 1248 430 lieo

220 465 348 550 quidem
359 491 376 532 a
389 469 480 535 nobis
495 470 578 536 dicta
591 484 677 547 sunt,
690 485 845 560 quantum
860 470 903 536 ad
918 467 1082 538 lucernum
1097 471 1249 540 condele-

219 578 269 642 bri
284 590 316 642 et
327 576 434 643 oleum
445 582 515 668 ejus
525 594 656 670 spectat.
1167 597 1170 602 '

262 688 288 754 N
293 712 354 754 unc
366 712 440 756 vero
452 692 612 760 videamus
623 694 700 782 quid
710 695 806 760 etiem
819 693 850 758 in
864 692 1132 778 consequentibus
1143 691 1185 756 de
1197 714 1251 778 pa·

217 797 311 863 nibus
323 801 547 887 propositionis
559 785 713 891 scriptum
724 803 774 868 sit.
796 804 856 868 «Et
869 802 1011 876 sumetis,
1025 801 1151 885 inquit,
1166 800 1250 864 simi·

216 934 230 967 s
246 905 397 995 laginem,
408 921 441 974 et
462 910 582 978 iacietis
594 912 633 976 de
645 935 681 978 ea
695 903 862 978 duodecim
874 933 981 1000 panes.
996 911 1043 975 De
1056 910 1181 975 duabus
1192 909 1247 974 de·

216 1044 229 1076 s
245 1017 334 1082 cimis
345 1019 406 1082 erit
418 1041 498 1084 unus
510 1020 613 1108 panis,
624 1031 656 1085 ot
667 1022 835 1109 imponetis
846 1043 900 1087 eos
912 1021 988 1086 dues
1000 1019 1186 1106 positiones,
1196 1041 1248 1084 sex

216 1149 343 1214 »panes
359 1151 420 1194 une
439 1131 552 1217 positio
564 1155 660 1219 super
676 1153 817 1197 mensam
838 1130 991 1196 mundam
1008 1140 1119 1195 contre
1137 1128 1247 1194 Domi-

218 1263 231 1297 s
247 1257 334 1304 num.
346 1239 390 1307 Et
400 1240 568 1328 imponetis
580 1240 875 1328 superpositionem
887 1241 960 1305 thas
976 1237 1148 1314 mundum,
1159 1251 1195 1302 et
1205 1259 1248 1302 aa·

218 1374 231 1408 s
245 1347 321 1424 lem,
333 1360 366 1414 et
378 1361 472 1414 erunt
487 1373 584 1439 panes
596 1350 629 1415 in
642 1351 977 1416 commemorationem
992 1347 1128 1435 appositi
1143 1347 1247 1412 Domi·

216 1485 230 1518 s
246 1479 289 1522 no
302 1481 310 1522 :
321 1457 372 1522 die
380 1459 585 1524 sabbatorum
596 1471 815 1547 proponentur
823 1469 934 1525 contra
945 1457 1115 1522 Dominum
1125 1479 1248 1544 semper

218 1597 231 1629 s
247 1592 266 1635 e
281 1564 353 1633 filiis
370 1565 481 1641 lsrael,
495 1569 526 1632 in
540 1579 765 1633 testamentum
780 1581 945 1632 aeternum.
965 1565 1005 1629 Et
1018 1578 1115 1631 erunt
1130 1565 1246 1640 Aaron,

219 1705 231 1738 s
248 1675 437 1742 et‘srliorum
453 1676 536 1761 ejus,
553 1688 585 1739 et
603 1676 700 1740 edent
716 1699 753 1740 oa
772 1677 803 1740 in
821 1674 895 1740 loco
915 1687 1025 1739 sancto
1046 1697 1054 1738 ε
1071 1687 1147 1758 sunt
1164 1675 1244 1739 enim

219 1813 231 1844 ι
246 1796 355 1851 sancto
371 1796 563 1850 sanctorum.
580 1786 647 1849 Hoc
659 1785 719 1849 erit
733 1782 794 1848 iliis
806 1783 847 1849 de
862 1784 907 1848 eis
918 1803 989 1870 quae
1000 1781 1181 1848 offeruntur
1191 1784 1244 1848 Do

220 1923 233 1956 s
249 1895 336 1959 mino
356 1890 534 1981 legitimum
554 1905 707 1959 aetornum
720 1895 742 1958 ¹.
759 1921 772 1954 s
787 1893 973 1977 Secundum
988 1915 1025 1956 ea
1044 1916 1117 1979 qaae
1135 1883 1244 1980 scripti

219 2011 305 2075 sunt,
322 2000 355 2064 in
371 2000 538 2067 duodecim
555 2001 690 2090 panibus
707 2001 877 2067 duodecim
892 2002 1035 2067 tribuum
1051 2001 1145 2067 lsrae'i
1159 2001 1242 2065 vide-

218 2121 272 2174 tur
281 2110 542 2173 commemoratio
553 2123 627 2175 ante
638 2109 809 2174 Dominum
823 2109 904 2186 fieri,
918 2123 952 2175 et
962 2122 1155 2198 praeceptum
1168 2109 1242 2182 dari.

220 2228 256 2283 ut
270 2217 337 2282 sine
353 2219 529 2283 cessatione
541 2219 591 2283 isti
604 2219 772 2285 duodecim
784 2243 882 2309 panes
894 2221 925 2284 in
938 2223 1112 2308 'conspectu
1125 2219 1247 2285 Domini

219 2339 438 2418 proponantur
452 2349 460 2390 τ
477 2340 558 2392 utet
575 2331 725 2393 memorie
742 2329 911 2394 duodecim
925 2331 1068 2395 tribuum
1081 2329 1167 2417 apud
1178 2351 1248 2394 eum

219 2461 345 2527 semper
355 2438 528 2513 habeatur,
544 2461 608 2525 quo
623 2436 718 2502 veluti
735 2439 875 2502 exoratio
888 2437 1033 2525 qnaedam
1048 2448 1082 2501 ct
1095 2436 1250 2525 supplica·

219 2549 264 2616 tio
282 2571 339 2637 per
357 2549 427 2614 haec
446 2571 504 2634 pro
526 2546 656 2634 singolis
675 2546 744 2611 fieri
763 2547 917 2612 videatur.
938 2547 1001 2612 Sed
1016 2571 1113 2636 parva
1130 2548 1204 2612 satis
1221 2558 1251 2611 et

220 2659 324 2722 tenuis
339 2666 387 2720 est
400 2654 622 2742 hujuscemodi
644 2654 838 2722 intercessio.
858 2656 1023 2734 Quantum
1044 2657 1131 2720 enim
1147 2655 1247 2745 prose

210 2766 266 2835 ,cit
276 2764 317 2828 ad
330 2762 613 2850 repropitiandum,
629 2765 682 2828 ubi
696 2765 944 2852 uniuscujusque
959 2766 1059 2830 tribus
1070 2789 1129 2854 per
1140 2787 1253 2854 penem

215 2872 356 2944 tructus,
375 2870 568 2958 perfructus
584 2894 678 2959 opera
695 2872 921 2938 consideranda
939 2874 1036 2938 sunt?
1052 2875 1116 2939 Sed
1131 2876 1156 2939 si
1173 2875 1255 2939 refe-

222 2993 334 3045 rantur
344 2979 413 3045 haeo
423 2979 464 3044 ed
477 2981 618 3066 mysterii
631 2981 896 3068 magnitudinem,
909 2981 1048 3048 invenies
1061 3005 1255 3048 commemo·

224 3091 378 3154 rationem
399 3089 490 3154 istem
510 3091 627 3155 habere
648 3089 782 3177 ingentis
803 3089 1069 3177 repropitiationis
1089 3089 1249 3156 effectum.

224 3200 257 3266 Si
279 3199 389 3265 redeas
411 3198 554 3266 edilium
577 3221 693 3287 ponem
714 3201 769 3286 qui
789 3195 933 3264 de'coeio
954 3199 1133 3276 descendit,
1152 3215 1185 3264 et
1202 3199 1256 3263 dat

226 3306 301 3372 huic
322 3307 443 3370 mundo
460 3308 572 3380 vitem:
591 3306 681 3374 iilum
696 3331 811 3396 panem
830 3309 1052 3396 propositionis
1074 3331 1171 3396 quem
1188 3332 1255 3397 pro·

228 3417 334 3504 posuit
352 3416 436 3480 Deus
452 3416 708 3502 propitiationem
726 3415 891 3504 perfidem
908 3419 939 3480 in
957 3417 1107 3504 sanguine
1123 3419 1209 3506 ejus3
1227 3430 1258 3482 et

228 3528 255 3592 si
276 3527 423 3614 respicias
447 3525 486 3590 ad
506 3524 592 3590 iiiam
607 3528 943 3592 commemorationem
959 3527 998 3590 de
1014 3549 1075 3613 qna
1092 3525 1173 3591 dicit
1193 3527 1258 3591 Do·

231 3635 358 3700 minus:
379 3635 471 3698 «Hoc
482 3633 574 3700 facite
588 3636 618 3698 in
631 3658 735 3702 meam
748 3636 1103 3701 commemorationem²
1120 3659 1128 3702 t
1146 3666 1159 3697 ι
1177 3639 1260 3702 inre·

231 3741 299 3806 nies
317 3741 403 3828 quod
418 3740 476 3804 ista
490 3753 537 3804 est
552 3745 813 3810 commemoratio
826 3742 890 3810 sole
910 3765 980 3831 quae
995 3744 1265 3832 propitium-facit

262 3871 270 3902 ¹
284 3869 366 3918 Lerit.
381 3884 448 3928 xxiv,
459 3871 473 3917 5
483 3878 508 3917 ct
520 3886 591 3933 seqq.
606 3869 657 3908 —²
671 3888 678 3917 r
690 3872 795 3931 Con-xi,
810 3873 839 3920 25
