2748 4596
228 270 269 332 bo
681 281 822 324 oarcnurs

228 419 360 480 vacent,
378 416 410 469 et
427 415 461 468 ut
475 402 526 467 die
541 413 702 488 noctuque
719 401 953 466 obsecrationes
975 397 1112 464 offerant
1128 395 1223 472 Deo,
1240 407 1275 462 et

228 513 496 604 supplicationum
512 509 654 577 victimas
666 507 853 584 immolent,
870 509 927 596 ipsi
943 519 1016 572 sunt
1031 529 1071 572 ex
1086 508 1206 596 quibus
1221 507 1275 571 Je·

230 647 282 689 sus
298 619 435 685 {edificat
450 617 558 684 altare.

274 727 315 793 ll.
330 726 394 794 Sed
404 725 528 790 intuere
543 721 619 811 quid
638 721 739 788 laudis
751 722 823 811 ipsis
839 721 995 810 lapidibus
1010 719 1116 786 altaris
1136 722 1272 786 ascribi-

231 849 294 902 tur.
315 835 426 900 «Sicut
437 832 534 906 dixit,
549 830 662 917 inquit,
679 829 837 918 legislator
852 830 993 916 Moyses,
1006 827 1156 894 aedificari
1171 827 1274 893 altare

234 966 294 1008 »ex
308 941 463 1030 lapidibus
486 937 614 1027 integris
635 937 750 1026 quibus
765 936 884 1003 ferrum
904 959 968 1002 non
984 949 1032 1001 est
1051 935 1268 1024 injectant.

234 1050 296 1130 Qui
323 1059 413 1135 putas
437 1057 509 1110 sunt
531 1045 581 1109 isti
608 1045 721 1132 integri
741 1043 881 1132 lapidesi'
899 1043 993 1110 Novit
1018 1043 1276 1129 uniuscujusque

232 1153 424 1223 conscientia
444 1151 512 1240 quis
529 1153 568 1215 sit
582 1153 720 1238 integer,
738 1150 808 1236 quis
824 1150 863 1213 sit
882 1150 1102 1236 incorruptus,
1119 1147 1275 1236 impollu-

230 1273 300 1338 tus,
313 1257 533 1326 immaculatus
550 1258 582 1323 in
597 1279 694 1323 carne
709 1269 740 1321 et
754 1258 785 1321 in
797 1257 925 1344 spiritu:
940 1257 1010 1343 quis
1026 1256 1065 1320 sit
1080 1254 1133 1320 ille
1146 1256 1276 1320 eniser-

231 1393 304 1436 rum
320 1368 477 1458 injectum
499 1375 650 1440 nonest,
675 1364 791 1439 idest,
814 1365 867 1452 qui
890 1361 993 1452 jacula
1016 1360 1146 1450 maligni
1175 1364 1276 1451 ignita

234 1475 499 1565 concupiscentiae
518 1497 581 1540 non
596 1472 735 1560 recepit,
752 1472 807 1536 sed
829 1484 920 1537 scuto
942 1494 980 1536 ea
1000 1470 1074 1535 lidei
1092 1472 1232 1536 extinxit
1247 1485 1277 1538 et

235 1582 373 1674 repulit:
386 1581 434 1648 vel
447 1581 517 1667 quis
531 1579 663 1653 estille‚
680 1579 734 1665 qui
750 1578 867 1643 serrum
883 1599 1018 1667 pugnae,
1035 1576 1156 1644 serrum
1180 1577 1276 1654 belli,

233 1698 355 1762 ferrum
371 1692 474 1757 litium
490 1711 651 1776 nunquam
664 1691 803 1776 recepit,
819 1688 876 1753 sed
891 1710 1015 1776 semper
1030 1687 1187 1775 pacilicus
1197 1689 1277 1764 suit,

237 1823 363 1890 semper
383 1799 509 1886 quietus
535 1808 567 1860 et
588 1796 690 1871 mitis,
710 1817 750 1860 ex
771 1795 888 1862 Christi
907 1793 1085 1861 humilitate
1107 1796 1272 1860 formatus.

237 1909 293 1976 lsti
305 1918 379 1972 sunt
390 1927 465 1992 ergo
478 1902 596 1990 lapides
611 1903 690 1978 viri,
706 1925 744 1966 ex
760 1904 874 1990 quibus
884 1903 976 1968 Jesus
992 1903 1150 1969 Dominus
1167 1914 1279 1972 noster

237 2013 336 2080 altaro
352 2011 526 2076 construxit
541 2033 580 2073 ex
598 2006 753 2097 lapidibus
769 2009 917 2098 integris,
937 2012 1052 2097 quibus
1075 2011 1198 2076 serrum
1213 2033 1278 2076 non

238 2132 287 2186 est
298 2121 469 2207 injectum,
484 2128 518 2180 ut
530 2116 640 2181 offerat
653 2139 747 2204 snper
758 2140 811 2182 eos
822 2117 1025 2192 holocausta,
1038 2130 1072 2183 et
1083 2118 1278 2184 sacrificium

239 2227 385 2295 salutis...

279 2335 335 2400 lll.
363 2333 426 2398 Sed
451 2330 593 2396 nondum
614 2328 725 2417 plenus
740 2329 846 2396 altaris
862 2343 990 2397 ornatus
1008 2344 1077 2406 est,
1100 2332 1230 2396 etiamsi
1245 2355 1281 2396 ex

237 2442 365 2530 integris
382 2439 537 2528 lapidibus
555 2450 777 2514 construatur,
794 2441 915 2508 etiamsi
939 2439 1060 2504 serrum
1075 2440 1120 2503 eis
1138 2451 1174 2504 et
1189 2441 1280 2527 jacu-

235 2549 301 2616 lum
315 2546 442 2634 maligui
459 2569 524 2610 nou
539 2545 719 2610 inveniatur
734 2545 907 2632 injectum,
924 2547 979 2611 sed
998 2545 1103 2611 adbuc
1121 2545 1214 2610 deest
1232 2544 1282 2610 ali-
1363 2617 1364 2620 Ἴ

238 2656 336 2745 quid,
353 2668 385 2720 et
404 2653 508 2720 adhuc
522 2662 570 2716 est
585 2652 670 2739 quod
691 2652 737 2716 bis
753 2653 899 2717 omnibus
922 2652 1051 2740 adjiciat
1065 2651 1173 2717 Jesus.
1194 2652 1282 2732 Quid

235 2763 314 2831 illud
336 2761 406 2828 esti
435 2758 621 2847 ascripsit,
653 2758 773 2845 iuquit,
797 2759 889 2824 lesus
914 2782 1009 2847 super
1031 2757 1154 2847 lapides
1176 2757 1282 2823 altaris

237 2865 566 2940 »Deuteronomium,
590 2863 692 2952 legem
714 2865 832 2941 lllosei,
855 2877 888 2930 et
913 2865 1039 2954 scripsit
1057 2888 1127 2930 eam
1153 2867 1187 2930 in
1209 2887 1283 2930 con

238 2990 370 3067 »spectu
382 2973 524 3041 filiorum
535 2971 629 3038 lsrael
638 2971 683 3036 ’.ι
701 2973 867 3062 Scripserit
876 2973 1036 3060 quomodo
1049 2975 1191 3061 potuerit
1205 2985 1284 3038 tunc

237 3088 320 3152 filius
333 3087 417 3152 Nave
428 3105 522 3170 super
536 3079 656 3169 lapides
672 3079 775 3145 altaris
792 3083 906 3170 Legem
925 3081 1119 3155 describere,
1135 3093 1170 3144 et
1186 3094 1285 3168 prout

240 3197 340 3266 valuit
357 3191 589 3259 adumbraverit
606 3203 718 3280 typos,
735 3214 793 3256 nos
806 3193 931 3256 interim
943 3191 1107 3258 rideamus
1118 3191 1287 3278 quomodo

238 3315 348 3371 noster
359 3299 451 3367 Jcsus
460 3299 492 3364 in
505 3298 661 3386 lapidibus
676 3298 750 3364 vivis
761 3310 794 3364 et
806 3299 933 3388 integris
946 3298 1069 3387 scripsit
1081 3299 1287 3364 Deuterono-

178 3413 181 3424 ’
239 3419 357 3490 mium,
374 3411 460 3499 quod
475 3412 563 3498 quasi
579 3411 719 3476 secunda
730 3409 883 3499 legislatio
898 3410 1024 3477 dicitnr.
1043 3411 1076 3478 Si
1089 3434 1168 3499 ergo
1181 3412 1231 3475 vis
1242 3411 1284 3474 ri·

239 3518 694 3608 derequomodo‚primaLege
705 3518 861 3586 infirmata
875 3570 883 3595 ,
895 3519 1066 3584 secundum
1074 3520 1195 3607 Legem
1210 3518 1291 3584 scri-

238 3637 294 3700 bat
310 3628 421 3700 Jcsus,
435 3625 506 3690 audi
523 3627 645 3689 eurn⁸in
660 3626 837 3716 Evangeliis
854 3628 1033 3693 dicentem:
1061 3627 1224 3692 «Dictum
1239 3639 1294 3690 cst

240 3735 416 3824 »antiquisz
435 3732 504 3797 Non
518 3731 654 3797 occides.
673 3733 739 3820 Ego
751 3747 859 3800 autem
872 3735 945 3800 dico
963 3733 1071 3810 vobis,
1088 3735 1161 3821 quia
1174 3735 1295 3800 omnis

275 3859 348 3929 ¹Jos'.
362 3847 516 3934 v1n‚*3r.-·
529 3868 615 3921 ²Ibid.
631 3875 670 3921 32.
