2692 4610
365 316 398 359 ut
423 307 592 359 nurtrtcau
613 315 744 359 nonum
768 304 822 361 nt.
1043 294 1101 371 aba

68 431 148 500 dotis
171 453 295 498 nomon
316 453 375 519 per
399 434 545 498 umbram
563 433 692 520 gerebat
710 444 743 496 et
764 429 945 520 imaginem.
965 427 1055 494 Unde
1074 437 1107 493 ot

68 543 167 610 Jadaei
181 565 241 632 per
252 542 317 608 hoc
329 542 417 630 quod
428 542 469 607 ad
481 541 578 607 fidem
592 542 725 630 proximi
739 565 807 607 esso
823 540 1017 615 debuissent,
1028 541 1103 627 quia

69 654 153 743 apud
163 654 250 742 ipsos
261 653 468 718 adumbratio
479 653 623 741 quaedam
634 664 666 717 et
677 653 780 740 imago
794 650 981 740 praeluxera't
995 651 1107 716 verita-

73 763 127 837 tis,
139 763 217 828 dum
232 773 325 850 typos
343 761 508 826 veritatem
522 772 648 850 putant,
661 761 824 828 veritatem
840 761 938 849 ipsam
955 773 1104 848 tunquam

75 872 272 937 mendacium
289 883 492 959 respuerunt.
507 872 570 938 Nos
583 885 688 937 autem
700 871 753 959 qui
770 871 939 959 recipimus
953 885 1105 959 magnum

74 976 476 1066 Sacerdotem,intolligere
487 979 639 1044 debemus
647 977 808 1067 quomodo
817 1001 888 1043 vere
899 979 963 1067 ipse
974 980 1106 1066 sitmag-

72 1111 131 1152 nus
139 1086 299 1154 sacerdos.
308 1085 391 1153 Vero
402 1109 536 1176 magnus
544 1089 690 1154 sacerdos
701 1099 749 1152 est
759 1088 813 1176 qui
825 1099 954 1175 peccata
963 1087 1104 1162 dimittit,

70 1219 131 1264 non
146 1221 206 1287 per
220 1198 411 1287 sanguinem
428 1209 590 1266 taurorum
606 1211 638 1263 et
652 1199 829 1270 hircorum.
842 1199 896 1264 sed
908 1215 965 1285 per
978 1198 1106 1286 sangui-

67 1330 141 1374 nem
153 1331 264 1372 suum.
277 1307 363 1386 Quia
373 1330 451 1397 ergo
462 1305 668 1396 cognovimus
680 1309 733 1396 qui
750 1309 790 1372 sit
803 1329 935 1394 magnus
946 1307 1105 1381 sacerdos,

70 1428 103 1479 ct
114 1415 312 1480 confitemur
325 1439 362 1480 ea
378 1437 449 1502 quae
464 1418 495 1481 in
511 1417 594 1504 Lege
610 1417 725 1503 scripta
736 1427 810 1480 sunt
822 1414 861 1478 de
874 1437 988 1502 magno
1000 1421 1106 1479 sacer-

76 1523 152 1590 dote
167 1526 284 1612 scripta
298 1549 377 1600 esse,
393 1527 428 1590 id
441 1539 500 1600 cst,
514 1525 554 1590 de
570 1524 744 1600 Salvatore,
757 1547 852 1613 quern
867 1547 940 1589 rore
957 1547 1106 1612 magnum

75 1634 273 1700 sacerdotem
282 1657 349 1698 esso
360 1635 504 1722 superior
515 1645 665 1700 tractatus
677 1635 814 1699 ostendit
826 1655 834 1699 ε
847 1635 1008 1700 videamus
1020 1641 1107 1700 nunc

71 1749 145 1830 qum
162 1743 224 1808 sint
239 1765 310 1830 qum
326 1743 366 1808 do
382 1767 422 1808 eo
437 1743 502 1808 Lex
516 1743 705 1832 prophetico
719 1744 829 1832 spiritu
846 1743 966 1810 scribit.

121 1880 136 1912 ι
151 1854 191 1918 Et
204 1853 367 1928 sacerdos,
385 1854 510 1938 inquit,
532 1875 665 1941 magnus
680 1875 719 1916 ex
734 1852 881 1918 iratribus
898 1856 974 1930 suis,
990 1855 1042 1922 cui
1061 1839 1107 1921 in-

68 1949 203 2027 afnsum
220 1972 270 2026 cst
285 1983 382 2049 super
396 1973 492 2049 caput
503 1961 572 2048 ejus
588 1960 693 2026 oleum
704 1960 896 2036 chrismatis,
908 1970 941 2026 et
951 1963 1107 2050 periectas

68 2072 196 2137 ‚habet
213 2092 329 2136 manus
345 2093 430 2144 suas,
444 2082 478 2133 ut
496 2069 605 2134 indunt
622 2081 729 2134 sancta
749 2070 933 2135 vestimenta
949 2071 989 2136 do
1005 2073 1107 2159 capito

68 2177 238 2244 »cidarim
251 2199 315 2242 non
332 2177 483 2264 deponet,
502 2165 696 2242 restituente¹
707 2199 762 2241 sua
780 2201 844 2243 nou
868 2179 1057 2268 disrumpet,
1075 2193 1108 2246 et

74 2315 87 2346 ι
103 2285 147 2350 ad
161 2307 288 2350 omnem
306 2287 444 2352 animam
459 2296 619 2350 mortuam
635 2306 698 2350 non
717 2287 871 2352 intrabit:
892 2289 1027 2376 inpetro
1049 2310 1106 2355 suo

73 2423 88 2456 ι
105 2391 158 2458 rei
172 2387 339 2460 matresua
354 2418 421 2461 non
438 2394 706 2460 contaminabitur
720 2415 730 2460 τ
742 2405 775 2460 ot
786 2394 825 2459 de
841 2397 956 2461 sanctis
970 2419 1037 2460 non
1051 2419 1107 2462 ex-

69 2503 175 2580 nibit,
195 2516 228 2568 et
243 2527 306 2570 non
325 2504 544 2592 coinquinabit
565 2525 682 2569 nomen
705 2503 791 2592 quod
808 2515 856 2567 cst
875 2503 1108 2572 sanctificatum

64 2643 78 2676 ι
92 2613 155 2680 Dei
170 2614 221 2677 sui
236 2635 332 2700 super
352 2623 399 2689 s‘e,
417 2613 491 2700 qnia
507 2623 652 2677 sanctum
668 2610 776 2676 oleum
793 2611 971 2676 chrismatis
986 2612 1044 2677 Dei
1060 2615 1107 2677 sui

64 2753 77 2784 ι
90 2723 127 2790 in
140 2723 213 2811 ipso
222 2735 273 2786 est
286 2745 295 2785 ε
309 2745 368 2810 ego
380 2722 546 2786 Dominus.
562 2720 622 2784 Hic
634 2741 764 2784 uxorem
778 2719 929 2807 virginem
942 2720 1108 2810 degenere

63 2862 77 2894 ι
92 2855 155 2898 suo
170 2831 320 2918 accipiet.
336 2829 473 2896 Viduam
489 2841 597 2893 autem
620 2839 653 2892 et
673 2829 822 2915 ejectam,
842 2839 875 2892 et
892 2827 1060 2918 pollutam,
1075 2841 1108 2895 et

61 2940 320 3012 emeretr-icem,
344 2940 400 3004 has
421 2960 485 3003 non
509 2937 658 3024 accipiot;
684 2936 740 3006 sed
760 2937 913 3026 virginem
933 2961 971 3002 ex
993 2951 1108 3028 genere

61 3071 155 3115 »suo
176 3047 318 3135 accipiet
335 3069 478 3120 uxorem,
496 3058 529 3109 ot
548 3068 614 3110 uon
635 3043 807 3111 maculabit
830 3069 938 3112 semen
958 3071 1051 3114 suum
1075 3050 1108 3115 in

61 3189 75 3220 ι
91 3157 219 3248 populo
238 3179 298 3221 suo
314 3177 323 3218 r
342 3177 402 3243 ego
424 3155 579 3221 Dominus
595 3155 648 3242 qui
665 3153 828 3220 sanctifico
848 3177 922 3220 eum
936 3155 983 3221 ¹.»
999 3157 1109 3223 Fuerit

61 3265 198 3354 quidem
223 3263 322 3328 etiam
344 3263 432 3350 apud
452 3263 581 3329 Judaeos
599 3262 705 3350 imago
724 3260 820 3350 hujus
841 3264 1060 3342 observantiae,
1077 3279 1110 3334 et

65 3372 229 3440 custodita
239 3371 304 3436 sint
315 3393 386 3458 quae
398 3370 464 3435 Lex
475 3372 584 3436 statuit
594 3393 611 3436 a
623 3369 827 3458 pontificibus
838 3371 858 3436 J
861 3371 1040 3439 udmorumt
1051 3375 1107 3441 sed

66 3481 142 3547 etsi
154 3480 319 3569 diligemcr
330 3491 447 3546 cuncta
459 3490 580 3544 servata
592 3480 666 3554 sint,
676 3491 709 3544 et
722 3480 747 3544 si
759 3480 863 3546 omnia
876 3505 946 3568 quse
956 3482 1021 3547 Lex
1032 3505 1110 3571 prae·

67 3589 161 3678 cepit
176 3591 305 3679 impleta
326 3592 401 3665 sint,
424 3611 485 3654 noc
507 3589 552 3654 sic
573 3589 700 3676 quidem
721 3590 822 3655 omnis
841 3587 907 3656 haeo
930 3593 1108 3658 observatio

64 3723 224 3791 magnum
237 3700 344 3788 potuit
361 3698 467 3764 facere
478 3697 689 3777 sacerdotem.
707 3699 877 3778 Quomodo
892 3701 1010 3766 etenim
1025 3725 1126 3792 mag,-¹

62 3833 127 3876 nnc
144 3809 210 3876 dici
225 3819 331 3898 potest
347 3808 509 3882 sacerdos,
522 3807 575 3893 qui
594 3823 727 3893 peccare
746 3807 873 3894 potest?
893 3809 988 3896 Quod
1004 3820 1111 3874 autem

98 3941 108 3974 ¹
124 3941 210 3989 berit.
225 3955 280 3998 xta,
292 3955 332 3987 ro.
397 3989 400 3994 ,

193 4047 236 4088 tx.
939 4024 976 4085 16
