<?xml version="1.0" encoding="UTF-8"?>
<!DOCTYPE html PUBLIC "-//W3C//DTD XHTML 1.0 Transitional//EN"
    "http://www.w3.org/TR/xhtml1/DTD/xhtml1-transitional.dtd">
<html xmlns="http://www.w3.org/1999/xhtml" xml:lang="en" lang="en">
 <head>
  <title>
</title>
<meta http-equiv="Content-Type" content="text/html;charset=utf-8" />
  <meta name='ocr-system' content='tesseract 3.04.00' />
  <meta name='ocr-capabilities' content='ocr_page ocr_carea ocr_par ocr_line ocrx_word'/>
</head>
<body>
  <div class='ocr_page' id='page_1' title='image "./collectioselect01guilgoog_0461.png"; bbox 0 0 2776 4616; ppageno 0'>
   <div class='ocr_carea' id='block_1_1' title="bbox 404 273 1149 350">
    <p class='ocr_par' dir='ltr' id='par_1_1' title="bbox 404 273 1149 350">
     <span class='ocr_line' id='line_1_1' title="bbox 404 273 1149 350; baseline 0.003 -14"><span class='ocrx_word' id='word_1_1' title='bbox 404 293 435 337; x_wconf 82' lang='lat' dir='ltr'><strong>rs</strong></span> <span class='ocrx_word' id='word_1_2' title='bbox 460 291 599 337; x_wconf 74' lang='lat' dir='ltr'><strong>uuuaos</strong></span> <span class='ocrx_word' id='word_1_3' title='bbox 621 291 750 338; x_wconf 80' lang='lat' dir='ltr'><strong>noaunsa</strong></span> <span class='ocrx_word' id='word_1_4' title='bbox 774 294 862 338; x_wconf 81' lang='lat' dir='ltr'><strong>xvru.</strong></span> <span class='ocrx_word' id='word_1_5' title='bbox 1084 273 1149 350; x_wconf 73' lang='lat'><strong>455</strong></span> 
     </span>
    </p>
   </div>
   <div class='ocr_carea' id='block_1_2' title="bbox 19 395 1210 3882">
    <p class='ocr_par' dir='ltr' id='par_1_2' title="bbox 19 395 1210 3882">
     <span class='ocr_line' id='line_1_2' title="bbox 123 395 1151 488; baseline 0 -24"><span class='ocrx_word' id='word_1_6' title='bbox 123 395 245 464; x_wconf 84' lang='lat' dir='ltr'><strong>balaam</strong></span> <span class='ocrx_word' id='word_1_7' title='bbox 268 396 412 473; x_wconf 87' lang='lat' dir='ltr'><strong>scientia,</strong></span> <span class='ocrx_word' id='word_1_8' title='bbox 427 419 486 486; x_wconf 88' lang='lat' dir='ltr'><strong>pro</strong></span> <span class='ocrx_word' id='word_1_9' title='bbox 506 421 569 488; x_wconf 88' lang='lat' dir='ltr'><strong>qua</strong></span> <span class='ocrx_word' id='word_1_10' title='bbox 592 397 763 466; x_wconf 84' lang='lat' dir='ltr'><strong>accersitus</strong></span> <span class='ocrx_word' id='word_1_11' title='bbox 786 410 835 464; x_wconf 85' lang='lat' dir='ltr'><strong>est</strong></span> <span class='ocrx_word' id='word_1_12' title='bbox 856 422 897 466; x_wconf 84' lang='lat' dir='ltr'><strong>ex</strong></span> <span class='ocrx_word' id='word_1_13' title='bbox 918 395 1151 486; x_wconf 72' lang='lat' dir='ltr'><strong>Mesopotamia</strong></span> 
     </span>
     <span class='ocr_line' id='line_1_3' title="bbox 122 482 1210 595; baseline 0.001 -23"><span class='ocrx_word' id='word_1_14' title='bbox 122 506 279 572; x_wconf 88' lang='lat' dir='ltr'><strong>montibus</strong></span> <span class='ocrx_word' id='word_1_15' title='bbox 294 508 335 573; x_wconf 91' lang='lat' dir='ltr'><strong>ab</strong></span> <span class='ocrx_word' id='word_1_16' title='bbox 351 505 474 572; x_wconf 86' lang='lat' dir='ltr'><strong>oriente</strong></span> <span class='ocrx_word' id='word_1_17' title='bbox 487 519 523 572; x_wconf 88' lang='lat' dir='ltr'><strong>ut</strong></span> <span class='ocrx_word' id='word_1_18' title='bbox 539 505 743 574; x_wconf 87' lang='lat' dir='ltr'><strong>malediceret</strong></span> <span class='ocrx_word' id='word_1_19' title='bbox 755 506 872 584; x_wconf 79' lang='lat' dir='ltr'><strong>Jacob,</strong></span> <span class='ocrx_word' id='word_1_20' title='bbox 889 505 1006 574; x_wconf 87' lang='lat' dir='ltr'><strong>babeat</strong></span> <span class='ocrx_word' id='word_1_21' title='bbox 1019 507 1148 595; x_wconf 89' lang='lat' dir='ltr'><strong>quidem</strong></span> <span class='ocrx_word' id='word_1_22' title='bbox 1200 482 1210 508; x_wconf 58' lang='lat'><strong>⁴</strong></span> 
     </span>
     <span class='ocr_line' id='line_1_4' title="bbox 40 614 1149 706; baseline 0.001 -25"><span class='ocrx_word' id='word_1_23' title='bbox 40 651 46 662; x_wconf 44' lang='lat' dir='ltr'>x</span> <span class='ocrx_word' id='word_1_24' title='bbox 122 616 205 682; x_wconf 86' lang='lat' dir='ltr'><strong>initia</strong></span> <span class='ocrx_word' id='word_1_25' title='bbox 219 628 252 682; x_wconf 90' lang='lat' dir='ltr'><strong>et</strong></span> <span class='ocrx_word' id='word_1_26' title='bbox 267 614 422 705; x_wconf 74' lang='lat' dir='ltr'><strong>originem</strong></span> <span class='ocrx_word' id='word_1_27' title='bbox 439 618 479 685; x_wconf 87' lang='lat' dir='ltr'><strong>ab</strong></span> <span class='ocrx_word' id='word_1_28' title='bbox 493 615 640 694; x_wconf 80' lang='lat' dir='ltr'><strong>Excelsa,</strong></span> <span class='ocrx_word' id='word_1_29' title='bbox 652 629 685 683; x_wconf 89' lang='lat' dir='ltr'><strong>et</strong></span> <span class='ocrx_word' id='word_1_30' title='bbox 700 617 774 684; x_wconf 92' lang='lat' dir='ltr'><strong>inde</strong></span> <span class='ocrx_word' id='word_1_31' title='bbox 790 617 874 684; x_wconf 84' lang='lat' dir='ltr'><strong>sitsi</strong></span> <span class='ocrx_word' id='word_1_32' title='bbox 893 615 1011 706; x_wconf 79' lang='lat' dir='ltr'><strong>agnitio</strong></span> <span class='ocrx_word' id='word_1_33' title='bbox 1026 637 1086 702; x_wconf 86' lang='lat' dir='ltr'><strong>qua</strong></span> <span class='ocrx_word' id='word_1_34' title='bbox 1104 617 1149 682; x_wconf 90' lang='lat' dir='ltr'><strong>di·</strong></span> 
     </span>
     <span class='ocr_line' id='line_1_5' title="bbox 122 721 1148 802; baseline 0.003 -13"><span class='ocrx_word' id='word_1_35' title='bbox 122 724 231 790; x_wconf 89' lang='lat' dir='ltr'><strong>dicerit</strong></span> <span class='ocrx_word' id='word_1_36' title='bbox 243 721 291 788; x_wconf 88' lang='lat' dir='ltr'><strong>rel</strong></span> <span class='ocrx_word' id='word_1_37' title='bbox 307 736 436 790; x_wconf 86' lang='lat' dir='ltr'><strong>naturas</strong></span> <span class='ocrx_word' id='word_1_38' title='bbox 452 724 648 802; x_wconf 87' lang='lat' dir='ltr'><strong>animalium,</strong></span> <span class='ocrx_word' id='word_1_39' title='bbox 664 725 715 792; x_wconf 79' lang='lat' dir='ltr'><strong>sol</strong></span> <span class='ocrx_word' id='word_1_40' title='bbox 729 739 835 793; x_wconf 89' lang='lat' dir='ltr'><strong>motus</strong></span> <span class='ocrx_word' id='word_1_41' title='bbox 850 726 969 801; x_wconf 80' lang='lat' dir='ltr'><strong>avium,</strong></span> <span class='ocrx_word' id='word_1_42' title='bbox 986 722 1035 791; x_wconf 80' lang='lat' dir='ltr'><strong>vel</strong></span> <span class='ocrx_word' id='word_1_43' title='bbox 1059 725 1148 792; x_wconf 81' lang='lat' dir='ltr'><strong>dilla-</strong></span> 
     </span>
     <span class='ocr_line' id='line_1_6' title="bbox 27 834 1145 924; baseline 0.002 -24"><span class='ocrx_word' id='word_1_44' title='bbox 27 873 28 888; x_wconf 60' lang='lat'><em>÷</em></span> <span class='ocrx_word' id='word_1_45' title='bbox 122 834 234 901; x_wconf 87' lang='lat' dir='ltr'><strong>rentias</strong></span> <span class='ocrx_word' id='word_1_46' title='bbox 253 854 367 900; x_wconf 81' lang='lat' dir='ltr'><strong>vocum</strong></span> <span class='ocrx_word' id='word_1_47' title='bbox 374 859 384 909; x_wconf 89' lang='lat'>;</span> <span class='ocrx_word' id='word_1_48' title='bbox 405 835 461 900; x_wconf 88' lang='lat' dir='ltr'><strong>sed</strong></span> <span class='ocrx_word' id='word_1_49' title='bbox 481 859 517 901; x_wconf 89' lang='lat' dir='ltr'><strong>ea</strong></span> <span class='ocrx_word' id='word_1_50' title='bbox 539 859 610 924; x_wconf 80' lang='lat' dir='ltr'><strong>ques</strong></span> <span class='ocrx_word' id='word_1_51' title='bbox 630 837 671 902; x_wconf 93' lang='lat' dir='ltr'><strong>ad</strong></span> <span class='ocrx_word' id='word_1_52' title='bbox 690 837 853 904; x_wconf 87' lang='lat' dir='ltr'><strong>scientiam</strong></span> <span class='ocrx_word' id='word_1_53' title='bbox 875 837 1035 901; x_wconf 91' lang='lat' dir='ltr'><strong>bonorum</strong></span> <span class='ocrx_word' id='word_1_54' title='bbox 1051 857 1145 902; x_wconf 86' lang='lat' dir='ltr'><strong>aece-</strong></span> 
     </span>
     <span class='ocr_line' id='line_1_7' title="bbox 121 941 1146 1036; baseline -0.002 -24"><span class='ocrx_word' id='word_1_55' title='bbox 121 945 213 1036; x_wconf 84' lang='lat' dir='ltr'><strong>perit‚</strong></span> <span class='ocrx_word' id='word_1_56' title='bbox 231 943 401 1012; x_wconf 74' lang='lat' dir='ltr'><strong>contulisse</strong></span> <span class='ocrx_word' id='word_1_57' title='bbox 416 968 450 1012; x_wconf 88' lang='lat' dir='ltr'><strong>so</strong></span> <span class='ocrx_word' id='word_1_58' title='bbox 464 945 506 1011; x_wconf 92' lang='lat' dir='ltr'><strong>ad</strong></span> <span class='ocrx_word' id='word_1_59' title='bbox 522 969 615 1012; x_wconf 89' lang='lat' dir='ltr'><strong>usum</strong></span> <span class='ocrx_word' id='word_1_60' title='bbox 637 946 806 1014; x_wconf 88' lang='lat' dir='ltr'><strong>malorum.</strong></span> <span class='ocrx_word' id='word_1_61' title='bbox 829 945 926 1027; x_wconf 88' lang='lat' dir='ltr'><strong>Quod</strong></span> <span class='ocrx_word' id='word_1_62' title='bbox 945 944 1023 1012; x_wconf 89' lang='lat' dir='ltr'><strong>mibi</strong></span> <span class='ocrx_word' id='word_1_63' title='bbox 1045 941 1146 1010; x_wconf 87' lang='lat' dir='ltr'><strong>simile</strong></span> 
     </span>
     <span class='ocr_line' id='line_1_8' title="bbox 25 1053 1144 1144; baseline -0.001 -23"><span class='ocrx_word' id='word_1_64' title='bbox 25 1075 26 1112; x_wconf 68' lang='lat'>1</span> <span class='ocrx_word' id='word_1_65' title='bbox 119 1055 249 1131; x_wconf 82' lang='lat' dir='ltr'><strong>videtur,</strong></span> <span class='ocrx_word' id='word_1_66' title='bbox 264 1055 355 1144; x_wconf 85' lang='lat' dir='ltr'><strong>quasi</strong></span> <span class='ocrx_word' id='word_1_67' title='bbox 369 1055 395 1120; x_wconf 90' lang='lat' dir='ltr'><strong>si</strong></span> <span class='ocrx_word' id='word_1_68' title='bbox 415 1056 440 1120; x_wconf 87' lang='lat' dir='ltr'><strong>is</strong></span> <span class='ocrx_word' id='word_1_69' title='bbox 456 1055 510 1144; x_wconf 86' lang='lat' dir='ltr'><strong>qui</strong></span> <span class='ocrx_word' id='word_1_70' title='bbox 531 1055 723 1124; x_wconf 73' lang='lat' dir='ltr'><strong>medicinam</strong></span> <span class='ocrx_word' id='word_1_71' title='bbox 739 1057 895 1128; x_wconf 82' lang='lat' dir='ltr'><strong>didicerit,</strong></span> <span class='ocrx_word' id='word_1_72' title='bbox 917 1065 949 1121; x_wconf 90' lang='lat' dir='ltr'><strong>et</strong></span> <span class='ocrx_word' id='word_1_73' title='bbox 971 1053 1144 1121; x_wconf 87' lang='lat' dir='ltr'><strong>herbarum</strong></span> 
     </span>
     <span class='ocr_line' id='line_1_9' title="bbox 116 1162 1144 1254; baseline -0.001 -23"><span class='ocrx_word' id='word_1_74' title='bbox 116 1165 193 1231; x_wconf 80' lang='lat' dir='ltr'><strong>vires</strong></span> <span class='ocrx_word' id='word_1_75' title='bbox 204 1187 242 1232; x_wconf 90' lang='lat' dir='ltr'><strong>ac</strong></span> <span class='ocrx_word' id='word_1_76' title='bbox 257 1175 505 1253; x_wconf 87' lang='lat' dir='ltr'><strong>temperamenta</strong></span> <span class='ocrx_word' id='word_1_77' title='bbox 517 1164 714 1254; x_wconf 75' lang='lat' dir='ltr'><strong>cognoverit,</strong></span> <span class='ocrx_word' id='word_1_78' title='bbox 727 1163 875 1230; x_wconf 89' lang='lat' dir='ltr'><strong>medendi</strong></span> <span class='ocrx_word' id='word_1_79' title='bbox 887 1162 954 1230; x_wconf 88' lang='lat' dir='ltr'><strong>sine</strong></span> <span class='ocrx_word' id='word_1_80' title='bbox 967 1163 1064 1229; x_wconf 91' lang='lat' dir='ltr'><strong>dubio</strong></span> <span class='ocrx_word' id='word_1_81' title='bbox 1075 1185 1144 1252; x_wconf 77' lang='lat' dir='ltr'><strong>gra-</strong></span> 
     </span>
     <span class='ocr_line' id='line_1_10' title="bbox 115 1269 1161 1359; baseline -0.003 -20"><span class='ocrx_word' id='word_1_82' title='bbox 115 1274 158 1340; x_wconf 86' lang='lat' dir='ltr'><strong>tia</strong></span> <span class='ocrx_word' id='word_1_83' title='bbox 172 1297 188 1339; x_wconf 92' lang='lat' dir='ltr'><strong>a</strong></span> <span class='ocrx_word' id='word_1_84' title='bbox 203 1273 271 1340; x_wconf 92' lang='lat' dir='ltr'><strong>Deo</strong></span> <span class='ocrx_word' id='word_1_85' title='bbox 286 1273 468 1340; x_wconf 90' lang='lat' dir='ltr'><strong>bominibus</strong></span> <span class='ocrx_word' id='word_1_86' title='bbox 483 1271 570 1348; x_wconf 87' lang='lat' dir='ltr'><strong>data,</strong></span> <span class='ocrx_word' id='word_1_87' title='bbox 586 1283 772 1340; x_wconf 85' lang='lat' dir='ltr'><strong>convertere</strong></span> <span class='ocrx_word' id='word_1_88' title='bbox 794 1269 870 1337; x_wconf 81' lang='lat' dir='ltr'><strong>velit</strong></span> <span class='ocrx_word' id='word_1_89' title='bbox 883 1271 1095 1359; x_wconf 83' lang='lat' dir='ltr'><strong>propositum,</strong></span> <span class='ocrx_word' id='word_1_90' title='bbox 1110 1283 1143 1336; x_wconf 89' lang='lat' dir='ltr'><strong>et</strong></span> <span class='ocrx_word' id='word_1_91' title='bbox 1158 1311 1161 1316; x_wconf 95' lang='lat'>-</span> 
     </span>
     <span class='ocr_line' id='line_1_11' title="bbox 116 1378 1142 1470; baseline -0.001 -23"><span class='ocrx_word' id='word_1_92' title='bbox 116 1382 199 1448; x_wconf 89' lang='lat' dir='ltr'><strong>omni</strong></span> <span class='ocrx_word' id='word_1_93' title='bbox 213 1381 343 1450; x_wconf 86' lang='lat' dir='ltr'><strong>scientia</strong></span> <span class='ocrx_word' id='word_1_94' title='bbox 357 1403 428 1470; x_wconf 76' lang='lat' dir='ltr'><strong>qua</strong></span> <span class='ocrx_word' id='word_1_95' title='bbox 442 1380 484 1446; x_wconf 89' lang='lat' dir='ltr'><strong>ad</strong></span> <span class='ocrx_word' id='word_1_96' title='bbox 502 1378 636 1446; x_wconf 86' lang='lat' dir='ltr'><strong>salutem</strong></span> <span class='ocrx_word' id='word_1_97' title='bbox 653 1402 824 1469; x_wconf 86' lang='lat' dir='ltr'><strong>corporum</strong></span> <span class='ocrx_word' id='word_1_98' title='bbox 840 1379 977 1469; x_wconf 74' lang='lat' dir='ltr'><strong>praestita</strong></span> <span class='ocrx_word' id='word_1_99' title='bbox 991 1392 1055 1457; x_wconf 78' lang='lat' dir='ltr'><strong>est,</strong></span> <span class='ocrx_word' id='word_1_100' title='bbox 1069 1389 1142 1446; x_wconf 84' lang='lat' dir='ltr'><strong>uta-</strong></span> 
     </span>
     <span class='ocr_line' id='line_1_12' title="bbox 19 1486 1141 1580; baseline -0.004 -22"><span class='ocrx_word' id='word_1_101' title='bbox 19 1534 20 1558; x_wconf 54' lang='lat' dir='ltr'><strong>r</strong></span> <span class='ocrx_word' id='word_1_102' title='bbox 120 1505 171 1556; x_wconf 89' lang='lat' dir='ltr'><strong>tur</strong></span> <span class='ocrx_word' id='word_1_103' title='bbox 183 1491 222 1556; x_wconf 92' lang='lat' dir='ltr'><strong>ad</strong></span> <span class='ocrx_word' id='word_1_104' title='bbox 238 1489 364 1566; x_wconf 89' lang='lat' dir='ltr'><strong>malum,</strong></span> <span class='ocrx_word' id='word_1_105' title='bbox 377 1501 410 1557; x_wconf 88' lang='lat' dir='ltr'><strong>et</strong></span> <span class='ocrx_word' id='word_1_106' title='bbox 424 1513 482 1580; x_wconf 92' lang='lat' dir='ltr'><strong>pro</strong></span> <span class='ocrx_word' id='word_1_107' title='bbox 498 1489 624 1556; x_wconf 90' lang='lat' dir='ltr'><strong>medico</strong></span> <span class='ocrx_word' id='word_1_108' title='bbox 638 1489 825 1556; x_wconf 77' lang='lat' dir='ltr'><strong>venenarius</strong></span> <span class='ocrx_word' id='word_1_109' title='bbox 840 1486 909 1561; x_wconf 85' lang='lat' dir='ltr'><strong>liat.</strong></span> <span class='ocrx_word' id='word_1_110' title='bbox 921 1510 979 1577; x_wconf 89' lang='lat' dir='ltr'><strong>pro</strong></span> <span class='ocrx_word' id='word_1_111' title='bbox 994 1488 1141 1556; x_wconf 87' lang='lat' dir='ltr'><strong>remediis</strong></span> 
     </span>
     <span class='ocr_line' id='line_1_13' title="bbox 120 1597 1139 1690; baseline -0.001 -23"><span class='ocrx_word' id='word_1_112' title='bbox 120 1601 255 1677; x_wconf 85' lang='lat' dir='ltr'><strong>morbos,</strong></span> <span class='ocrx_word' id='word_1_113' title='bbox 271 1624 327 1690; x_wconf 88' lang='lat' dir='ltr'><strong>pro</strong></span> <span class='ocrx_word' id='word_1_114' title='bbox 341 1599 527 1668; x_wconf 87' lang='lat' dir='ltr'><strong>sanitatibus</strong></span> <span class='ocrx_word' id='word_1_115' title='bbox 541 1599 656 1666; x_wconf 81' lang='lat' dir='ltr'><strong>inferat</strong></span> <span class='ocrx_word' id='word_1_116' title='bbox 671 1610 800 1666; x_wconf 88' lang='lat' dir='ltr'><strong>mortes.</strong></span> <span class='ocrx_word' id='word_1_117' title='bbox 820 1597 862 1663; x_wconf 82' lang='lat' dir='ltr'><strong>Ut</strong></span> <span class='ocrx_word' id='word_1_118' title='bbox 884 1609 991 1664; x_wconf 89' lang='lat' dir='ltr'><strong>autem</strong></span> <span class='ocrx_word' id='word_1_119' title='bbox 1006 1597 1139 1686; x_wconf 82' lang='lat' dir='ltr'><strong>amplius</strong></span> 
     </span>
     <span class='ocr_line' id='line_1_14' title="bbox 118 1708 1139 1800; baseline -0.002 -24"><span class='ocrx_word' id='word_1_120' title='bbox 118 1708 319 1800; x_wconf 77' lang='lat' dir='ltr'><strong>intelligamus</strong></span> <span class='ocrx_word' id='word_1_121' title='bbox 333 1711 440 1778; x_wconf 89' lang='lat' dir='ltr'><strong>adbuc</strong></span> <span class='ocrx_word' id='word_1_122' title='bbox 455 1711 551 1778; x_wconf 87' lang='lat' dir='ltr'><strong>totius</strong></span> <span class='ocrx_word' id='word_1_123' title='bbox 568 1709 707 1778; x_wconf 73' lang='lat' dir='ltr'><strong>scientim</strong></span> <span class='ocrx_word' id='word_1_124' title='bbox 723 1709 908 1798; x_wconf 74' lang='lat' dir='ltr'><strong>sapientiam</strong></span> <span class='ocrx_word' id='word_1_125' title='bbox 924 1733 942 1776; x_wconf 94' lang='lat' dir='ltr'><strong>a</strong></span> <span class='ocrx_word' id='word_1_126' title='bbox 957 1709 1025 1776; x_wconf 91' lang='lat' dir='ltr'><strong>Deo</strong></span> <span class='ocrx_word' id='word_1_127' title='bbox 1042 1709 1139 1798; x_wconf 80' lang='lat' dir='ltr'><strong>origi-</strong></span> 
     </span>
     <span class='ocr_line' id='line_1_15' title="bbox 113 1815 1136 1908; baseline 0.001 -22"><span class='ocrx_word' id='word_1_128' title='bbox 113 1842 183 1886; x_wconf 92' lang='lat' dir='ltr'><strong>nem</strong></span> <span class='ocrx_word' id='word_1_129' title='bbox 195 1820 338 1894; x_wconf 70' lang='lat' dir='ltr'><strong>traberea</strong></span> <span class='ocrx_word' id='word_1_130' title='bbox 353 1822 392 1886; x_wconf 94' lang='lat' dir='ltr'><strong>ab</strong></span> <span class='ocrx_word' id='word_1_131' title='bbox 405 1819 587 1888; x_wconf 88' lang='lat' dir='ltr'><strong>bominibus</strong></span> <span class='ocrx_word' id='word_1_132' title='bbox 598 1831 705 1886; x_wconf 89' lang='lat' dir='ltr'><strong>autem</strong></span> <span class='ocrx_word' id='word_1_133' title='bbox 716 1816 789 1885; x_wconf 89' lang='lat' dir='ltr'><strong>mali</strong></span> <span class='ocrx_word' id='word_1_134' title='bbox 802 1819 968 1908; x_wconf 78' lang='lat' dir='ltr'><strong>propositi,</strong></span> <span class='ocrx_word' id='word_1_135' title='bbox 980 1815 1028 1885; x_wconf 85' lang='lat' dir='ltr'><strong>vel</strong></span> <span class='ocrx_word' id='word_1_136' title='bbox 1040 1819 1136 1888; x_wconf 84' lang='lat' dir='ltr'><strong>etiam</strong></span> 
     </span>
     <span class='ocr_line' id='line_1_16' title="bbox 110 1927 1134 2020; baseline 0 -24"><span class='ocrx_word' id='word_1_137' title='bbox 110 1955 126 1996; x_wconf 92' lang='lat' dir='ltr'><strong>a</strong></span> <span class='ocrx_word' id='word_1_138' title='bbox 142 1930 336 1998; x_wconf 72' lang='lat' dir='ltr'><strong>demonibus</strong></span> <span class='ocrx_word' id='word_1_139' title='bbox 347 1929 543 2020; x_wconf 73' lang='lat' dir='ltr'><strong>corruptelas</strong></span> <span class='ocrx_word' id='word_1_140' title='bbox 554 1931 707 2019; x_wconf 83' lang='lat' dir='ltr'><strong>quasdam</strong></span> <span class='ocrx_word' id='word_1_141' title='bbox 718 1930 877 2020; x_wconf 79' lang='lat' dir='ltr'><strong>sapientias</strong></span> <span class='ocrx_word' id='word_1_142' title='bbox 892 1927 950 1996; x_wconf 91' lang='lat' dir='ltr'><strong>Dei</strong></span> <span class='ocrx_word' id='word_1_143' title='bbox 961 1930 1134 2002; x_wconf 85' lang='lat' dir='ltr'><strong>admiscen-</strong></span> 
     </span>
     <span class='ocr_line' id='line_1_17' title="bbox 110 2039 1134 2130; baseline 0.003 -22"><span class='ocrx_word' id='word_1_144' title='bbox 110 2041 190 2108; x_wconf 83' lang='lat' dir='ltr'><strong>tibus</strong></span> <span class='ocrx_word' id='word_1_145' title='bbox 212 2041 363 2108; x_wconf 85' lang='lat' dir='ltr'><strong>declinari</strong></span> <span class='ocrx_word' id='word_1_146' title='bbox 386 2041 426 2108; x_wconf 91' lang='lat' dir='ltr'><strong>ad</strong></span> <span class='ocrx_word' id='word_1_147' title='bbox 449 2039 568 2107; x_wconf 89' lang='lat' dir='ltr'><strong>malum</strong></span> <span class='ocrx_word' id='word_1_148' title='bbox 584 2063 592 2104; x_wconf 76' lang='lat' dir='ltr'><strong>a</strong></span> <span class='ocrx_word' id='word_1_149' title='bbox 611 2039 787 2130; x_wconf 73' lang='lat' dir='ltr'><strong>relegamus</strong></span> <span class='ocrx_word' id='word_1_150' title='bbox 802 2063 838 2106; x_wconf 87' lang='lat' dir='ltr'><strong>ea</strong></span> <span class='ocrx_word' id='word_1_151' title='bbox 856 2063 926 2129; x_wconf 85' lang='lat' dir='ltr'><strong>quae</strong></span> <span class='ocrx_word' id='word_1_152' title='bbox 948 2040 980 2106; x_wconf 93' lang='lat' dir='ltr'><strong>in</strong></span> <span class='ocrx_word' id='word_1_153' title='bbox 1002 2039 1134 2111; x_wconf 79' lang='lat' dir='ltr'><strong>Daniele</strong></span> 
     </span>
     <span class='ocr_line' id='line_1_18' title="bbox 109 2147 1132 2240; baseline 0 -22"><span class='ocrx_word' id='word_1_154' title='bbox 109 2151 223 2240; x_wconf 81' lang='lat' dir='ltr'><strong>scripta</strong></span> <span class='ocrx_word' id='word_1_155' title='bbox 237 2163 310 2216; x_wconf 85' lang='lat' dir='ltr'><strong>sunt</strong></span> <span class='ocrx_word' id='word_1_156' title='bbox 324 2151 364 2218; x_wconf 89' lang='lat' dir='ltr'><strong>de</strong></span> <span class='ocrx_word' id='word_1_157' title='bbox 379 2150 446 2240; x_wconf 88' lang='lat' dir='ltr'><strong>ipso</strong></span> <span class='ocrx_word' id='word_1_158' title='bbox 461 2147 591 2217; x_wconf 78' lang='lat' dir='ltr'><strong>Daniele</strong></span> <span class='ocrx_word' id='word_1_159' title='bbox 603 2161 635 2216; x_wconf 88' lang='lat' dir='ltr'><strong>et</strong></span> <span class='ocrx_word' id='word_1_160' title='bbox 649 2151 752 2216; x_wconf 89' lang='lat' dir='ltr'><strong>tribus</strong></span> <span class='ocrx_word' id='word_1_161' title='bbox 763 2150 874 2216; x_wconf 89' lang='lat' dir='ltr'><strong>amicis</strong></span> <span class='ocrx_word' id='word_1_162' title='bbox 886 2151 967 2239; x_wconf 86' lang='lat' dir='ltr'><strong>ejus,</strong></span> <span class='ocrx_word' id='word_1_163' title='bbox 979 2147 1058 2239; x_wconf 89' lang='lat' dir='ltr'><strong>quos</strong></span> <span class='ocrx_word' id='word_1_164' title='bbox 1073 2150 1132 2222; x_wconf 84' lang='lat' dir='ltr'><strong>Na·</strong></span> 
     </span>
     <span class='ocr_line' id='line_1_19' title="bbox 110 2257 1131 2350; baseline -0.002 -24"><span class='ocrx_word' id='word_1_165' title='bbox 110 2259 351 2326; x_wconf 86' lang='lat' dir='ltr'><strong>bucbodonosor</strong></span> <span class='ocrx_word' id='word_1_166' title='bbox 365 2283 421 2326; x_wconf 86' lang='lat' dir='ltr'><strong>rex</strong></span> <span class='ocrx_word' id='word_1_167' title='bbox 436 2260 538 2327; x_wconf 90' lang='lat' dir='ltr'><strong>tribus</strong></span> <span class='ocrx_word' id='word_1_168' title='bbox 553 2260 642 2326; x_wconf 88' lang='lat' dir='ltr'><strong>annis</strong></span> <span class='ocrx_word' id='word_1_169' title='bbox 657 2260 849 2326; x_wconf 89' lang='lat' dir='ltr'><strong>erudiendos</strong></span> <span class='ocrx_word' id='word_1_170' title='bbox 869 2259 1010 2333; x_wconf 84' lang='lat' dir='ltr'><strong>tradidit.</strong></span> <span class='ocrx_word' id='word_1_171' title='bbox 1023 2257 1131 2350; x_wconf 78' lang='lat' dir='ltr'><strong>volem</strong></span> 
     </span>
     <span class='ocr_line' id='line_1_20' title="bbox 110 2367 1130 2460; baseline 0 -27"><span class='ocrx_word' id='word_1_172' title='bbox 110 2391 165 2434; x_wconf 87' lang='lat' dir='ltr'><strong>eos</strong></span> <span class='ocrx_word' id='word_1_173' title='bbox 178 2369 210 2434; x_wconf 92' lang='lat' dir='ltr'><strong>in</strong></span> <span class='ocrx_word' id='word_1_174' title='bbox 229 2393 296 2447; x_wconf 84' lang='lat' dir='ltr'><strong>sua,</strong></span> <span class='ocrx_word' id='word_1_175' title='bbox 312 2370 405 2436; x_wconf 85' lang='lat' dir='ltr'><strong>idest</strong></span> <span class='ocrx_word' id='word_1_176' title='bbox 419 2371 520 2460; x_wconf 89' lang='lat' dir='ltr'><strong>patria</strong></span> <span class='ocrx_word' id='word_1_177' title='bbox 537 2382 569 2435; x_wconf 88' lang='lat' dir='ltr'><strong>et</strong></span> <span class='ocrx_word' id='word_1_178' title='bbox 589 2367 838 2458; x_wconf 82' lang='lat' dir='ltr'><strong>Babyloniorum</strong></span> <span class='ocrx_word' id='word_1_179' title='bbox 859 2369 1009 2458; x_wconf 87' lang='lat' dir='ltr'><strong>sapientia</strong></span> <span class='ocrx_word' id='word_1_180' title='bbox 1026 2368 1130 2444; x_wconf 78' lang='lat' dir='ltr'><strong>scien-</strong></span> 
     </span>
     <span class='ocr_line' id='line_1_21' title="bbox 104 2479 1130 2571; baseline -0.002 -26"><span class='ocrx_word' id='word_1_181' title='bbox 104 2479 241 2546; x_wconf 86' lang='lat' dir='ltr'><strong>tissimos</strong></span> <span class='ocrx_word' id='word_1_182' title='bbox 257 2479 334 2546; x_wconf 84' lang='lat' dir='ltr'><strong>fieri.</strong></span> <span class='ocrx_word' id='word_1_183' title='bbox 356 2481 405 2547; x_wconf 91' lang='lat' dir='ltr'><strong>lbi</strong></span> <span class='ocrx_word' id='word_1_184' title='bbox 421 2503 497 2571; x_wconf 76' lang='lat' dir='ltr'><strong>ergo</strong></span> <span class='ocrx_word' id='word_1_185' title='bbox 513 2481 667 2570; x_wconf 90' lang='lat' dir='ltr'><strong>scriptum</strong></span> <span class='ocrx_word' id='word_1_186' title='bbox 687 2490 749 2555; x_wconf 84' lang='lat' dir='ltr'><strong>est,</strong></span> <span class='ocrx_word' id='word_1_187' title='bbox 765 2480 837 2567; x_wconf 90' lang='lat' dir='ltr'><strong>quia</strong></span> <span class='ocrx_word' id='word_1_188' title='bbox 862 2506 875 2543; x_wconf 80' lang='lat' dir='ltr'><strong>a</strong></span> <span class='ocrx_word' id='word_1_189' title='bbox 893 2479 979 2546; x_wconf 81' lang='lat' dir='ltr'><strong>dedit</strong></span> <span class='ocrx_word' id='word_1_190' title='bbox 999 2479 1044 2545; x_wconf 89' lang='lat' dir='ltr'><strong>eis</strong></span> <span class='ocrx_word' id='word_1_191' title='bbox 1062 2479 1130 2544; x_wconf 91' lang='lat' dir='ltr'><strong>Do-</strong></span> 
     </span>
     <span class='ocr_line' id='line_1_22' title="bbox 99 2588 1128 2679; baseline 0.004 -25"><span class='ocrx_word' id='word_1_192' title='bbox 99 2589 234 2656; x_wconf 76' lang='lat' dir='ltr'><strong>sminus</strong></span> <span class='ocrx_word' id='word_1_193' title='bbox 252 2589 417 2656; x_wconf 84' lang='lat' dir='ltr'><strong>scientiam</strong></span> <span class='ocrx_word' id='word_1_194' title='bbox 433 2601 466 2656; x_wconf 88' lang='lat' dir='ltr'><strong>et</strong></span> <span class='ocrx_word' id='word_1_195' title='bbox 485 2588 696 2666; x_wconf 85' lang='lat' dir='ltr'><strong>intellectum,</strong></span> <span class='ocrx_word' id='word_1_196' title='bbox 715 2600 747 2655; x_wconf 87' lang='lat' dir='ltr'><strong>et</strong></span> <span class='ocrx_word' id='word_1_197' title='bbox 767 2589 967 2679; x_wconf 86' lang='lat' dir='ltr'><strong>prudentiam</strong></span> <span class='ocrx_word' id='word_1_198' title='bbox 989 2588 1128 2658; x_wconf 75' lang='lat' dir='ltr'><strong>inomni</strong></span> 
     </span>
     <span class='ocr_line' id='line_1_23' title="bbox 96 2696 1125 2787; baseline 0.002 -27"><span class='ocrx_word' id='word_1_199' title='bbox 96 2727 112 2760; x_wconf 78' lang='lat' dir='ltr'><strong>s</strong></span> <span class='ocrx_word' id='word_1_200' title='bbox 129 2697 197 2764; x_wconf 77' lang='lat' dir='ltr'><strong>abts</strong></span> <span class='ocrx_word' id='word_1_201' title='bbox 215 2698 437 2787; x_wconf 74' lang='lat' dir='ltr'><strong>grammaticaa</strong></span> <span class='ocrx_word' id='word_1_202' title='bbox 456 2710 489 2764; x_wconf 93' lang='lat' dir='ltr'><strong>et</strong></span> <span class='ocrx_word' id='word_1_203' title='bbox 510 2696 632 2765; x_wconf 86' lang='lat' dir='ltr'><strong>Danieli</strong></span> <span class='ocrx_word' id='word_1_204' title='bbox 654 2698 746 2764; x_wconf 78' lang='lat' dir='ltr'><strong>dedis</strong></span> <span class='ocrx_word' id='word_1_205' title='bbox 764 2696 960 2764; x_wconf 87' lang='lat' dir='ltr'><strong>intellectum</strong></span> <span class='ocrx_word' id='word_1_206' title='bbox 983 2698 1015 2766; x_wconf 89' lang='lat' dir='ltr'><strong>in</strong></span> <span class='ocrx_word' id='word_1_207' title='bbox 1039 2698 1125 2770; x_wconf 83' lang='lat' dir='ltr'><strong>omni</strong></span> 
     </span>
     <span class='ocr_line' id='line_1_24' title="bbox 94 2795 1126 2896; baseline 0.002 -27"><span class='ocrx_word' id='word_1_208' title='bbox 94 2795 236 2883; x_wconf 52' lang='lat' dir='ltr'><strong>[verbo.</strong></span> <span class='ocrx_word' id='word_1_209' title='bbox 252 2818 285 2872; x_wconf 90' lang='lat' dir='ltr'><strong>et</strong></span> <span class='ocrx_word' id='word_1_210' title='bbox 301 2807 430 2883; x_wconf 84' lang='lat' dir='ltr'><strong>visione,</strong></span> <span class='ocrx_word' id='word_1_211' title='bbox 444 2818 477 2880; x_wconf 83' lang='lat' dir='ltr'><strong>et</strong></span> <span class='ocrx_word' id='word_1_212' title='bbox 491 2807 642 2874; x_wconf 90' lang='lat' dir='ltr'><strong>somniis:</strong></span> <span class='ocrx_word' id='word_1_213' title='bbox 661 2817 694 2871; x_wconf 86' lang='lat' dir='ltr'><strong>et</strong></span> <span class='ocrx_word' id='word_1_214' title='bbox 715 2818 806 2872; x_wconf 90' lang='lat' dir='ltr'><strong>erant</strong></span> <span class='ocrx_word' id='word_1_215' title='bbox 828 2806 914 2895; x_wconf 86' lang='lat' dir='ltr'><strong>apud</strong></span> <span class='ocrx_word' id='word_1_216' title='bbox 935 2829 1042 2896; x_wconf 77' lang='lat' dir='ltr'><strong>regem</strong></span> <span class='ocrx_word' id='word_1_217' title='bbox 1065 2829 1073 2872; x_wconf 89' lang='lat'>:</span> <span class='ocrx_word' id='word_1_218' title='bbox 1092 2818 1126 2873; x_wconf 85' lang='lat' dir='ltr'><strong>et</strong></span> 
     </span>
     <span class='ocr_line' id='line_1_25' title="bbox 92 2914 1123 3006; baseline 0.006 -26"><span class='ocrx_word' id='word_1_219' title='bbox 92 2944 107 2980; x_wconf 81' lang='grc' dir='ltr'><strong>ι</strong></span> <span class='ocrx_word' id='word_1_220' title='bbox 124 2917 157 2983; x_wconf 90' lang='lat' dir='ltr'><strong>in</strong></span> <span class='ocrx_word' id='word_1_221' title='bbox 173 2914 261 2983; x_wconf 89' lang='lat' dir='ltr'><strong>omni</strong></span> <span class='ocrx_word' id='word_1_222' title='bbox 276 2916 386 2991; x_wconf 78' lang='lat' dir='ltr'><strong>verbo,</strong></span> <span class='ocrx_word' id='word_1_223' title='bbox 398 2927 431 2981; x_wconf 85' lang='lat' dir='ltr'><strong>et</strong></span> <span class='ocrx_word' id='word_1_224' title='bbox 444 2915 624 3005; x_wconf 89' lang='lat' dir='ltr'><strong>prudentia,</strong></span> <span class='ocrx_word' id='word_1_225' title='bbox 638 2925 670 2980; x_wconf 89' lang='lat' dir='ltr'><strong>et</strong></span> <span class='ocrx_word' id='word_1_226' title='bbox 685 2914 863 3005; x_wconf 87' lang='lat' dir='ltr'><strong>disciplina,</strong></span> <span class='ocrx_word' id='word_1_227' title='bbox 876 2917 907 2982; x_wconf 93' lang='lat' dir='ltr'><strong>in</strong></span> <span class='ocrx_word' id='word_1_228' title='bbox 919 2917 1123 3006; x_wconf 83' lang='lat' dir='ltr'><strong>quibuscum·</strong></span> 
     </span>
     <span class='ocr_line' id='line_1_26' title="bbox 92 3025 1122 3118; baseline 0.002 -24"><span class='ocrx_word' id='word_1_229' title='bbox 92 3058 107 3094; x_wconf 79' lang='grc' dir='ltr'><strong>ι</strong></span> <span class='ocrx_word' id='word_1_230' title='bbox 122 3049 185 3118; x_wconf 85' lang='lat' dir='ltr'><strong>que</strong></span> <span class='ocrx_word' id='word_1_231' title='bbox 198 3027 340 3116; x_wconf 69' lang='lat' dir='ltr'><strong>quesivit</strong></span> <span class='ocrx_word' id='word_1_232' title='bbox 350 3028 389 3093; x_wconf 93' lang='lat' dir='ltr'><strong>ab</strong></span> <span class='ocrx_word' id='word_1_233' title='bbox 400 3025 446 3092; x_wconf 87' lang='lat' dir='ltr'><strong>eis</strong></span> <span class='ocrx_word' id='word_1_234' title='bbox 457 3050 525 3104; x_wconf 85' lang='lat' dir='ltr'><strong>rex,</strong></span> <span class='ocrx_word' id='word_1_235' title='bbox 538 3027 656 3093; x_wconf 81' lang='lat' dir='ltr'><strong>invenit</strong></span> <span class='ocrx_word' id='word_1_236' title='bbox 670 3049 725 3093; x_wconf 91' lang='lat' dir='ltr'><strong>eos</strong></span> <span class='ocrx_word' id='word_1_237' title='bbox 736 3025 872 3117; x_wconf 90' lang='lat' dir='ltr'><strong>decuplo</strong></span> <span class='ocrx_word' id='word_1_238' title='bbox 883 3026 1016 3116; x_wconf 89' lang='lat' dir='ltr'><strong>amplius</strong></span> <span class='ocrx_word' id='word_1_239' title='bbox 1026 3051 1122 3118; x_wconf 88' lang='lat' dir='ltr'><strong>quam</strong></span> 
     </span>
     <span class='ocr_line' id='line_1_27' title="bbox 91 3134 1121 3229; baseline 0.004 -27"><span class='ocrx_word' id='word_1_240' title='bbox 91 3150 216 3208; x_wconf 79' lang='lat' dir='ltr'><strong>serant</strong></span> <span class='ocrx_word' id='word_1_241' title='bbox 237 3134 385 3228; x_wconf 82' lang='lat' dir='ltr'><strong>sopbistae</strong></span> <span class='ocrx_word' id='word_1_242' title='bbox 408 3148 441 3202; x_wconf 90' lang='lat' dir='ltr'><strong>et</strong></span> <span class='ocrx_word' id='word_1_243' title='bbox 466 3135 643 3226; x_wconf 90' lang='lat' dir='ltr'><strong>philosophi</strong></span> <span class='ocrx_word' id='word_1_244' title='bbox 669 3137 724 3225; x_wconf 88' lang='lat' dir='ltr'><strong>qui</strong></span> <span class='ocrx_word' id='word_1_245' title='bbox 744 3149 836 3202; x_wconf 86' lang='lat' dir='ltr'><strong>erant</strong></span> <span class='ocrx_word' id='word_1_246' title='bbox 856 3136 889 3202; x_wconf 92' lang='lat' dir='ltr'><strong>in</strong></span> <span class='ocrx_word' id='word_1_247' title='bbox 916 3138 1002 3204; x_wconf 90' lang='lat' dir='ltr'><strong>omni</strong></span> <span class='ocrx_word' id='word_1_248' title='bbox 1024 3163 1121 3229; x_wconf 77' lang='lat' dir='ltr'><strong>regno</strong></span> 
     </span>
     <span class='ocr_line' id='line_1_28' title="bbox 92 3221 1120 3336; baseline 0.003 -25"><span class='ocrx_word' id='word_1_249' title='bbox 92 3278 106 3311; x_wconf 77' lang='grc' dir='ltr'><strong><em>ι</em></strong></span> <span class='ocrx_word' id='word_1_250' title='bbox 123 3245 225 3336; x_wconf 81' lang='lat' dir='ltr'><strong>ejus¹.</strong></span> <span class='ocrx_word' id='word_1_251' title='bbox 241 3275 254 3310; x_wconf 79' lang='lat' dir='ltr'><strong>a</strong></span> <span class='ocrx_word' id='word_1_252' title='bbox 274 3247 313 3313; x_wconf 86' lang='lat' dir='ltr'><strong>Et</strong></span> <span class='ocrx_word' id='word_1_253' title='bbox 327 3246 396 3313; x_wconf 81' lang='lat' dir='ltr'><strong>baec</strong></span> <span class='ocrx_word' id='word_1_254' title='bbox 410 3246 538 3336; x_wconf 89' lang='lat' dir='ltr'><strong>quidem</strong></span> <span class='ocrx_word' id='word_1_255' title='bbox 554 3221 588 3312; x_wconf 87' lang='lat' dir='ltr'><strong>in</strong></span> <span class='ocrx_word' id='word_1_256' title='bbox 603 3244 833 3335; x_wconf 82' lang='lat' dir='ltr'><strong>exemplaribus</strong></span> <span class='ocrx_word' id='word_1_257' title='bbox 850 3245 1055 3336; x_wconf 78' lang='lat' dir='ltr'><strong>Septuaginta</strong></span> <span class='ocrx_word' id='word_1_258' title='bbox 1070 3247 1120 3316; x_wconf 88' lang='lat' dir='ltr'><strong>in-</strong></span> 
     </span>
     <span class='ocr_line' id='line_1_29' title="bbox 92 3354 1120 3447; baseline 0.003 -25"><span class='ocrx_word' id='word_1_259' title='bbox 92 3366 269 3444; x_wconf 86' lang='lat' dir='ltr'><strong>terpretum</strong></span> <span class='ocrx_word' id='word_1_260' title='bbox 283 3354 443 3422; x_wconf 86' lang='lat' dir='ltr'><strong>babsntnr</strong></span> <span class='ocrx_word' id='word_1_261' title='bbox 457 3379 464 3421; x_wconf 76' lang='grc' dir='ltr'><strong>ι</strong></span> <span class='ocrx_word' id='word_1_262' title='bbox 477 3355 510 3422; x_wconf 94' lang='lat' dir='ltr'><strong>in</strong></span> <span class='ocrx_word' id='word_1_263' title='bbox 526 3357 731 3422; x_wconf 87' lang='lat' dir='ltr'><strong>Hebraeorum</strong></span> <span class='ocrx_word' id='word_1_264' title='bbox 743 3379 818 3422; x_wconf 82' lang='lat' dir='ltr'><strong>vero</strong></span> <span class='ocrx_word' id='word_1_265' title='bbox 829 3356 992 3423; x_wconf 88' lang='lat' dir='ltr'><strong>codicibus</strong></span> <span class='ocrx_word' id='word_1_266' title='bbox 1002 3356 1120 3447; x_wconf 90' lang='lat' dir='ltr'><strong>aliquid</strong></span> 
     </span>
     <span class='ocr_line' id='line_1_30' title="bbox 93 3464 1121 3557; baseline 0.006 -27"><span class='ocrx_word' id='word_1_267' title='bbox 93 3466 192 3530; x_wconf 90' lang='lat' dir='ltr'><strong>etiam</strong></span> <span class='ocrx_word' id='word_1_268' title='bbox 207 3464 419 3531; x_wconf 83' lang='lat' dir='ltr'><strong>vehementius</strong></span> <span class='ocrx_word' id='word_1_269' title='bbox 433 3466 549 3555; x_wconf 89' lang='lat' dir='ltr'><strong>reperi,</strong></span> <span class='ocrx_word' id='word_1_270' title='bbox 560 3467 675 3555; x_wconf 88' lang='lat' dir='ltr'><strong>quibus</strong></span> <span class='ocrx_word' id='word_1_271' title='bbox 687 3467 829 3557; x_wconf 85' lang='lat' dir='ltr'><strong>quamvis</strong></span> <span class='ocrx_word' id='word_1_272' title='bbox 844 3489 908 3533; x_wconf 90' lang='lat' dir='ltr'><strong>non</strong></span> <span class='ocrx_word' id='word_1_273' title='bbox 923 3477 1062 3545; x_wconf 85' lang='lat' dir='ltr'><strong>utamur,</strong></span> <span class='ocrx_word' id='word_1_274' title='bbox 1076 3480 1121 3536; x_wconf 84' lang='lat' dir='ltr'><strong>ta·</strong></span> 
     </span>
     <span class='ocr_line' id='line_1_31' title="bbox 90 3573 1114 3666; baseline 0.002 -26"><span class='ocrx_word' id='word_1_275' title='bbox 90 3595 167 3640; x_wconf 89' lang='lat' dir='ltr'><strong>meu</strong></span> <span class='ocrx_word' id='word_1_276' title='bbox 185 3573 375 3664; x_wconf 73' lang='lat' dir='ltr'><strong>agnoscendi</strong></span> <span class='ocrx_word' id='word_1_277' title='bbox 395 3574 492 3664; x_wconf 78' lang='lat' dir='ltr'><strong>gratia</strong></span> <span class='ocrx_word' id='word_1_278' title='bbox 516 3575 658 3642; x_wconf 86' lang='lat' dir='ltr'><strong>dicemus</strong></span> <span class='ocrx_word' id='word_1_279' title='bbox 680 3575 776 3640; x_wconf 86' lang='lat' dir='ltr'><strong>otiam</strong></span> <span class='ocrx_word' id='word_1_280' title='bbox 796 3575 839 3641; x_wconf 88' lang='lat' dir='ltr'><strong>ibi</strong></span> <span class='ocrx_word' id='word_1_281' title='bbox 862 3598 932 3664; x_wconf 76' lang='lat' dir='ltr'><strong>quae</strong></span> <span class='ocrx_word' id='word_1_282' title='bbox 953 3573 1085 3666; x_wconf 72' lang='lat' dir='ltr'><strong>legimus</strong></span> <span class='ocrx_word' id='word_1_283' title='bbox 1106 3599 1114 3642; x_wconf 92' lang='lat'>:</span> 
     </span>
     <span class='ocr_line' id='line_1_32' title="bbox 94 3681 1116 3773; baseline 0.008 -29"><span class='ocrx_word' id='word_1_284' title='bbox 94 3681 230 3757; x_wconf 76' lang='lat' dir='ltr'><strong>«Dedit,</strong></span> <span class='ocrx_word' id='word_1_285' title='bbox 247 3683 369 3768; x_wconf 75' lang='lat' dir='ltr'><strong>inquit,</strong></span> <span class='ocrx_word' id='word_1_286' title='bbox 390 3683 476 3749; x_wconf 87' lang='lat' dir='ltr'><strong>Deua</strong></span> <span class='ocrx_word' id='word_1_287' title='bbox 490 3682 685 3750; x_wconf 85' lang='lat' dir='ltr'><strong>intellectum</strong></span> <span class='ocrx_word' id='word_1_288' title='bbox 703 3695 735 3749; x_wconf 86' lang='lat' dir='ltr'><strong>et</strong></span> <span class='ocrx_word' id='word_1_289' title='bbox 757 3684 958 3773; x_wconf 89' lang='lat' dir='ltr'><strong>prudentiam</strong></span> <span class='ocrx_word' id='word_1_290' title='bbox 974 3686 1006 3751; x_wconf 92' lang='lat' dir='ltr'><strong>in</strong></span> <span class='ocrx_word' id='word_1_291' title='bbox 1029 3687 1116 3772; x_wconf 85' lang='lat' dir='ltr'><strong>omni</strong></span> 
     </span>
     <span class='ocr_line' id='line_1_33' title="bbox 83 3787 1116 3882; baseline -0.002 -22"><span class='ocrx_word' id='word_1_292' title='bbox 83 3787 321 3882; x_wconf 75' lang='lat' dir='ltr'><strong>agrammatica</strong></span> <span class='ocrx_word' id='word_1_293' title='bbox 332 3790 497 3880; x_wconf 85' lang='lat' dir='ltr'><strong>sapientia,</strong></span> <span class='ocrx_word' id='word_1_294' title='bbox 510 3804 543 3858; x_wconf 87' lang='lat' dir='ltr'><strong>st</strong></span> <span class='ocrx_word' id='word_1_295' title='bbox 553 3789 664 3860; x_wconf 89' lang='lat' dir='ltr'><strong>Daniel</strong></span> <span class='ocrx_word' id='word_1_296' title='bbox 682 3789 834 3860; x_wconf 83' lang='lat' dir='ltr'><strong>intellexit</strong></span> <span class='ocrx_word' id='word_1_297' title='bbox 850 3791 883 3861; x_wconf 88' lang='lat' dir='ltr'><strong>in</strong></span> <span class='ocrx_word' id='word_1_298' title='bbox 899 3794 986 3864; x_wconf 86' lang='lat' dir='ltr'><strong>omni</strong></span> <span class='ocrx_word' id='word_1_299' title='bbox 999 3793 1116 3860; x_wconf 79' lang='lat' dir='ltr'><strong>visione</strong></span> 
     </span>
    </p>
   </div>
   <div class='ocr_carea' id='block_1_3' title="bbox 115 3923 402 3987">
    <p class='ocr_par' dir='ltr' id='par_1_3' title="bbox 115 3923 402 3987">
     <span class='ocr_line' id='line_1_34' title="bbox 115 3923 402 3987; baseline 0 -13"><span class='ocrx_word' id='word_1_300' title='bbox 115 3923 127 3961; x_wconf 84' lang='lat'>¹</span> <span class='ocrx_word' id='word_1_301' title='bbox 140 3925 208 3974; x_wconf 82' lang='lat' dir='ltr'><strong>Dan.</strong></span> <span class='ocrx_word' id='word_1_302' title='bbox 223 3940 242 3982; x_wconf 86' lang='lat' dir='ltr'><strong>r,</strong></span> <span class='ocrx_word' id='word_1_303' title='bbox 257 3937 294 3986; x_wconf 81' lang='lat'><strong>17,</strong></span> <span class='ocrx_word' id='word_1_304' title='bbox 312 3937 402 3987; x_wconf 76' lang='lat' dir='ltr'><strong>19‚2o.</strong></span> 
     </span>
    </p>
   </div>
   <div class='ocr_carea' id='block_1_4' title="bbox 0 0 1392 4616">
    <p class='ocr_par' dir='ltr' id='par_1_4' title="bbox 0 0 1392 4616">
     <span class='ocr_line' id='line_1_35' title="bbox 0 0 1392 4616; baseline 0 5"><span class='ocrx_word' id='word_1_305' title='bbox 0 0 1392 4616; x_wconf 95' lang='lat' dir='ltr'><strong> </strong></span> 
     </span>
    </p>
   </div>
  </div>
 </body>
</html>
