2706 4624
240 275 301 355 294
684 298 827 340 oaruaars

235 423 316 476 stare
343 413 467 480 dieitur.
488 414 523 480 si
538 415 606 500 quis
628 437 702 480 vero
721 405 864 480 imitator
883 415 953 499 ejus
973 425 1034 488 est,
1059 413 1143 476 siem
1163 429 1272 474 omnes

175 559 179 566 -
235 522 348 594 saneti,
361 533 394 585 et
409 519 461 586 ilia
477 527 569 588 beata
584 522 699 590 mulier
713 523 807 610 eujus
822 523 966 608 superius
986 521 1119 586 fecimus
1135 517 1270 586 mentio-

233 649 320 700 nem,
342 637 424 692 stare
447 629 575 716 quidem
595 654 660 699 non
680 630 806 696 dieitur.
830 629 900 696 Nou
922 631 1009 694 enirn
1028 640 1133 716 potest
1147 627 1221 692 {ieri
1241 637 1272 690 ut
1348 645 1350 694 5

232 758 297 800 non
319 735 489 824 aliquando
506 751 561 803 aut
580 738 621 802 ed
643 738 787 807 dextram
805 737 875 823 quis
894 736 1064 804 inclinatus
1079 737 1138 812 sit,
1161 735 1271 798 autad

121 887 127 894 -
231 839 651 912 sinistramtrNemomim
666 845 804 913 mundus
820 869 837 908 a
853 846 961 920 sorde,
978 867 1039 911 nec
1055 845 1080 910 si
1098 845 1194 908 unius
1212 842 1271 908 diei

231 977 245 1010 ι
260 950 499 1036 sueritviteejus
510 951 533 1014 ¹.
543 953 716 1018 »Habitare
728 965 836 1018 tamen
849 953 966 1020 dieitur
977 954 1010 1018 in
1022 952 1130 1018 medio
1141 950 1269 1038 populi:

231 1069 263 1122 et
278 1059 393 1125 Levitae
405 1082 483 1146 ergo
492 1073 698 1128 assumuntur
710 1060 867 1126 demedio
879 1058 1019 1126 filiorum
1031 1058 1140 1126 Israel.
1155 1058 1271 1124 Levita

232 1179 305 1232 sunt
318 1169 403 1234 enim
419 1169 474 1255 qni
484 1191 551 1236 non
564 1181 781 1256 cognoverunt
794 1169 938 1234 dextram
949 1181 981 1234 et
993 1169 1155 1235 sinistram
1167 1189 1268 1242 snam,
1349 1179 1350 1190 *

232 1277 288 1340 sed
300 1289 467 1362 sequentes
481 1277 626 1364 Moysen,
642 1277 675 1345 id
688 1291 749 1352 eat,
767 1277 868 1365 legem
887 1278 959 1354 Dei,
976 1301 1040 1344 non
1056 1287 1269 1364 pepercerunt

134 1411 137 1417 ·
230 1385 313 1470 patri
324 1407 384 1452 nee
396 1386 504 1452 matri,
513 1387 556 1451 Et
566 1399 601 1450 tu
613 1387 730 1477 ergosi
739 1387 883 1455 veniente
891 1386 1079 1460 tentatione,
1090 1386 1115 1450 si
1125 1385 1267 1452 veniente

230 1491 275 1556 ira
290 1493 413 1578 peceati
428 1513 492 1558 non
508 1490 667 1558 inclineris
683 1493 725 1556 ad
741 1493 904 1558 dexteram
919 1515 1022 1578 neque
1038 1491 1080 1557 ad
1094 1492 1267 1564 sinistram.
1349 1557 1350 1560 ,

230 1623 290 1666 uae
305 1602 525 1686 prevariuatus
544 1601 641 1664 saeris
656 1599 758 1688 legem
775 1602 846 1674 Dei,
864 1600 920 1666 sed
938 1601 1050 1666 etesia
1068 1599 1176 1666 medio
1188 1599 1268 1664 tirus
1349 1591 1350 1642 Ῐ

231 1718 263 1774 et
284 1707 415 1783 stabilis,
432 1721 464 1773 et
478 1731 544 1772 non
559 1707 733 1782 inclineris,
750 1730 853 1795 neque
873 1731 985 1774 curves
1000 1728 1105 1796 genua
1124 1723 1175 1772 tua
1190 1731 1267 1794 pec·
1349 1693 1350 1722 ³

230 1826 314 1888 outo,
328 1839 388 1880 uec
399 1817 530 1903 pecudis
543 1828 653 1903 caput,
667 1817 700 1880 id
713 1829 773 1890 est,
785 1814 924 1882 stultitiae
937 1817 1078 1904 sequaris
1085 1817 1263 1904 imaginem,
1314 1875 1316 1882 ⁴

231 1925 396 1989 assumeris
413 1926 453 1989 de
468 1925 573 1988 medio
589 1924 728 1991 sriiorum
743 1923 853 1998 lsrael,
869 1939 901 1990 et
917 1926 950 1992 in
966 1926 1197 2012 primitivorum
1209 1947 1266 1992 nu-

229 2048 319 2092 mero
333 2028 550 2096 collocaberis.
572 2033 648 2098 Haeo
668 2055 727 2119 pro
743 2055 781 2096 eo
797 2027 1055 2120 quod'seriptum
1069 2046 1129 2108 est,
1145 2062 1158 2092 ι
1174 2046 1207 2096 et
1224 2055 1268 2096 as-

158 2145 163 2153 '
231 2161 247 2210 ³.
259 2149 385 2204 sumum
398 2139 523 2206 Levites
542 2141 581 2206 de
597 2141 702 2208 medio
718 2140 857 2206 filiorum
872 2142 979 2208 lsrael.
996 2171 1008 2204 s

272 2246 328 2312 ΠΙ.
348 2245 479 2321 Verum,
493 2250 518 2316 si
531 2251 667 2325 videtur,
682 2274 882 2318 recurramus
900 2252 1007 2318 adhue
1018 2255 1059 2332 ad
1071 2255 1176 2340 ipsum
1188 2253 1267 2336 ordi·

232 2375 307 2420 nem
318 2356 468 2432 historiae,
480 2361 535 2446 qui
547 2360 683 2424 refertur
694 2363 727 2426 in
739 2361 898 2435 Numeris,
906 2374 939 2424 et
950 2383 989 2426 ex
1001 2363 1070 2450 ipso
1081 2364 1266 2450 mysterium

231 2465 477 2551 primitivorum,
498 2468 552 2531 ubi
569 2467 617 2532 vel
633 2470 793 2554 quomodo
808 2470 925 2556 requiri
940 2470 1054 2536 debeat
1075 2469 1268 2558 contemple-

230 2593 314 2638 mur.
332 2575 430 2662 Igitur
450 2598 672 2643 recenseamus
688 2577 837 2642 attentius
853 2579 1013 2663 quomodo
1031 2579 1267 2644 distribuuntur

230 2682 399 2748 duodecim
415 2684 516 2752 tribus
529 2707 585 2770 per
597 2697 703 2752 ternas
719 2687 751 2752 in
765 2697 902 2770 quatuor
913 2699 1031 2772 partes,
1048 2698 1080 2752 et
1095 2709 1154 2774 per
1166 2687 1267 2774 singn-

229 2788 275 2854 las
291 2813 430 2878 quasque
445 2790 518 2858 coeti
538 2791 644 2880 plagas
660 2807 747 2860 certa
762 2794 897 2861 statione
913 2795 1082 2860 considunt
1102 2817 1111 2858 ι
1133 2807 1167 2858 et
1185 2795 1269 2860 inve-

229 2897 354 2966 niemur
375 2899 492 2965 iudam
516 2899 644 2983 quidem
668 2902 707 2964 ab
731 2901 852 2966 oriente
874 2901 968 2964 statui
990 2923 1063 2966 enm
1087 2901 1219 2969 isachar
1237 2913 1270 2966 et

229 3001 390 3075 Zabulon;
406 3004 519 3070 Ruben
535 3027 608 3070 vero
624 3008 663 3070 ab
681 3008 859 3086 occidente,
877 3031 951 3088 cum
968 3008 1108 3096 Symeon
1125 3023 1158 3074 et
1177 3010 1262 3082 Gad;
1349 3007 1350 3036 ³

229 3112 262 3174 in
282 3111 413 3176 meridie
429 3109 547 3178 Effrern
564 3137 638 3178 cum
655 3116 821 3202 Beniamin
834 3130 869 3180 ot
886 3117 1046 3192 iianass03
1069 3120 1101 3185 in
1119 3117 1266 3205 aquilone

228 3239 304 3282 vero
320 3217 390 3284 Dan
405 3241 479 3282 oum
490 3220 648 3306 Neptalim
663 3236 695 3286 et
709 3227 799 3288 Aser.
820 3226 865 3301 Ea
881 3226 928 3292 his
945 3227 1091 3292 omnibus
1104 3228 1193 3312 quasi
1206 3249 1262 3313 per

228 3338 365 3411 quatuor
381 3338 469 3395 terrae
482 3330 627 3396 cardines
643 3332 674 3396 in
693 3333 829 3398 circuitu
848 3334 1024 3410 collocatis,
1039 3337 1072 3400 in
1090 3337 1196 3403 medio
1212 3360 1262 3400 oo-

228 3456 302 3506 rum
326 3447 434 3520 utpote
455 3435 521 3500 Deo
542 3438 677 3523 prusiani
699 3441 783 3504 eirea
807 3441 912 3527 ipsum
938 3442 1184 3510 tabernaculum
1209 3445 1267 3512 Dei
1348 3445 1350 3530 i

229 3543 466 3609 constituuntur
480 3545 595 3613 Levitae
610 3570 617 3611 t
632 3549 665 3614 in
685 3552 793 3616 castris
809 3551 937 3636 quidem
952 3553 1033 3620 tuda
1050 3577 1119 3639 quaa
1139 3558 1265 3620 suntab
1348 3533 1350 3622 i

200 3715 204 3722 ,
229 3650 362 3724 oriente,
376 3649 498 3736 Moyses
514 3666 547 3716 et
562 3657 668 3722 Aaron
678 3681 687 3729 3
705 3657 737 3724 in
752 3659 862 3724 castris
880 3683 953 3724 vero
971 3661 1098 3736 Rubor,
1119 3661 1263 3734 Garson;
1348 3639 1350 3688 ¹

227 3757 260 3819 in
272 3757 381 3822 castris
393 3771 499 3824 autem
510 3761 690 3848 Benjamin,
704 3768 806 3832 Caath
817 3792 825 3832 :
838 3770 891 3834 ubi
907 3793 980 3835 vero
993 3771 1063 3835 Dan
1076 3785 1179 3836 castra
1192 3795 1266 3838 eon-
1348 3859 1350 3876 A

261 3883 342 3944 1lob,
354 3903 406 3944 arv,
420 3887 445 3945 4,
457 3889 481 3936 5.
1349 3883 1350 3894 ¹
