2702 4610
144 262 150 274 “
241 249 298 312 ida
682 269 825 312 oniensis

238 389 293 454 sod
305 401 336 452 ot
353 389 385 452 in
398 401 505 454 salicta
521 399 726 454 sauctorum:
751 401 785 452 ut
801 390 898 476 possit
913 389 1000 454 adiro
1013 386 1273 477 propitiatorium

239 501 291 565 ubi
307 511 381 576 sunt
398 498 586 575 Cherubim,
602 511 635 564 et
650 499 724 564 inde
740 510 888 587 appareat
903 499 934 564 ei
950 497 1044 565 Deus.
1064 500 1179 564 Sancta
1195 521 1276 587 pos-

238 619 312 674 sunt
330 631 399 672 essa
418 631 455 672 ea
476 631 546 695 quae
568 608 601 673 in
625 608 772 697 praesenti
795 607 912 674 saeculo
930 608 1049 674 habore
1068 618 1176 674 saneta
1197 631 1278 674 con-

165 711 168 718 ’
238 717 373 782 versatio
394 728 507 804 potest.
523 715 640 783 Sancta
656 740 732 782 vero
748 731 944 794 sanctornm,
958 719 990 784 in
1007 741 1077 807 quaa
1092 715 1189 783 semel
1204 730 1278 784 tan-

237 823 406 888 tummodo
419 823 567 896 intratur.
582 823 623 888 sd
642 821 759 889 coelum
777 847 845 890 esse
862 824 1030 890 transitum
1044 838 1136 914 puto,
1154 826 1210 892 ubi
1225 841 1277 894 est

238 932 505 1023 propitiatorium.
526 947 559 999 et
578 934 767 1010 Cherubim,
784 935 838 1000 ubi
862 947 895 1000 et
916 933 1041 1000 mundis
1060 935 1158 1001 sorde
1178 957 1278 1024 appa-

238 1066 308 1110 rere
323 1044 440 1132 poterit
454 1043 553 1119 Deris,
568 1043 615 1109 vel
631 1045 703 1132 quia
722 1045 878 1110 Dominus
894 1045 972 1110 dioit
987 1069 995 1109 ε
1012 1046 1120 1110 «Eone
1137 1067 1276 1134 reguum

239 1181 252 1216 ι
269 1153 328 1218 Dei
343 1153 424 1218 intra
441 1177 495 1218 vos
507 1153 584 1218 θεῖ’.
601 1181 614 1214 ι
631 1153 707 1219 llaec
723 1153 851 1219 interiin
866 1151 1021 1242 quantum
1033 1155 1073 1219 ad
1090 1175 1230 1242 praesens
1243 1158 1275 1222 in

238 1277 421 1330 transcursu
437 1288 607 1331 occurrere
623 1265 768 1330 sensibus
783 1263 900 1330 nostris
919 1267 1037 1354 potuit,
1054 1279 1276 1355 quantumque

238 1374 395 1438 moderari
407 1374 537 1439 auribus
550 1373 711 1461 potuimus
721 1373 914 1449 auditorum,
925 1373 965 1438 de
974 1372 1181 1438 tabernaculo
1190 1374 1274 1441 dicta

238 1483 314 1559 sint,
331 1496 365 1548 ut
378 1484 594 1570 unusquisque
610 1495 754 1548 nostrum
769 1483 896 1547 studeat
906 1481 1012 1548 lasere
1026 1481 1107 1547 intra
1120 1505 1154 1546 se
1171 1485 1273 1549 taber-

239 1591 389 1660 naculum
403 1593 482 1658 Deo.
502 1591 572 1658 Non
584 1592 670 1656 enim
687 1592 801 1656 frustra
818 1591 857 1656 de
872 1591 1016 1678 patribus
1033 1590 1184 1670 refertur,
1200 1593 1271 1680 quia

240 1704 272 1767 iu
295 1699 508 1769 tabernaculis
527 1702 751 1767 habitaverunt
761 1701 783 1767 ².
803 1699 870 1790 Ego
886 1702 931 1766 eie
955 1700 1095 1790 intelligo
1115 1701 1269 1768 abnuam

239 1811 398 1879 habitasse
413 1812 444 1874 iu
456 1810 683 1887 tabernaculis,
695 1823 728 1876 et
741 1813 828 1878 lsaao
843 1824 876 1876 et
890 1811 1003 1876 Jacob.
1020 1812 1271 1876 Construxerunt

240 1942 377 2008 namque
392 1919 442 1984 isti
459 1920 541 1984 intra
554 1943 588 1984 se
604 1918 846 1986 tabernaculum
859 1919 941 1996 Deo,
954 1921 1007 2007 qui
1020 1941 1053 1984 se
1067 1922 1163 1986 tantis
1178 1943 1214 1988 ae
1229 1931 1272 1986 tn-

240 2029 323 2094 libus
334 2030 488 2094 virtutum
500 2028 721 2117 splendoribus
730 2030 978 2096 adornaverunt
987 2027 1177 2119 Relulgebat
1188 2053 1272 2096 nam·

239 2163 302 2227 que
320 2139 407 2204 ineis
423 2137 544 2228 insigne
559 2140 681 2228 regium
696 2162 849 2228 purpura,
865 2152 997 2228 propter
1008 2141 1094 2226 quod
1107 2141 1269 2208 dicebatur

240 2250 281 2315 ad
296 2250 457 2318 Abraham
477 2274 494 2315 u
515 2249 586 2316 filiis
601 2251 709 2316 lieth:
733 2275 745 2314 ι
761 2252 789 2317 Α
804 2251 871 2316 Deo
887 2273 944 2318 rex
964 2252 995 2315 in
1013 2251 1104 2318 nobis
1121 2263 1157 2316 tu
1172 2250 1264 2316 es⁸.»

242 2360 437 2450 Splendebat
452 2372 484 2425 et
500 2382 617 2426 coecus
635 2383 643 2426 ε
659 2373 826 2450 propterea
838 2362 924 2426 enim
942 2361 980 2426 ad
992 2359 1201 2450 jugulandum
1217 2361 1272 2426 du·

240 2471 286 2536 xit
297 2471 514 2546 Deounicum‚
524 2481 731 2559 etpropterea
741 2471 884 2536 dextram
894 2466 976 2536 illius
985 2470 1125 2559 Angelus
1133 2471 1229 2534 tenuit
1240 2469 1262 2533 ⁴.

241 2578 437 2668 Splendebat
454 2578 660 2666 hyacinthus.
681 2597 754 2643 eum
774 2577 890 2644 coelum
911 2600 1036 2667 semper
1056 2580 1178 2644 intuens
1196 2576 1274 2642 coeli

241 2689 415 2754 Dominum
432 2687 653 2775 sequebatur⁶.
669 2687 732 2754 Sed
743 2701 776 2752 et
792 2688 823 2752 in
841 2689 961 2754 eaeteris
977 2687 1124 2754 similiter
1135 2689 1274 2754 ornaba-

248 2810 311 2863 tur.
327 2799 393 2886 Ego
408 2798 453 2864 sio
471 2795 610 2886 intelligo
628 2807 661 2862 ot
679 2798 764 2864 diem
777 2797 891 2864 festum
907 2796 1200 2863 Tabernaeulorum
1216 2797 1270 2884 qui

241 2907 411 2974 mundatur
422 2907 454 2972 in
470 2906 566 2996 Lege,
582 2920 616 2971 ut
629 2921 719 2973 exeat
730 2907 867 2997 populus
877 2921 965 2977 certa
977 2909 1029 2973 dia
1042 2909 1129 2984 unni,
1142 2909 1220 2974 etin
1232 2920 1277 2973 ta·

241 3013 422 3082 barnaoulis
434 3014 566 3092 habitet,
580 3015 701 3082 hahens
714 3039 818 3082 ramos
833 3013 1025 3106 palmarum,
1039 3029 1073 3082 et
1084 3017 1216 3084 frondes
1232 3041 1279 3083 sa·

241 3125 311 3191 licis
326 3147 364 3190 ao
379 3122 500 3212 populi,
514 3134 546 3190 et
564 3143 669 3192 ramos
685 3126 807 3192 arboris
822 3126 991 3212 frondosae.
1011 3125 1119 3192 Palma
1136 3127 1279 3193 vietoriae

242 3236 369 3325 signum
380 3245 429 3299 est
449 3231 531 3299 illins
545 3233 620 3302 belli
641 3235 726 3324 quod
746 3236 968 3303 interseram
987 3249 1019 3300 et
1037 3237 1166 3324 spiritns
1181 3239 1275 3326 gerit.

241 3347 346 3414 Arbor
364 3357 470 3411 autem
490 3343 626 3434 populus
641 3359 673 3411 et
688 3343 778 3421 salix,
797 3358 862 3410 tam
877 3347 992 3411 virtute
1012 3364 1109 3433 quam
1128 3348 1276 3420 nomine,

241 3454 374 3544 virgulta
393 3465 467 3520 sunt
486 3454 749 3533 castitatisoQuae
765 3455 791 3519 si
814 3454 935 3542 integre
954 3477 1135 3529 conserves,
1157 3455 1282 3522 habere

240 3577 330 3655 potes
353 3577 385 3632 et
403 3585 579 3631 nemorosae
601 3563 838 3636 eelrondentis
859 3564 982 3629 arboris
1001 3585 1119 3639 ramos,
1141 3579 1282 3653 quaeest

238 3688 354 3742 aeterna
367 3688 399 3741 et
416 3678 508 3742 beata
528 3675 602 3750 vita,
619 3695 694 3740 eum
711 3687 742 3739 te
758 3671 914 3742 Dominus
930 3675 962 3739 in
979 3673 1051 3740 loco
1070 3674 1162 3741 viridi
1179 3673 1281 3742 collo·
1316 3743 1320 3750 ,

271 3837 281 3870 ¹
294 3838 354 3885 Luc.
368 3852 430 3893 xvir,
442 3853 480 3884 ar.
494 3837 545 3872 -2
556 3835 635 3886 fleur.
655 3855 688 3884 xi.
708 3865 738 3874 ·-
749 3835 758 3867 ⁸
769 3836 862 3884 Genrs.
878 3835 991 3893 xxtrr,6.
1006 3835 1056 3873 -l
1072 3837 1159 3898 tetam,
1173 3856 1236 3887 xxn.
1250 3867 1281 3877 -

228 3913 251 3948 ι’
265 3911 341 3958 Desit.
353 3922 402 3956 ιιι.
