2744 4600
261 315 325 392 ool
413 357 415 364 ι
707 331 850 378 oatoerus

261 451 347 518 nulla
372 473 408 516 re
431 447 562 523 carnali,
588 448 621 515 io
652 446 740 514 nullo
764 445 924 535 colloquio
949 446 1094 512 vanitatis
1121 444 1265 510 invenitur.

260 557 435 651 Transtulit
456 555 542 622 enim
564 577 639 624 eum
659 558 744 626 Deus
767 559 810 624 ab
826 557 876 635 iis,
900 565 932 622 et
952 579 1020 623 esse
1034 555 1270 645 fecitinreqioue

261 669 425 735 virtutum.
445 664 561 732 Ultima
575 664 697 731 mansio
712 676 761 731 eat
773 667 814 733 ab
831 665 998 733 occidente
1014 664 1107 732 Moab
1122 665 1202 754 juxta
1210 663 1272 730 ‘lor-

260 779 387 844 danem.
413 774 526 842 Omnis
553 795 689 861 namque
715 773 769 840 bic
795 795 906 840 cursus
928 783 1096 863 propterea
1122 771 1225 862 agitur,
1244 783 1273 839 at

260 899 427 978 propterea
444 884 596 959 curritur,
614 895 649 948 ut
663 883 866 971 perveniatur
877 883 918 949 ad
932 882 1055 950 flumen
1072 881 1145 958 ll'ei,
1164 894 1195 946 ut
1209 905 1274 972 pro-

260 998 337 1065 ximi
351 995 529 1062 efficiamur
543 993 672 1059 fluentis
690 991 863 1083 sapientiae,
879 1007 911 1060 et
925 993 1066 1084 rigemur
1081 992 1172 1059 undis
1187 995 1276 1060 scien-

261 1109 313 1173 tiae
329 1107 443 1173 divinia
459 1126 468 1169 t
491 1101 525 1168 ut
540 1104 586 1170 sic
605 1123 663 1190 per
683 1101 788 1169 omnia
803 1099 977 1192 purillcati,
994 1113 1112 1168 terram
1127 1102 1277 1190 repromis-

261 1219 358 1286 sionis
377 1235 558 1284 mereamur
572 1215 701 1280 intrare.
719 1216 794 1281 fleo
810 1214 937 1282 interim
952 1215 993 1280 de
1007 1212 1185 1280 lsrae'liticis
1198 1237 1278 1280 man-

260 1328 401 1394 sionibus
416 1323 593 1392 seeundum
605 1345 706 1390 unum
717 1323 895 1412 exponendi
909 1323 1042 1390 modum
1062 1324 1095 1389 in
1111 1335 1278 1391 transcursu

261 1437 472 1528 perstringere
488 1445 582 1521 atque
598 1434 631 1499 in
647 1433 789 1500 medium
804 1431 948 1523 proferre
963 1433 1136 1522 potuimus.

197 1569 201 1574 ·
304 1543 426 1611 Verum
448 1566 490 1608 ne
515 1541 700 1629 hujusmodi
726 1543 986 1631 expositioque
1009 1563 1067 1632 per
1088 1538 1284 1610 llebraeorum

261 1656 446 1742 linguamet
457 1651 623 1718 nominum
635 1649 860 1739 significantias
872 1649 984 1727 currit,
1003 1653 1215 1740 ignorantibus
1227 1649 1285 1720 lin·

261 1784 331 1852 quae
352 1758 436 1826 illius
456 1759 684 1847 proprietatem
705 1757 849 1825 affectata
872 1759 1062 1827 videaturet
1076 1749 1222 1827 violenter
1235 1783 1288 1827 ex-

261 1883 358 1943 torta,
374 1867 520 1934 dabimus
534 1866 631 1932 etiam
651 1866 684 1932 in
707 1879 815 1934 nostra
833 1867 940 1958 lingua
963 1869 1212 1946 similitudinem,
1228 1893 1289 1959 qua

263 1977 500 2066 consequentiae
520 1976 618 2078 hujus
637 1978 718 2042 ratio
732 1987 884 2066 patescat.
903 1979 940 2046 ln
961 1975 1116 2046 litterario
1130 1979 1219 2058 ludo,
1238 1983 1289 2048 ubi

263 2088 354 2178 pueri
369 2088 471 2176 prima
487 2085 644 2154 elementa
661 2088 851 2176 suscipiunt,
868 2089 1049 2156 abecedarii
1065 2091 1214 2158 dicuntur
1226 2093 1289 2180 qui-

265 2199 353 2274 dam,
375 2193 429 2262 alii
453 2193 625 2282 syllabarii,
650 2194 702 2260 alii
725 2197 906 2273 nominarii,
929 2197 982 2265 alii
1004 2191 1071 2288 jam
1092 2198 1294 2268 calculatores

264 2305 486 2397 appellantur:
505 2318 537 2372 et
552 2327 627 2372 cum
641 2306 836 2372 audierimus
852 2307 921 2374 haec
937 2309 1079 2384 nomina,
1097 2331 1138 2376 ex
1152 2311 1230 2401 ipsis
1245 2313 1297 2401 qui

262 2420 325 2486 sint
339 2418 372 2484 in
383 2417 491 2506 pueris
501 2415 664 2504 profectus
679 2418 890 2505 agnoscimus.
905 2417 1057 2484 Similiter
1070 2432 1102 2486 et
1114 2421 1147 2486 in
1162 2417 1299 2488 liberali

260 2529 320 2595 bus
334 2526 460 2602 studiis,
481 2546 557 2591 cum
569 2535 627 2590 ¹aut
642 2523 749 2592 locum
761 2529 908 2602 recitare,
921 2539 978 2593 aut
989 2527 1236 2610 allocutionem,
1257 2529 1302 2599 vel

260 2635 402 2711 laudem,
417 2631 556 2720 aliasque
572 2655 631 2722 per
642 2633 790 2703 ordinem
801 2637 949 2702 materias
961 2637 1171 2716 audierimus,
1184 2661 1229 2707 ex
1241 2663 1305 2708 ma-

260 2743 348 2810 teriae
370 2739 500 2806 nomine
526 2739 706 2828 proiectum
732 2742 944 2810 adolescentis
972 2745 1182 2814 advertimus.
1216 2747 1308 2831 Quo-

261 2850 366 2942 modo
379 2871 456 2938 ergo
479 2857 513 2914 et
537 2871 596 2938 per
617 2849 686 2916 baec
710 2871 781 2937 qus
800 2849 947 2918 locorum
980 2856 1069 2942 quasi
1094 2857 1310 2926 materiarum

261 2960 391 3030 nomina
405 2969 636 3034 momorantur,
653 2981 719 3025 non
733 2961 903 3027 credamus
928 2963 961 3027 in
978 2963 1090 3031 divinis
1105 2967 1311 3035 emditioni-

261 3072 321 3136 bus
336 3067 498 3159 profectus
512 3067 645 3133 indicari
660 3085 752 3157 possa
766 3069 982 3136 discentium?
998 3072 1038 3137 llt
1052 3074 1136 3141 sicut
1153 3075 1228 3145 illic
1244 3079 1314 3145 sin·

260 3178 341 3271 gulis
357 3178 536 3267 quibusque
554 3176 683 3243 dicendi
703 3179 843 3244 materiis
862 3180 1071 3249 immorantes
1093 3186 1187 3273 quasi
1220 3207 1316 3252 marr

261 3290 364 3356 sioaes
379 3287 412 3353 in
427 3287 471 3352 eis
487 3286 640 3374 quasdam
655 3286 761 3353 lacere
773 3288 936 3367 videntur,
948 3302 982 3359 et
998 3293 1038 3360 de
1054 3315 1118 3360 una
1136 3295 1183 3361 ad
1195 3295 1316 3370 aliam.

261 3420 300 3466 ao
316 3397 356 3462 de
368 3395 432 3462 alia
446 3397 524 3462 itam
539 3395 580 3461 ad
594 3395 688 3463 aliam
702 3397 862 3487 proficisci
875 3425 883 3466 ε
897 3402 940 3468 ita
963 3405 1059 3471 etiam
1081 3404 1137 3472 bic
1158 3409 1318 3475 mansio·

261 3529 343 3582 num,
355 3526 473 3572 nomen
488 3513 520 3571 et
535 3507 691 3594 protectio
701 3512 740 3575 ab
756 3530 821 3576 aaa
834 3512 874 3578 ad
886 3508 994 3591 aliam,
1005 3526 1039 3581 et
1051 3503 1091 3582 ab
1106 3514 1172 3581 alia
1185 3517 1320 3585 iterum

261 3615 302 3680 ad
318 3611 425 3688 aliam,
445 3635 504 3678 our
517 3635 583 3680 non
597 3611 778 3704 proiectum
793 3621 908 3687 mentis
926 3622 1067 3692 indicare
1087 3625 1276 3703 credatur,
1290 3637 1323 3691 ot

261 3725 459 3790 incrementa
479 3721 657 3812 significare
672 3725 850 3794 virtutum?
870 3728 960 3797 lllam
975 3750 1051 3798 vero
1065 3731 1165 3800 aliam
1181 3733 1326 3826 exposi-

261 3832 354 3899 tionis
367 3842 490 3921 partem
505 3832 716 3920 prudentibus
731 3837 908 3927 quibusque
926 3862 968 3906 ex
986 3841 1045 3908 ista
1061 3844 1328 3932 conjiciendam

261 3953 294 4009 et
309 3939 586 4029 contemplandam
604 3940 760 4032 relinquo.
786 3946 988 4037 sapientibus
1007 3951 1093 4022 enim
1108 3953 1248 4024 sufficit
1272 3972 1331 4020 oe·

1363 4055 1366 4138 l

1364 4189 1366 4256 t
