2682 4594
386 259 418 302 ιιι
444 259 583 302 rsiunuu
605 261 696 300 ιιιιιιιι
722 259 794 302 uou.
824 259 872 300 ιιι.
1090 236 1151 300 end

120 372 226 450 eorum
241 379 418 467 confringi,
438 379 514 445 dum
528 379 684 447 Dominus
704 378 743 444 de
767 378 886 444 insidiis
907 402 1018 445 eorum
1040 377 1153 446 liborut

106 473 244 578 ¹justum.

160 599 212 664 Vl.
225 625 239 656 ι
250 593 361 660 Melius
369 606 420 681 est
431 595 595 662 modicum
605 596 690 684 justo
701 617 796 683 super
812 594 936 668 diritius
948 607 1154 683 peccatorum

122 707 253 776 insultes
263 707 285 771 ⁵.
302 706 510 773 »Secundum
525 699 663 772 litteram
676 705 828 772 continuo
840 706 938 770 etiam
954 705 1155 794 simpliciori-

121 819 177 882 bus
191 816 369 902 quibusque
389 813 471 880 utilis
487 815 660 882 admonitio
677 827 743 888 est,
762 812 877 900 deque
893 825 926 878 et
940 814 1027 902 prius
1043 814 1155 880 dioen-

123 925 195 990 dum
206 935 272 1000 est,
285 923 428 1010 quamvis
438 923 554 990 habent
565 923 660 989 etiam
675 922 861 1010 profundius
877 920 1014 1008 aliquid,
1031 922 1155 1008 quodsi

121 1032 186 1120 quis
203 1054 316 1118 cupere
331 1030 488 1119 potuerit,
503 1031 614 1118 capiet.
637 1031 724 1109 Quid
737 1053 814 1118 ergo
829 1051 886 1094 nos
902 1027 1015 1095 docent
1030 1027 1152 1103 littero,

120 1139 290 1204 rideamus.
311 1139 348 1202 ln
366 1137 430 1202 hoc
452 1137 574 1204 mundo
593 1159 798 1202 communem
821 1137 892 1203 ritae
910 1136 1154 1204 sollicitudinem

120 1257 272 1334 geruntet
285 1245 359 1332 justi
372 1255 404 1308 et
420 1245 547 1331 injusti,
561 1256 595 1308 ut
602 1244 741 1310 habeant
752 1269 823 1332 quae
832 1245 872 1310 ad
883 1239 1004 1310 rictum¹
1015 1267 1156 1310 necessu-

121 1354 165 1418 ria
177 1365 262 1416 sunt.
280 1353 344 1417 Sed
358 1353 433 1439 justi
448 1352 578 1439 quidem
593 1375 658 1418 non
674 1364 739 1418 tam
755 1353 904 1442 propensi
919 1366 993 1418 sunt
1007 1355 1081 1440 erga
1098 1351 1156 1417 sol-

123 1459 318 1524 licitudinem
340 1459 454 1535 victus,
475 1483 571 1546 quum
591 1460 682 1525 enixe
697 1473 811 1547 gerunt
828 1461 1097 1548 justitiaeeuram,
1114 1461 1156 1524 itn

126 1579 158 1632 ut
180 1569 276 1633 etiam
298 1567 324 1630 si
345 1567 387 1630 eis
410 1567 578 1654 quaerendu
594 1579 668 1632 sunt
691 1590 760 1654 quae
779 1568 819 1633 ad
838 1569 954 1634 victum
981 1569 1157 1634 necessaris

125 1686 214 1748 sunt,
232 1675 350 1760 absque
368 1674 521 1762 injustitia
544 1687 737 1761 querantur,
759 1688 794 1739 ut
808 1677 874 1764 ipse
894 1689 1030 1763 quaestus
1046 1699 1157 1742 eorum

123 1782 174 1870 qui
190 1780 374 1866 quotidiano
393 1783 667 1848 usui-necessarius
683 1795 748 1858 est,
766 1785 942 1848 cumomni
958 1784 1077 1871 justitie
1089 1783 1154 1852 fiat.

121 1890 233 1977 lnjusti
252 1913 325 1954 vero
341 1889 419 1954 nihil
436 1903 547 1958 curent
562 1892 601 1956 de
616 1892 756 1980 justitie,
773 1891 831 1958 sed
848 1915 977 1960 omnem
996 1915 1105 1958 curem
1125 1893 1158 1957 in

121 1997 182 2064 hoo
202 1998 391 2085 impendunt
410 2000 571 2085 quomodo
589 2000 754 2087 acquirant
771 2024 779 2064 ε
798 2001 829 2064 in
846 2000 908 2066 hoc
925 2025 1037 2066 eorum
1064 2023 1159 2066 omne

122 2105 260 2171 studium
277 2117 344 2180 est,
359 2107 660 2193 quomodocumque
675 2119 707 2172 et
722 2106 963 2193 qualiacumque
979 2105 1066 2174 lucra
1084 2131 1159 2194 cup-

123 2226 189 2278 tore
202 2237 210 2277 ι
224 2236 290 2278 ιιοιι
302 2226 448 2299 quaerunt
462 2216 487 2278 si
502 2216 584 2280 bene
601 2214 783 2302 acquirant,
800 2215 824 2280 si
845 2237 918 2278 cum
935 2215 1054 2301 justitio
1069 2238 1078 2279 ε
1095 2239 1159 2279 uon

125 2331 197 2384 sunt
213 2318 336 2384 solliciti
353 2333 388 2384 nt
401 2321 521 2408 judicio
538 2322 655 2388 Christi
667 2322 868 2388 inveniantur
885 2322 1094 2410 possessiones
1110 2345 1160 2386 eo

125 2447 194 2488 rum
214 2448 288 2490 cum
303 2426 422 2512 justitia
439 2427 588 2513 quaesitae.
609 2427 779 2506 Quomodo
800 2439 932 2513 possunt
953 2427 1022 2492 haeo
1037 2428 1157 2498 lucere;

122 2532 175 2620 qui
188 2556 298 2620 agrum
312 2534 350 2597 ad
359 2557 469 2621 agrum
477 2535 696 2622 conjungunt,
709 2547 741 2597 et
750 2532 854 2600 villam
865 2533 943 2600 villae
953 2535 1158 2622 appropiant,

123 2651 158 2702 ut
171 2638 290 2726 aliquid
297 2640 610 2727 proximonulernnt²
621 2642 635 2705 Ρ
647 2642 729 2706 Cum
738 2665 813 2729 ergo
824 2638 920 2707 unum
929 2666 947 2706 e
957 2643 1081 2707 duobus
1094 2643 1163 2707 fieri

123 2767 251 2810 neeesse
271 2743 328 2819 sit,
345 2745 377 2808 id
392 2756 439 2810 est
462 2758 518 2810 aut
533 2744 630 2812 multu
648 2745 810 2833 acquirere
830 2771 905 2811 cum
921 2747 1091 2834 injustitia,
1108 2757 1163 2812 eut

125 2851 288 2916 modicum
300 2875 377 2917 cum
383 2853 502 2940 justitia
514 2903 522 2928 ,
534 2882 546 2914 ι
558 2853 670 2918 melius
678 2866 725 2918 est
735 2905 744 2930 ‚
755 2853 869 2939 inquit,
884 2855 1047 2920 modicum
1059 2856 1161 2942 justo,

74 3005 76 3008 -
127 2983 241 3048 »super
256 2961 379 3028 divitias
391 2973 597 3049 peccatorum
610 2962 835 3030 multus³.»llt
849 2987 921 3029 vere
937 2964 1023 3052 qussi
1037 2963 1163 3052 speciali

125 3069 263 3156 quodam
280 3068 372 3133 titulo
391 3067 499 3134 multae
517 3069 632 3134 divitiae
646 3071 678 3135 in
695 3071 860 3157 iniquitute
876 3083 1054 3138 censentur.
1073 3071 1165 3136 Unde

1 3253 14 3271 f
122 3189 156 3242 et
169 3201 229 3265 ego
241 3178 559 3242 urhitrorllominum
572 3177 804 3244 etSslvatorem
815 3191 977 3254 nostrum,
991 3181 1078 3267 quusi
1094 3203 1165 3244 vore

1 3273 14 3295 '⁴
122 3287 228 3350 Deum
237 3296 269 3348 et
277 3286 448 3350 Dominum
456 3285 668 3352 llammonaur
678 3287 850 3374 iniquitutis
858 3288 1082 3374 pronunciasse
1091 3311 1164 3351 cusi

11 3389 13 3396 ’
125 3392 245 3468 dixin«
257 3393 366 3458 Facite
378 3392 598 3475 robissumieos
611 3393 649 3456 de
663 3393 770 3480 iniquo
782 3393 962 3460 Mourmona
972 3395 992 3460 ⁴.
1007 3396 1103 3462 »lloeo
1116 3421 1166 3460 se-

2 3500 11 3516 '
122 3500 269 3566 cundum
280 3499 428 3566 litterum.
447 3501 618 3568 Videamus
632 3502 753 3566 nuncsi
767 3501 843 3588 quid
855 3503 952 3568 etiem
964 3504 1076 3568 secreti
1092 3527 1167 3568 con-

120 3609 225 3674 tinent
241 3631 355 3674 sermo.
368 3610 449 3674 Sunt
465 3607 564 3675 multu
576 3623 607 3674 et
617 3610 738 3676 diversa
750 3610 852 3678 studia
866 3609 1042 3676 litterarum
1057 3613 1089 3676 in
1104 3611 1166 3674 hoc

161 3768 271 3819 ¹Pulm.
292 3789 387 3827 xxxvi,
412 3771 626 3847 16.-²lssi.hv,
648 3771 672 3824 8.
690 3800 708 3808 -=
735 3769 846 3824 ⁸Psolm.
866 3792 963 3834 xxxvi,
985 3775 1023 3825 16.
1041 3801 1068 3811 -
1087 3771 1166 3825 *Luc

120 3877 218 3922 xrr,9.
