2682 4594
172 205 180 215 ¹
220 179 284 255 ado
664 191 805 236 sarasan

216 322 336 388 »serbo
345 342 410 386 non
423 318 575 394 offendit,
591 317 645 382 hie
659 317 818 404 perfectus
828 329 875 382 est
889 318 936 382 vir
945 317 984 405 ¹.)
997 344 1009 377 ι
1021 316 1164 382 Offendit
1178 341 1249 406 ergo

216 441 249 494 et
264 430 366 516 justus
378 428 411 492 in
422 427 538 500 verbo,
552 424 691 490 fortassis
703 423 799 490 ctiam
811 420 978 513 aliquando
993 436 1026 489 et
1042 424 1075 488 in
1089 424 1187 500 sacto,
1200 425 1252 490 sed

217 537 277 603 scit
295 535 483 609 emendare,
501 534 559 598 scit
575 533 732 620 corrigere
750 532 831 597 :scit
848 530 901 596 ille
915 532 969 619 qui
986 532 1106 598 dixerat
1122 555 1131 598 τ
1147 559 1160 590 ι
1179 533 1247 598 Nes

220 641 495 717 »ciohomiuem²,
506 639 693 729 »paulopost
703 662 776 705 cum
790 651 951 728 respectus
962 636 1097 705 suisseta
1108 641 1254 714 Domino,

219 753 298 818 llore
310 749 502 816 amarissime
520 772 529 814 r
543 749 602 814 scit
614 758 646 814 et
657 746 709 812 ille
721 748 775 836 qui
788 747 828 812 de
843 759 928 812 tecto
940 746 1107 812 mulierem
1120 747 1255 822 viderat,

220 871 252 924 et
268 858 472 945 concupierat
485 879 575 930 eam,
589 855 717 920 dicere«
731 854 878 942 peccari,
892 855 965 942 qaia
980 855 1037 919 tibi
1053 853 1110 918 soli
1129 855 1255 942 peccavi

221 979 275 1032 »et
293 965 413 1031 malum
433 985 540 1030 eoram
556 974 588 1028 te
607 962 697 1027 seci'.
715 990 728 1024 r
746 963 779 1027 si
794 985 870 1050 ergo
888 984 963 1027 cum
986 961 1139 1027 ceciderit
1161 964 1258 1049 justus

220 1099 286 1141 nou
306 1073 535 1162 prosteruitur,
552 1093 616 1135 nou
635 1070 833 1158 permanebit
852 1071 884 1135 in
903 1081 1058 1158 peccato,
1081 1069 1139 1134 sed
1156 1069 1260 1134 exiliet

221 1184 303 1257 cito,
320 1193 470 1270 tanquam
494 1177 620 1245 damula
635 1202 675 1242 ex
690 1179 826 1253 retibus,
847 1190 878 1244 et
898 1189 1049 1266 tanquam
1071 1178 1137 1243 aris
1157 1177 1198 1242 de
1216 1176 1258 1243 la-

222 1314 314 1378 queo.
329 1290 469 1377 lnjustus
485 1298 591 1353 autem
605 1310 670 1351 nou
686 1285 788 1352 solum
804 1296 989 1373 permanet,
1006 1285 1062 1350 sed
1076 1297 1110 1350 et
1124 1298 1258 1374 proster·

221 1399 307 1465 nitur
322 1399 354 1462 iu
369 1397 517 1486 peccatis.
533 1394 643 1460 «Iustus
655 1407 761 1460 autem
772 1393 850 1482 quid
865 1392 982 1459 faciti«
995 1394 1059 1458 Lex
1071 1393 1130 1458 Dei
1147 1395 1219 1482 ejus
1229 1394 1256 1458 iu

221 1507 339 1574 scorde
356 1507 471 1594 ipsius,
491 1517 523 1569 et
538 1528 602 1570 uon
618 1502 905 1593 supplantabuntur
920 1525 1044 1592 gressus
1059 1503 1163 1591 ejus⁴.
1185 1531 1198 1562 ι
1216 1504 1256 1567 lbi

222 1616 299 1680 dixit
319 1615 391 1702 quia
410 1613 587 1700 diriguntur
606 1635 729 1700 gressus
745 1610 883 1675 bominis
903 1610 1095 1685 aDomino,
1115 1609 1171 1676 hic
1190 1612 1255 1698 quia

222 1746 287 1788 non
302 1721 588 1809 supplantabuntur
602 1742 725 1807 gressus
741 1720 815 1805 justi
825 1767 833 1791 ,
845 1745 857 1778 a
869 1719 942 1804 quia
954 1719 1130 1792 Dominus,
1146 1719 1254 1804 inquit,

223 1828 415 1893 »coufirmat
430 1851 541 1892 manus
560 1827 640 1912 ejus.
661 1855 673 1887 a
690 1828 726 1890 ln
742 1824 802 1890 alio
817 1823 939 1914 psalmo
951 1875 959 1900 ,
972 1826 1005 1889 id
1021 1839 1070 1890 est
1085 1827 1118 1890 in
1135 1839 1254 1915 septus-

224 1937 344 2024 gesimo
356 1935 496 1999 secundo
507 1933 584 1998 dicit
596 1956 604 1996 ε
617 1933 696 1996 alllei
710 1945 816 1996 autem
829 1956 909 2021 pene
921 1935 1000 1997 moti
1013 1945 1089 1998 sunt
1099 1935 1191 2022 pedes
1204 1934 1223 1998 ⁵.
1234 1964 1246 1993 ι

224 2043 320 2122 Quod
333 2041 471 2129 idipsum
484 2041 608 2104 'videtur
628 2037 866 2127 intelligendum
882 2040 1035 2106 similiter.
1057 2043 1247 2106 proficientes

222 2150 341 2214 etenim
354 2148 393 2212 ad
407 2148 534 2212 virtutes
546 2144 632 2210 volut
644 2169 775 2212 ascensu
787 2147 1083 2234 quodam'nitimur,
1096 2149 1127 2213 in
1138 2171 1196 2236 quo
1207 2171 1252 2212 as

195 2304 201 2315 1
222 2279 320 2324 censu
336 2256 360 2320 si
377 2256 446 2341 quis
458 2255 582 2320 labatur
592 2266 625 2318 et
637 2255 778 2330 decidat,
792 2255 982 2320 ascensionis
995 2279 1060 2320 suae
1077 2259 1180 2345 perdit
1190 2281 1258 2346 pro

222 2365 351 2430 fectum.
367 2363 460 2427 lstius
472 2385 547 2451 ergo
560 2361 650 2427 effusi
667 2375 740 2427 sunt
755 2386 888 2450 gressus.
902 2363 971 2429 Hoc
987 2376 1094 2430 autem
1111 2365 1170 2442 sit,
1188 2389 1258 2432 cum

222 2472 291 2559 quis
312 2482 385 2559 post
399 2469 576 2558 proiectum
597 2481 769 2535 retrorsum
785 2470 879 2534 suerit
894 2493 1065 2536 convorsus
1083 2496 1091 2536 :
1113 2473 1200 2538 sicut
1216 2498 1261 2539 ac·

113 2669 116 2676 ¹
222 2579 299 2646 cidit
317 2590 349 2642 et
367 2578 456 2642 uxori
473 2576 573 2652 Loth,
593 2601 661 2664 quae
680 2578 916 2667 ingrediebatur
936 2581 1017 2644 bene
1032 2583 1205 2668 egrediens
1227 2583 1261 2647 de

221 2685 387 2760 Sodomis,
403 2696 435 2749 et
450 2683 602 2774 effugiens
618 2707 727 2773 poenas
741 2683 899 2750 malorum
914 2686 1157 2774 ingrediebatur
1173 2702 1207 2754 et
1221 2714 1264 2756 as·

220 2795 376 2860 condebat
389 2793 428 2858 ad
440 2803 581 2856 montem
595 2816 658 2880 quo
670 2791 790 2880 Angelo
803 2792 887 2858 duce
899 2795 1070 2882 pergebat⁶
1084 2819 1093 2860 :
1110 2799 1171 2864 sed
1187 2822 1265 2886 quo

220 2900 305 2966 niam
326 2911 436 2964 contra
460 2899 644 2966 mandatum
663 2900 720 2964 Dei
743 2900 836 2975 sccit,
854 2902 940 2987 quod
962 2904 1047 2988 jussa
1070 2901 1182 2972 fue'rat
1206 2929 1268 2972 noa

220 3005 376 3091 respicere
395 3014 568 3067 retrorsum
588 3025 691 3090 nequo
710 3017 792 3068 stare
809 3005 841 3068 iu
858 3007 944 3071 omui
966 3007 1096 3094 regione
1119 3007 1198 3086 illa,
1218 3010 1271 3076 sed

219 3113 260 3178 ad
275 3123 417 3176 montem
433 3111 618 3186 ascendere,
634 3123 728 3198 atque
744 3112 787 3176 ibi
808 3110 936 3189 salvari,
954 3136 1028 3178 cum
1049 3139 1216 3185 conversa
1235 3120 1271 3184 ad

219 3220 391 3309 posteriora
407 3229 581 3282 retrorsum
601 3207 755 3306 respexit,
772 3220 814 3284 ibi
831 3219 920 3286 effusi
936 3233 1011 3286 suut
1030 3247 1164 3310 gressus
1181 3229 1272 3316 eiras,
1318 3199 1319 3226 l

218 3342 250 3394 et
265 3326 401 3416 perdidit
417 3347 510 3389 omne
525 3326 611 3411 quod
623 3327 724 3392 fuerat
738 3339 810 3392 oute
826 3327 963 3416 digressa
975 3380 985 3405 ,
998 3336 1185 3418 permansit
1199 3359 1275 3424 per·
1318 3325 1319 3408 l

218 3438 301 3502 secta
317 3433 518 3500 statuuncula
535 3434 616 3499 salis.
628 3436 696 3501 Hoc
711 3449 758 3502 est
774 3437 860 3523 quod
871 3438 1027 3504 Dominus
1042 3441 1076 3506 iu
1091 3444 1279 3534 Evangelio

219 3545 295 3610 dicit
313 3567 320 3608 :
339 3543 468 3609 «Nemo
487 3542 614 3608 mittens
630 3567 760 3610 manum
780 3568 870 3611 suam
886 3545 925 3610 ad
942 3559 1106 3626 aratrum,
1124 3565 1162 3617 et
1189 3567 1279 3620 retro

254 3702 360 3752 ⁵Jacob.
376 3695 778 3767 111‚2.-²Ma1·c.11v,71.--
799 3695 984 3763 ι1)εαΙιιι.ι,,6.
1040 3701 1102 3756 lla,
1117 3724 1229 3772 xxm,
1241 3711 1282 3761 31·

220 3819 247 3831 -
260 3797 272 3830 ⁸
284 3791 322 3842 Id.
334 3807 421 3850 saxu,
438 3807 460 3839 2.
473 3785 661 3839 -⁶Gen.x1x.
