2744 4624
379 299 409 342 ut
435 296 566 340 annosus
588 296 718 340 ιιοιιιιιι
741 298 810 340 ιιιιι.
1065 281 1102 342 Gr

81 423 232 492 philistini
245 417 446 508 repleverunt
462 427 555 480 term.
575 416 638 480 llos
653 437 729 504 ergo
743 416 882 503 primum
901 439 1037 505 purgare
1054 443 1109 508 ag-

80 535 223 626 greditur
243 532 342 595 Isaac.
369 523 525 590 Philistini
548 545 644 610 aquas
659 522 807 597 oderunt,
828 535 943 588 terram
964 523 1107 613 diligunt.

82 647 171 710 lsaao
187 662 283 728 aquas
297 634 412 724 diligit,
428 645 541 721 puteos
559 653 684 719 semper
703 631 828 719 quaerit,
846 645 964 698 veteres
982 647 1110 722 purgat,

85 773 185 818 novos
197 746 301 836 aperit.
317 745 447 838 lntuero
460 753 604 806 nostrum
620 741 721 815 lasau,
735 742 788 829 qui
804 765 861 829 pro
878 743 970 807 nobis
987 743 1112 808 oblatus

90 874 139 926 ost
153 860 264 932 hostia,
279 855 458 920 venientem
470 852 503 916 in
515 849 626 916 vallem
638 849 841 926 Gerararnm.
854 875 949 938 qnam
961 853 1113 941 interpre-
1178 901 1186 914 .

93 982 198 1034 tantm
207 965 389 1036 maneriam,
405 963 470 1028 sive
485 981 612 1048 sepem
632 961 823 1036 venientem,
835 961 976 1049 inquom,
994 975 1029 1026 ut
1044 985 1113 1026 me-

91 1080 175 1144 dium
191 1076 345 1165 parietem
359 1072 484 1158 sepiens
500 1067 601 1134 solvat
615 1068 795 1135 inimicitias
812 1070 844 1135 in
855 1093 951 1136 carno
966 1094 1022 1135 sua
1031 1094 1041 1142 ς
1060 1093 1115 1135 re-

86 1189 226 1253 nientem
240 1183 350 1249 tollere
361 1180 547 1253 maneriam,
560 1178 593 1243 id
604 1191 665 1253 est,
677 1192 856 1268 peecatum,
869 1182 954 1267 qnod
966 1182 1049 1246 inter
1059 1205 1117 1246 uos

88 1307 216 1384 separat
226 1304 259 1358 et
268 1293 386 1365 Deum,
397 1289 580 1360 maceriam,
595 1311 666 1375 quaa
677 1301 724 1354 est
736 1289 839 1354 media
851 1291 933 1354 inter
944 1312 1000 1354 nos
1011 1302 1043 1354 et
1057 1313 1119 1356 coe·

88 1407 185 1472 lestes
197 1405 344 1474 virtutes,
358 1412 392 1464 ut
409 1398 501 1464 laoiat
522 1410 655 1484 utroque
673 1421 786 1472 unum,
799 1409 830 1462 et
845 1421 1017 1486 ovemque
1034 1423 1120 1465 arra-

98 1525 188 1578 verat
202 1508 344 1575 hanseris
358 1508 418 1571 suis
431 1517 570 1595 reportet
585 1507 626 1570 ad
642 1517 779 1580 montes,
791 1519 823 1570 et
839 1508 980 1572 restituat
991 1509 1031 1572 ad
1046 1507 1121 1573 alias

102 1620 272 1708 nonaginta
289 1639 398 1682 norem
412 1639 478 1703 qun
491 1638 558 1682 non
573 1629 769 1680 erraverunt.
785 1617 844 1682 llio
858 1639 934 1707 ergo
950 1618 1038 1684 lsaao
1056 1616 1122 1682 Sal-

98 1741 188 1795 rator
199 1739 317 1800 noster,
331 1747 401 1791 eum
414 1726 548 1790 venisset
563 1725 595 1788 in
606 1725 698 1790 istam
710 1723 824 1790 vollem
840 1706 1044 1802 Garumnam,
1056 1727 1122 1813 pri-

94 1860 182 1904 mum
193 1835 337 1901 omnium
349 1832 416 1900 illos
429 1846 541 1921 puteos
553 1833 661 1898 fodere
672 1832 772 1899 soluit
782 1858 861 1921 quos
876 1835 1022 1903 sodurant
1034 1836 1124 1924 pueri

93 1948 194 2014 Patris
209 1947 272 2018 sni;
288 1945 378 2032 Legis
396 1942 516 2010 seilicet
533 1955 565 2008 et
581 1943 811 2031 Prophetarum
831 1944 928 2011 voluit
947 1959 1059 2034 puteos
1079 1948 1125 2011 in-

95 2079 224 2131 novare,
240 2077 320 2143 quos
335 2052 490 2119 Philistiui
506 2066 589 2118 terro
605 2051 812 2141 repleverant.
829 2055 890 2133 Qui
910 2065 983 2120 sunt
1002 2057 1051 2120 isti
1071 2057 1123 2142 qni

99 2181 181 2230 terra
192 2176 304 2252 puteos
318 2159 462 2249 replent?
475 2159 522 2226 llli
534 2162 601 2225 sine
613 2160 711 2226 dubio
724 2163 777 2248 qni
790 2163 821 2227 in
837 2161 905 2251 lege
921 2175 1078 2230 terrenum
1093 2176 1125 2226 et

103 2268 257 2336 carnalem
275 2265 513 2354 intelligentiam
535 2279 671 2354 ponunt,
690 2280 721 2331 et
742 2267 935 2355 spiritualem
955 2293 993 2336 ae
1012 2270 1127 2357 mysti-

108 2402 177 2444 cam
199 2375 356 2449 claudunt,
381 2387 417 2439 ut
441 2398 543 2460 nequa
564 2375 624 2463 ipsi
646 2375 770 2449 bibant,
794 2399 896 2464 neque
919 2377 995 2442 ulios
1019 2379 1128 2442 hibero

103 2486 296 2575 permittant.
310 2485 392 2551 dudi
406 2485 494 2549 lsaoo
505 2485 678 2550 Dominum
690 2497 833 2548 nostrum
846 2485 956 2550 lesum
970 2485 1131 2550 Christum

102 2597 132 2660 in
144 2593 319 2683 Evangeliis
330 2594 490 2659 dicentem
503 2615 511 2656 ε
532 2592 610 2658 «Vae
626 2594 726 2667 vobis,
743 2593 863 2660 Scribe
875 2606 908 2658 et
918 2594 1064 2660 Pharisaei
1076 2595 1132 2682 hy-

102 2705 275 2794 »pocritael
293 2703 444 2792 quoniam
459 2701 571 2768 tulistis
587 2701 710 2769 clavem
725 2705 876 2779 scientiae,
900 2717 932 2769 ot
951 2727 1054 2793 neque
1075 2706 1132 2793 ipsi

100 2843 112 2872 ι
127 2811 295 2884 introistis,
313 2832 414 2897 neque
433 2809 550 2874 intrare
565 2807 705 2874 volentos
726 2810 941 2897 permisistis'.
958 2841 971 2872 a
990 2813 1044 2877 lsti
1060 2826 1133 2878 sunt

100 2945 172 3010 ergo
188 2920 245 3008 qui
261 2930 374 3008 puteos
390 2921 468 3005 quos
483 2916 628 2983 foderant
642 2919 923 3005 puertubraham,
937 2930 1019 2986 terra
1035 2920 1134 3008 reple·

104 3041 227 3102 nomm,
243 3027 300 3122 ¹qui
317 3025 419 3114 legem
442 3024 608 3091 carnaliter
628 3025 758 3102 docent,
779 3039 811 3090 et
829 3050 925 3114 aquus
945 3031 1044 3094 sancti
1061 3029 1135 3118 Spi-

102 3140 177 3204 ritus
194 3135 377 3208 maeulant;
396 3137 450 3221 qui
473 3147 584 3223 puteos
599 3135 639 3201 ad
659 3135 722 3201 hoo
737 3135 867 3211 habent,
884 3159 947 3202 non
964 3152 1000 3202 ut
1021 3159 1134 3225 aquom

102 3248 281 3338 praeferant,
301 3245 358 3310 sod
375 3256 409 3308 ut
433 3255 549 3308 terram
571 3255 701 3331 ponant.
722 3244 785 3309 llos
805 3267 880 3332 ergo
898 3257 1010 3333 puteos
1025 3267 1136 3334 aggre-

106 3359 184 3422 ditur
206 3355 322 3421 lodero
343 3354 442 3418 lsano.
461 3354 501 3417 Et
524 3352 683 3418 videamus
704 3353 862 3438 quomodo
878 3377 932 3418 eos
947 3354 1035 3420 sodit.
1056 3355 1138 3418 Cum

112 3467 306 3549 puerilem,
320 3461 375 3550 qui
387 3473 460 3526 aunt
472 3460 614 3550 Apostoli
631 3461 758 3527 Domini
771 3464 882 3540 nostri,
896 3465 1078 3541 transirent,
1093 3465 1140 3530 in-

113 3575 184 3661 quit,
198 3600 255 3664 per
278 3583 406 3662 segetes
422 3573 553 3638 sabbato
576 3569 733 3636 vellebant
749 3573 861 3661 spicas,
878 3586 909 3638 et
928 3574 1142 3640 confricantes

108 3687 246 3752 manibus
258 3683 514 3750 munducabant.
530 3680 620 3746 Tune
637 3705 712 3770 orgo
724 3683 872 3748 dicebant
883 3685 911 3747 ei
925 3685 973 3748 isti
990 3685 1042 3771 qui
1057 3696 1140 3747 terra

101 3795 302 3886 repleverunt
319 3804 435 3882 puteos
449 3790 549 3854 Putris
564 3791 632 3880 ojus
652 3815 659 3854 :
679 3817 690 3849 ι
709 3793 789 3855 Ecce
806 3791 949 3877 discipuli
963 3791 1007 3854 tui
1021 3789 1141 3854 iaciunt

131 3925 138 3957 ¹
153 3927 216 3974 Luc.
229 3943 266 3984 ιι,
280 3925 324 3970 52.
