2702 4610
237 235 297 311 152,
680 257 822 300 enisurus

236 373 377 438 Hebraeis
393 374 552 440 scribebat
567 373 739 463 Epistulam
756 398 764 438 :
781 374 848 440 aliis
864 397 938 441 vero
954 375 1079 440 videtur
1092 373 1197 464 quod,
1214 398 1272 464 pra

234 471 458 570 mysteriorum
471 486 701 574 magnitudine,
714 509 808 550 omaro
826 498 948 573 tempus
964 487 1124 573 praesentis
1141 487 1217 550 vitae
1233 487 1272 550 ad

234 591 303 657 laceo
322 591 517 681 explananda
539 594 689 659 idoneum
707 607 810 682 neget.
826 593 945 660 Verum
960 617 1024 659 non
1041 617 1273 682 usquequaque

236 703 338 766 tristes
357 725 413 766 nos
429 701 578 790 relinquit
594 701 776 792 Apostolus,
795 704 863 778 sed,
878 715 912 767 ut
927 704 985 768 sibi
1003 703 1099 768 moris
1118 713 1182 776 est,
1195 725 1271 790 ape-

236 812 277 874 rit
292 833 393 898 pauca
409 811 449 877 de
463 811 594 877 multis:
612 825 646 877 ut
660 810 804 878 clausum
820 813 859 876 sit
874 811 1004 899 quidem
1020 809 1271 899 negligentibus,

234 921 412 985 inveniatur
426 933 532 986 autem
549 947 566 986 a
580 920 791 1009 pulsantibus,
811 933 843 984 et
865 921 1079 1008 quaerentibus
1094 920 1269 1008 aperiatur.

237 1029 363 1117 Repetit
376 1053 452 1119 ergo
468 1053 594 1096 rursum
611 1030 651 1094 de
666 1027 886 1104 tabernaculo,
899 1039 930 1094 et
946 1029 1024 1095 dicit
1040 1051 1048 1091 :
1069 1053 1081 1088 a
1097 1027 1171 1094 Non
1187 1029 1271 1093 enim

238 1140 295 1204 ain
312 1153 420 1206 sanctu
440 1141 635 1207 manufacta
652 1125 810 1227 ingressus
826 1150 873 1203 est
888 1139 982 1204 lesus
1003 1136 1195 1225 exemplaria
1220 1161 1271 1202 ve-

236 1277 250 1310 »
264 1272 386 1325 rorum,
399 1249 456 1314 sed
472 1251 504 1314 in
523 1250 627 1336 ipsum
642 1246 773 1322 crolum,
787 1258 821 1311 ut
834 1259 984 1334 appareat
999 1269 1086 1311 nuno
1100 1245 1202 1311 vultui
1215 1246 1270 1311 Dei

237 1381 322 1446 »per
342 1356 498 1432 velamen,
519 1359 552 1422 id
572 1370 619 1422 est
636 1381 695 1444 per
709 1379 839 1422 carnem
855 1355 977 1421 suam⁴.
1000 1386 1012 1417 ι
1035 1355 1099 1435 Qui
1119 1377 1199 1444 ergo
1218 1379 1270 1420 ve

238 1465 342 1532 lamen
368 1467 525 1532 interioris
549 1464 745 1532 tabernaculi
768 1489 896 1532 caruem
913 1465 1029 1530 Christi
1046 1466 1269 1552 interpretatus

237 1591 297 1651 ost,
315 1589 422 1643 saneta
439 1589 546 1641 autem
563 1577 666 1665 ipsum
680 1573 863 1641 ooelumvel
878 1573 990 1649 coelos,
1007 1573 1181 1639 Dominum
1196 1597 1269 1638 rere

239 1688 400 1754 Christum
428 1687 627 1776 pontificem,
651 1711 788 1774 eumque
811 1687 887 1754 dioit
913 1685 1096 1750 introiisse«
1115 1680 1204 1749 semel
1232 1685 1265 1748 in

239 1828 251 1859 »
267 1812 386 1874 saneta,
403 1810 518 1863 aeterna
534 1798 752 1886 redemptione
768 1797 895 1862 inventa
906 1794 1001 1870 ²,sex
1016 1795 1064 1860 his
1080 1793 1190 1882 paucis
1203 1815 1266 1858 ser

241 1907 400 1982 monibus,
417 1907 441 1971 si
457 1908 526 1994 quis
541 1904 717 1994 intelligere
733 1906 820 1971 novit
834 1904 923 1969 Pauli
939 1927 1080 1979 sensum,
1094 1917 1199 1991 potest
1213 1904 1267 1969 ad-

240 2027 362 2086 vertere
388 2028 542 2104 quantum
566 2016 657 2082 nobis
682 2015 896 2104 intelligentiae
922 2012 1052 2103 pelagus
1074 2014 1265 2101 patefecerit.

239 2125 302 2189 Sed
315 2124 368 2213 qui
381 2125 455 2190 satis
466 2137 574 2190 amant
585 2123 721 2190 litteram
739 2123 815 2212 legis
831 2121 943 2210 lloysi,
957 2124 1192 2211 spiritum'rero
1203 2125 1267 2210 ejus

239 2233 412 2322 refugiunt,
429 2248 612 2323 suspectum
628 2235 747 2300 habent
762 2230 950 2322 Apostolum
966 2231 1099 2298 Paulum
1116 2234 1269 2320 interpre-

240 2343 374 2409 tationes
390 2344 610 2432 hujusoemodi
623 2345 847 2433 proferentem.

283 2452 454 2520 Videamus
473 2477 549 2542 ergo
563 2454 588 2518 si
610 2477 674 2522 non
697 2454 792 2518 otiam
808 2465 952 2518 veterum
971 2465 1150 2518 sanctorum
1169 2446 1265 2536 aliqui

240 2564 423 2653 opinionem
440 2561 636 2627 tabernaculi
655 2560 747 2650 longe
763 2561 857 2627 aliam
875 2585 971 2651 quam
988 2563 1037 2628 isti
1054 2584 1141 2627 nune
1163 2560 1271 2626 existi-

240 2683 341 2746 mant,
351 2672 502 2736 habuere.
513 2671 613 2737 David
622 2694 772 2759 namque,
782 2673 914 2737 eximius
923 2671 1167 2761 Prophetarum,
1178 2693 1270 2758 quam

243 2779 410 2866 taragnilico
424 2779 464 2844 de
482 2778 688 2845 tabernaculo
704 2782 811 2856 sentit,
828 2779 968 2847 ausculta
986 2803 994 2845 :
1014 2782 1127 2846 «Dum
1142 2781 1270 2855 dieitur,

242 2889 391 2972 siaaqait,
411 2889 489 2955 mihi
505 2913 562 2977 per
580 2888 718 2977 singulos
734 2889 812 2964 dies,
835 2890 893 2954 Ubi
916 2902 964 2954 est
987 2890 1072 2955 Deus
1092 2889 1192 2955 tunsi
1207 2889 1274 2956 baee

244 3025 256 3056 a
270 3009 464 3062 memoratus
477 3021 561 3073 sum,
573 3011 606 3062 et
622 2999 719 3066 elladi
731 3001 763 3064 in
776 3022 828 3064 me
840 3000 977 3065 animam
990 3023 1109 3077 meam,
1122 3002 1272 3089 quoniam

243 3131 255 3164 a
272 3104 429 3192 ingrediar
441 3105 472 3170 in
487 3104 593 3172 lorum
611 3109 806 3173 tabernaculi
822 3108 1029 3184 admirabilis,
1043 3133 1143 3198 usque
1160 3111 1200 3176 ad
1217 3112 1274 3175 do-

244 3239 256 3272 a
272 3233 359 3275 mum
370 3211 429 3274 Dei
439 3210 485 3276 ’.ι
499 3213 540 3276 Et
554 3213 669 3278 iterum
681 3225 794 3301 quarto
807 3213 932 3280 decimo
943 3213 1064 3303 psalmo
1077 3215 1155 3281 dieit
1168 3237 1176 3280 ε
1191 3241 1205 3276 ι
1218 3216 1275 3280 Do

244 3321 373 3396 amine,
394 3322 463 3407 quis
489 3320 645 3388 habitabit
667 3323 700 3388 in
725 3325 929 3390 tabernaculo
955 3325 1038 3390 tuoi'
1055 3337 1111 3389 aut
1135 3326 1209 3413 quis
1233 3349 1275 3390 re·

244 3458 256 3490 a
272 3429 413 3516 quiescet
428 3430 459 3494 in
471 3444 702 3499 montesancto
716 3435 867 3513 tuolQui
878 3435 1039 3522 egreditur
1054 3436 1122 3500 sine
1134 3433 1272 3506 macula,

244 3569 256 3602 ι
271 3553 303 3602 et
318 3549 468 3626 operatur
482 3540 650 3626 justitiam,
662 3541 746 3607 etot
761 3571 773 3604 a
791 3541 879 3622 Quid
895 3565 971 3631 ergo
986 3555 1034 3610 est
1049 3544 1108 3610 iste
1124 3543 1218 3610 loeus
1234 3557 1275 3610 ta-

243 3647 408 3715 bernaculi
424 3649 629 3726 admirabilis,
642 3675 681 3716 ex
696 3675 758 3740 quo
773 3653 956 3741 pervenitur
973 3653 1126 3741 usquead
1141 3654 1273 3720 domum

243 3757 313 3832 Dei,
330 3759 422 3848 cujus
437 3760 511 3847 quia
527 3782 649 3826 memor
665 3761 767 3825 sactus
782 3772 842 3836 est,
860 3760 958 3828 effusa
974 3774 1021 3827 est
1036 3762 1068 3827 in
1083 3762 1153 3850 ipso
1169 3763 1272 3830 anima

278 3883 287 3919 ¹
302 3885 370 3937 flet.
386 3904 420 3949 rx,
433 3888 472 3946 al.
482 3915 512 3926 -
524 3887 534 3920 ²
545 3887 614 3938 lbid·
629 3887 1102 3952 12.-³malama-*Putria
1118 3905 1139 3948 ι,
1154 3903 1178 3940 2.
1248 3891 1255 3913 ‘
