2644 4612
303 302 334 346 m
359 299 520 345 canrrcou
545 303 747 348 canrrconuu
772 307 831 350 ιιι.
860 305 905 347 ιιι.
1064 283 1128 360 483

93 417 244 505 diximus)
255 419 285 482 in
294 423 491 506 protectione
504 419 574 485 Filii
585 422 660 493 Dei,
675 420 723 486 sel
736 422 839 486 anima
854 421 1009 509 refugiens
1021 443 1131 486 omncs

93 527 231 614 reliquus
250 528 423 604 doctrinas,
444 542 476 593 et
492 529 653 594 adhaerens
675 531 729 594 uni
750 528 807 593 soli
831 531 927 596 verbo
946 531 1021 605 Dei,
1039 531 1131 618 crrjus

8 667 11 674 ·
94 636 194 700 etiam
210 634 335 700 dulcem
350 635 467 702 habeat
483 638 515 701 in
534 637 677 702 faucibus
696 637 853 711 fructum,
868 638 1051 703 meditando
1070 639 1134 702 sci-

97 742 172 808 licet
184 743 394 807 indesinenter
404 745 521 833 Legem
534 745 609 820 Dei,
622 757 653 810 et
666 765 789 833 semper
801 766 872 809 enm
884 743 1132 810 velutmundum

98 849 212 916 animal
233 852 434 920 ruminando.
454 851 574 918 Verum
597 851 636 917 de
657 850 864 940 appellatione
882 853 1005 916 umbras
1024 854 1131 927 istius,

95 957 233 1042 subque
252 955 361 1020 sedere
380 957 567 1045 concupisse
585 955 711 1021 sedicit
729 954 888 1030 Ecclesia,
906 977 969 1020 non
986 969 1065 1044 puto
1076 957 1134 1021 ab-

94 1064 249 1137 surdum,
266 1063 291 1127 si
304 1087 339 1128 oa
352 1087 423 1151 qum
434 1065 575 1130 invenire
588 1085 756 1152 possumus
768 1064 799 1127 in
814 1063 985 1151 Scripturis
1000 1063 1131 1138 divinis,

33 1253 38 1261 ι
93 1173 293 1260 proferamus
310 1175 342 1238 in
356 1154 515 1250 medium,
534 1188 568 1238 ut
586 1163 656 1262 quse
675 1175 715 1240 sit
733 1177 846 1240 umbra
862 1175 936 1240 moli
953 1177 1049 1262 husius
1064 1174 1136 1266 dig-

95 1281 168 1345 nius
189 1293 221 1344 et
242 1281 376 1346 divinius
401 1294 599 1371 agnoscatur.
621 1283 673 1348 Ait
691 1283 865 1347 Hieremias
884 1281 916 1347 in
935 1282 1137 1349 lamentatio-

94 1390 189 1454 nibus
208 1411 217 1453 t
241 1391 403 1477 «Spiritus
418 1389 523 1458 vultus
539 1392 638 1455 nostrl
655 1391 800 1455 Christus
815 1392 970 1456 Dominus
987 1415 1134 1480 conspre-

95 1496 235 1562 »heusus
262 1510 309 1562 est
335 1499 368 1562 in
394 1499 651 1586 corruptionibus
675 1500 811 1574 nostris,
839 1500 891 1564 cui
920 1501 1074 1574 diximus,
1104 1500 1134 1565 in

1 1647 2 1672 1
96 1606 233 1669 »umbra
249 1606 318 1692 ejus
337 1607 475 1672 vivemus
491 1605 522 1670 in
539 1606 686 1694 gentibus
700 1607 722 1669 ¹.
740 1633 752 1666 ι
772 1607 867 1672 Vides
885 1627 961 1694 ergo
976 1608 1132 1694 quomoda

1 1727 2 1730 ’
99 1711 220 1798 Spiritu
237 1724 346 1778 sancto
362 1723 525 1802 permotus
544 1713 697 1800 propheta
719 1714 814 1778 vitam
830 1714 869 1778 de
885 1715 998 1780 umbra
1019 1713 1135 1781 Christi
1182 1719 1185 1726 ’

1 1837 3 1876 t
99 1821 231 1905 praeberi
245 1821 390 1908 gentibus
408 1821 505 1897 dicit,
525 1831 558 1885 et
576 1821 737 1908 quomodo
757 1843 820 1886 ιιοιι
837 1822 931 1886 vitam
947 1823 1039 1886 nobis
1054 1847 1136 1911 prm-

1 1947 2 1984 ι
93 1927 170 1990 beat
193 1929 262 2014 ejus
286 1930 418 2003 umbro,
442 1951 518 1993 cum
540 1941 574 1992 et
595 1929 627 1993 in
650 1941 809 2016 conceptu
829 1931 970 2018 corporis
991 1929 1074 1996 illius
1095 1933 1136 1997 ad

1 2056 3 2092 ι
92 2033 229 2099 Mariam
244 2035 390 2100 dicatur:
413 2035 574 2123 «Spiritus
586 2048 713 2100 sanctus
728 2038 833 2101 veniet
847 2060 942 2126 super
957 2051 1008 2114 te,
1024 2053 1056 2104 et
1072 2041 1135 2104 vir-

92 2153 171 2204 ·tus
188 2139 328 2208 altissimi
344 2143 550 2208 obumbrabit
566 2143 622 2206 tibi
633 2142 669 2206 'i
685 2170 697 2203 ι
719 2143 753 2208 Si
768 2165 844 2230 ergo
858 2147 1063 2212 obumbratio
1078 2149 1137 2212 fuit

90 2244 239 2311 altissimi
263 2245 295 2310 in
318 2256 492 2333 conspeetu
514 2246 656 2333 corporis
679 2247 767 2333 ejus,
795 2247 910 2312 merito
933 2251 1045 2314 umbra
1068 2252 1136 2337 ejus

92 2352 194 2416 vitam
214 2351 359 2440 gentibus
380 2353 478 2420 dabit.
495 2353 536 2417 Et
555 2355 670 2417 merito
692 2367 805 2442 sponso
825 2355 895 2440 ejus
914 2355 1055 2422 Ecclesia
1076 2359 1136 2424 sub

89 2455 172 2523 meli
193 2457 304 2522 umbra
320 2458 430 2522 sedere
449 2456 667 2546 concupiscit}
689 2458 756 2522 sine
778 2457 876 2522 dubio
899 2471 937 2522 ut.
955 2459 1040 2535 vite,
1064 2485 1136 2549 que

86 2577 144 2631 cst
156 2567 187 2630 in
198 2567 267 2651 ejus
281 2566 410 2638 umbra,
423 2566 580 2653 particeps
593 2565 658 2630 liat.
671 2563 878 2652 Reliquorum
891 2589 965 2632 vero
976 2566 1135 2656 lignorum
1230 2561 1234 2563 ⁸

88 2673 191 2762 sylvae
208 2675 320 2740 umbra
336 2672 406 2739 talis
416 2685 484 2748 est,
499 2686 533 2738 ut
545 2671 598 2762 qui
611 2674 728 2738 sederit
740 2676 798 2739 sub
811 2675 898 2763 ipsa,
913 2675 1022 2741 sedere
1036 2679 1139 2746 adea·

90 2793 151 2844 tur
162 2779 193 2842 in
206 2779 333 2868 regione
346 2778 467 2845 umbrae
480 2780 602 2844 mortis.
622 2779 685 2844 Sed
697 2779 804 2845 adbuc
820 2790 854 2844 ut
868 2783 968 2869 magis
984 2805 1021 2848 ac
1037 2786 1136 2872 magis

88 2886 221 2977 planior
234 2888 386 2953 reddatur
399 2886 489 2954 locus
500 2889 554 2976 qui
566 2888 702 2953 babetur
713 2889 744 2952 in
757 2889 924 2964 manibus,
939 2891 1134 2978 requiramus

87 2996 258 3083 quomodo
273 2994 442 3085 Apostolus
460 2995 561 3071 dicat,
582 2997 698 3084 Legem
716 2999 862 3062 umbram
879 2999 996 3062 babere
1010 2999 1132 3066 futuro-

53 3133 56 3137 ·
89 3123 169 3169 rum
186 3105 362 3179 bonorum,
377 3114 409 3168 et
424 3103 529 3168 omnio
546 3125 616 3191 quae
631 3102 680 3167 vel
696 3104 735 3168 de
748 3104 859 3168 diebus
872 3104 977 3181 festis,
998 3106 1044 3171 rel
1061 3109 1134 3174 sab·

1 3279 2 3288 ¹
93 3211 198 3285 batis,
219 3211 267 3276 vel
286 3213 459 3276 neomeniis
479 3212 595 3298 scripta
615 3223 706 3286 sunt,
728 3213 874 3277 umbram
895 3235 964 3278 esse
978 3229 1133 3280 memoret

94 3317 277 3384 l'uttuornm
294 3321 451 3384 bonorum
462 3309 519 3395 ‚in
529 3317 578 3382 his
591 3317 713 3384 scilicet
724 3338 793 3406 quae
805 3320 979 3386 secundum
996 3321 1133 3388 litteram

1 3475 3 3482 ,
91 3425 327 3516 gerebantur¹:
344 3439 375 3491 et
387 3425 550 3514 quomodo
560 3447 689 3491 omnam
702 3437 843 3492 veterum
855 3425 1012 3494 culturam
1024 3453 1130 3494 exem-

91 3532 167 3623 plar
181 3545 213 3598 et
230 3537 374 3600 umbram
391 3535 575 3623 pronuntiet
589 3555 656 3599 esse
670 3532 856 3600 celestium.
875 3537 972 3616 Quod
984 3535 1114 3622 utiquesi

84 3643 135 3708 ita
151 3651 219 3716 est,
235 3642 445 3708 ostenduntur
456 3643 514 3706 sub
528 3643 640 3708 umbra
652 3643 1125 3730 Legissodisseomnesquicum·

78 3771 156 3839 que
168 3743 227 3814 sub
240 3751 322 3839 Lege
331 3763 420 3816 eront
432 3802 440 3827 ,
454 3762 485 3815 et
498 3751 644 3814 umbram
658 3749 756 3838 magis
766 3772 846 3816 voras
854 3749 943 3838 Legis
954 3749 1125 3818 babebent.

131 3889 140 3924 ¹
157 3895 247 3943 Tbrrn.
260 3913 294 3956 ιν,
304 3913 343 3946 no.
359 3926 388 3934 —
401 3893 411 3926 ²
426 3897 488 3946 Luc.
500 3914 526 3960 r,
539 3895 580 3947 35.
594 3925 626 3934 υ-
637 3891 726 3946 ¹Hebr.
740 3915 765 3944 x.
796 3913 798 3922 ·
