<?xml version="1.0" encoding="UTF-8"?>
<!DOCTYPE html PUBLIC "-//W3C//DTD XHTML 1.0 Transitional//EN"
    "http://www.w3.org/TR/xhtml1/DTD/xhtml1-transitional.dtd">
<html xmlns="http://www.w3.org/1999/xhtml" xml:lang="en" lang="en">
 <head>
  <title>
</title>
<meta http-equiv="Content-Type" content="text/html;charset=utf-8" />
  <meta name='ocr-system' content='tesseract 3.04.00' />
  <meta name='ocr-capabilities' content='ocr_page ocr_carea ocr_par ocr_line ocrx_word'/>
</head>
<body>
  <div class='ocr_page' id='page_1' title='image "./collectioselect01guilgoog_0173.png"; bbox 0 0 2702 4610; ppageno 0'>
   <div class='ocr_carea' id='block_1_1' title="bbox 363 281 1090 374">
    <p class='ocr_par' dir='ltr' id='par_1_1' title="bbox 363 281 1090 374">
     <span class='ocr_line' id='line_1_1' title="bbox 363 281 1090 374; baseline -0.029 -2"><span class='ocrx_word' id='word_1_1' title='bbox 363 327 398 374; x_wconf 82' lang='lat' dir='ltr'><strong>rr</strong></span> <span class='ocrx_word' id='word_1_2' title='bbox 422 323 548 372; x_wconf 81' lang='lat' dir='ltr'><strong>axonnu</strong></span> <span class='ocrx_word' id='word_1_3' title='bbox 570 319 701 368; x_wconf 77' lang='lat' dir='ltr'><strong>nouum</strong></span> <span class='ocrx_word' id='word_1_4' title='bbox 722 281 782 363; x_wconf 70' lang='lat' dir='ltr'><strong>ruo</strong></span> <span class='ocrx_word' id='word_1_5' title='bbox 796 305 808 320; x_wconf 89' lang='grc'><strong>·’</strong></span> <span class='ocrx_word' id='word_1_6' title='bbox 1031 288 1090 374; x_wconf 70' lang='lat' dir='ltr'><strong>¹⁰ss</strong></span> 
     </span>
    </p>
   </div>
   <div class='ocr_carea' id='block_1_2' title="bbox 57 427 1178 1082">
    <p class='ocr_par' dir='ltr' id='par_1_2' title="bbox 57 427 1178 1082">
     <span class='ocr_line' id='line_1_2' title="bbox 57 427 1091 522; baseline -0.026 -6"><span class='ocrx_word' id='word_1_7' title='bbox 57 454 253 520; x_wconf 72' lang='lat' dir='ltr'><strong>misterium</strong></span> <span class='ocrx_word' id='word_1_8' title='bbox 266 447 381 514; x_wconf 82' lang='lat' dir='ltr'><strong>mortis</strong></span> <span class='ocrx_word' id='word_1_9' title='bbox 395 448 430 512; x_wconf 92' lang='lat' dir='ltr'><strong>in</strong></span> <span class='ocrx_word' id='word_1_10' title='bbox 451 444 563 510; x_wconf 89' lang='lat' dir='ltr'><strong>litteris</strong></span> <span class='ocrx_word' id='word_1_11' title='bbox 578 441 792 507; x_wconf 85' lang='lat' dir='ltr'><strong>deformatum</strong></span> <span class='ocrx_word' id='word_1_12' title='bbox 808 438 840 500; x_wconf 94' lang='lat' dir='ltr'><strong>in</strong></span> <span class='ocrx_word' id='word_1_13' title='bbox 856 431 1014 522; x_wconf 74' lang='lat' dir='ltr'>lapidibus</span> <span class='ocrx_word' id='word_1_14' title='bbox 1032 427 1091 492; x_wconf 82' lang='lat' dir='ltr'><strong>luit</strong></span> 
     </span>
     <span class='ocr_line' id='line_1_3' title="bbox 57 535 1156 652; baseline -0.025 -26"><span class='ocrx_word' id='word_1_15' title='bbox 57 565 125 630; x_wconf 79' lang='lat' dir='ltr'><strong>»ad</strong></span> <span class='ocrx_word' id='word_1_16' title='bbox 139 561 290 652; x_wconf 74' lang='lat' dir='ltr'><strong>gloriam,</strong></span> <span class='ocrx_word' id='word_1_17' title='bbox 305 557 346 621; x_wconf 86' lang='lat' dir='ltr'><strong>ita</strong></span> <span class='ocrx_word' id='word_1_18' title='bbox 362 566 397 619; x_wconf 86' lang='lat' dir='ltr'><strong>ut</strong></span> <span class='ocrx_word' id='word_1_19' title='bbox 412 575 478 619; x_wconf 93' lang='lat' dir='ltr'><strong>non</strong></span> <span class='ocrx_word' id='word_1_20' title='bbox 494 561 622 640; x_wconf 76' lang='lat' dir='ltr'><strong>possent</strong></span> <span class='ocrx_word' id='word_1_21' title='bbox 638 545 802 614; x_wconf 85' lang='lat' dir='ltr'><strong>intendere</strong></span> <span class='ocrx_word' id='word_1_22' title='bbox 817 541 873 608; x_wconf 83' lang='lat' dir='ltr'><strong>filii</strong></span> <span class='ocrx_word' id='word_1_23' title='bbox 887 537 985 622; x_wconf 67' lang='lat' dir='ltr'><strong>lsrael</strong></span> <span class='ocrx_word' id='word_1_24' title='bbox 999 539 1032 602; x_wconf 88' lang='lat' dir='ltr'><strong>in</strong></span> <span class='ocrx_word' id='word_1_25' title='bbox 1048 535 1091 600; x_wconf 89' lang='lat' dir='ltr'><strong>la·</strong></span> <span class='ocrx_word' id='word_1_26' title='bbox 1153 610 1156 618; x_wconf 33' lang='grc' dir='ltr'>Ι</span> 
     </span>
     <span class='ocr_line' id='line_1_4' title="bbox 61 645 1090 756; baseline -0.03 -19"><span class='ocrx_word' id='word_1_27' title='bbox 61 673 172 740; x_wconf 80' lang='lat' dir='ltr'><strong>»olem</strong></span> <span class='ocrx_word' id='word_1_28' title='bbox 190 668 293 756; x_wconf 78' lang='lat' dir='ltr'><strong>ldoysi</strong></span> <span class='ocrx_word' id='word_1_29' title='bbox 315 677 442 754; x_wconf 91' lang='lat' dir='ltr'><strong>propter</strong></span> <span class='ocrx_word' id='word_1_30' title='bbox 463 659 596 751; x_wconf 81' lang='lat' dir='ltr'><strong>gloriam</strong></span> <span class='ocrx_word' id='word_1_31' title='bbox 616 653 722 722; x_wconf 82' lang='lat' dir='ltr'><strong>vultus</strong></span> <span class='ocrx_word' id='word_1_32' title='bbox 740 647 910 742; x_wconf 71' lang='lat' dir='ltr'><strong>ejus,&#39;&#39;quee</strong></span> <span class='ocrx_word' id='word_1_33' title='bbox 932 645 1090 716; x_wconf 84' lang='lat' dir='ltr'><strong>aboletur,</strong></span> 
     </span>
     <span class='ocr_line' id='line_1_5' title="bbox 63 749 1178 868; baseline -0.026 -26"><span class='ocrx_word' id='word_1_34' title='bbox 63 811 79 842; x_wconf 77' lang='grc' dir='ltr'><strong>ι</strong></span> <span class='ocrx_word' id='word_1_35' title='bbox 95 771 256 868; x_wconf 82' lang='lat' dir='ltr'><strong>quomodo</strong></span> <span class='ocrx_word' id='word_1_36' title='bbox 267 797 328 842; x_wconf 89' lang='lat' dir='ltr'><strong>non</strong></span> <span class='ocrx_word' id='word_1_37' title='bbox 340 753 440 861; x_wconf 77' lang='lat' dir='ltr'><strong>magis</strong></span> <span class='ocrx_word' id='word_1_38' title='bbox 449 768 662 836; x_wconf 86' lang='lat' dir='ltr'><strong>ministerium</strong></span> <span class='ocrx_word' id='word_1_39' title='bbox 672 763 798 852; x_wconf 88' lang='lat' dir='ltr'><strong>spiritus</strong></span> <span class='ocrx_word' id='word_1_40' title='bbox 809 761 870 825; x_wconf 89' lang='lat' dir='ltr'><strong>erit</strong></span> <span class='ocrx_word' id='word_1_41' title='bbox 881 759 915 822; x_wconf 87' lang='lat' dir='ltr'><strong>in&#39;</strong></span> <span class='ocrx_word' id='word_1_42' title='bbox 926 753 1037 846; x_wconf 66' lang='lat' dir='ltr'><strong>gloria*</strong></span> <span class='ocrx_word' id='word_1_43' title='bbox 1049 754 1085 817; x_wconf 75' lang='lat' dir='ltr'><strong>i»</strong></span> <span class='ocrx_word' id='word_1_44' title='bbox 1173 749 1178 794; x_wconf 75' lang='grc'><strong>’-</strong></span> 
     </span>
     <span class='ocr_line' id='line_1_6' title="bbox 67 866 1092 974; baseline -0.026 -18"><span class='ocrx_word' id='word_1_45' title='bbox 67 891 110 956; x_wconf 85' lang='lat' dir='ltr'><strong>Et</strong></span> <span class='ocrx_word' id='word_1_46' title='bbox 122 890 233 955; x_wconf 88' lang='lat' dir='ltr'><strong>iterum</strong></span> <span class='ocrx_word' id='word_1_47' title='bbox 252 883 418 974; x_wconf 77' lang='lat' dir='ltr'><strong>paulopost</strong></span> <span class='ocrx_word' id='word_1_48' title='bbox 433 879 531 946; x_wconf 73' lang='lat' dir='ltr'><strong>dicits</strong></span> <span class='ocrx_word' id='word_1_49' title='bbox 550 877 614 942; x_wconf 75' lang='lat' dir='ltr'><strong>«Et</strong></span> <span class='ocrx_word' id='word_1_50' title='bbox 628 898 694 942; x_wconf 91' lang='lat' dir='ltr'><strong>non</strong></span> <span class='ocrx_word' id='word_1_51' title='bbox 709 875 790 938; x_wconf 85' lang='lat' dir='ltr'><strong>siout</strong></span> <span class='ocrx_word' id='word_1_52' title='bbox 810 870 933 956; x_wconf 85' lang='lat' dir='ltr'><strong>Moyses</strong></span> <span class='ocrx_word' id='word_1_53' title='bbox 954 866 1092 954; x_wconf 86' lang='lat' dir='ltr'><strong>ponebat</strong></span> 
     </span>
     <span class='ocr_line' id='line_1_7' title="bbox 65 964 1092 1082; baseline -0.023 -20"><span class='ocrx_word' id='word_1_54' title='bbox 65 1028 81 1062; x_wconf 79' lang='grc' dir='ltr'><strong>ι</strong></span> <span class='ocrx_word' id='word_1_55' title='bbox 99 997 233 1065; x_wconf 80' lang='lat' dir='ltr'><strong>velamen</strong></span> <span class='ocrx_word' id='word_1_56' title='bbox 243 1015 339 1082; x_wconf 87' lang='lat' dir='ltr'><strong>super</strong></span> <span class='ocrx_word' id='word_1_57' title='bbox 349 991 464 1058; x_wconf 85' lang='lat' dir='ltr'><strong>faeiem</strong></span> <span class='ocrx_word' id='word_1_58' title='bbox 477 1009 580 1062; x_wconf 86' lang='lat' dir='ltr'><strong>suam,</strong></span> <span class='ocrx_word' id='word_1_59' title='bbox 592 999 629 1051; x_wconf 88' lang='lat' dir='ltr'><strong>ut</strong></span> <span class='ocrx_word' id='word_1_60' title='bbox 640 1007 704 1050; x_wconf 85' lang='lat' dir='ltr'><strong>non</strong></span> <span class='ocrx_word' id='word_1_61' title='bbox 716 964 984 1058; x_wconf 56' lang='lat' dir='ltr'><strong>intenderenl&#39;lilii</strong></span> <span class='ocrx_word' id='word_1_62' title='bbox 995 972 1092 1040; x_wconf 66' lang='lat' dir='ltr'><strong>lsrael</strong></span> 
     </span>
    </p>
   </div>
   <div class='ocr_carea' id='block_1_3' title="bbox 43 1092 1194 3051">
    <p class='ocr_par' dir='ltr' id='par_1_3' title="bbox 49 1092 1194 2718">
     <span class='ocr_line' id='line_1_8' title="bbox 65 1092 1092 1188; baseline -0.02 -18"><span class='ocrx_word' id='word_1_63' title='bbox 65 1107 244 1174; x_wconf 73' lang='lat' dir='ltr'><strong>»inficiam</strong></span> <span class='ocrx_word' id='word_1_64' title='bbox 260 1102 367 1168; x_wconf 80' lang='lat' dir='ltr'><strong>vultus</strong></span> <span class='ocrx_word' id='word_1_65' title='bbox 377 1101 458 1188; x_wconf 89' lang='lat' dir='ltr'><strong>ejus.</strong></span> <span class='ocrx_word' id='word_1_66' title='bbox 475 1099 590 1164; x_wconf 87' lang='lat' dir='ltr'><strong>Obtusi</strong></span> <span class='ocrx_word' id='word_1_67' title='bbox 606 1105 680 1160; x_wconf 88' lang='lat' dir='ltr'><strong>sunt</strong></span> <span class='ocrx_word' id='word_1_68' title='bbox 691 1092 777 1158; x_wconf 90' lang='lat' dir='ltr'><strong>enim</strong></span> <span class='ocrx_word' id='word_1_69' title='bbox 790 1109 1027 1156; x_wconf 73' lang='lat' dir='ltr'><strong>sensuseorum</strong></span> <span class='ocrx_word' id='word_1_70' title='bbox 1043 1107 1092 1150; x_wconf 74' lang='lat' dir='ltr'><strong>us</strong></span> 
     </span>
     <span class='ocr_line' id='line_1_9' title="bbox 59 1194 1190 1306; baseline -0.021 -23"><span class='ocrx_word' id='word_1_71' title='bbox 59 1241 143 1306; x_wconf 75' lang='lat' dir='ltr'><strong>sque</strong></span> <span class='ocrx_word' id='word_1_72' title='bbox 160 1217 194 1282; x_wconf 92' lang='lat' dir='ltr'><strong>in</strong></span> <span class='ocrx_word' id='word_1_73' title='bbox 209 1213 407 1280; x_wconf 88' lang='lat' dir='ltr'><strong>hodiernum</strong></span> <span class='ocrx_word' id='word_1_74' title='bbox 422 1210 517 1276; x_wconf 89' lang='lat' dir='ltr'><strong>diem.</strong></span> <span class='ocrx_word' id='word_1_75' title='bbox 533 1208 616 1274; x_wconf 87' lang='lat' dir='ltr'><strong>Gom</strong></span> <span class='ocrx_word' id='word_1_76' title='bbox 630 1205 716 1271; x_wconf 90' lang='lat' dir='ltr'><strong>enim</strong></span> <span class='ocrx_word' id='word_1_77' title='bbox 732 1201 846 1290; x_wconf 76' lang='lat' dir='ltr'><strong>legitur</strong></span> <span class='ocrx_word' id='word_1_78' title='bbox 859 1197 995 1287; x_wconf 83' lang='lat' dir='ltr'><strong>Moyses,</strong></span> <span class='ocrx_word' id='word_1_79' title='bbox 1007 1194 1092 1261; x_wconf 85' lang='lat' dir='ltr'><strong>rela-</strong></span> <span class='ocrx_word' id='word_1_80' title='bbox 1188 1245 1190 1248; x_wconf 86' lang='grc'>-</span> 
     </span>
     <span class='ocr_line' id='line_1_10' title="bbox 55 1306 1093 1412; baseline -0.021 -22"><span class='ocrx_word' id='word_1_81' title='bbox 55 1349 156 1393; x_wconf 79' lang='lat' dir='ltr'><strong>»men</strong></span> <span class='ocrx_word' id='word_1_82' title='bbox 170 1336 222 1390; x_wconf 90' lang='lat' dir='ltr'><strong>est</strong></span> <span class='ocrx_word' id='word_1_83' title='bbox 236 1322 377 1412; x_wconf 86' lang='lat' dir='ltr'><strong>positum</strong></span> <span class='ocrx_word' id='word_1_84' title='bbox 392 1342 488 1408; x_wconf 88' lang='lat' dir='ltr'><strong>super</strong></span> <span class='ocrx_word' id='word_1_85' title='bbox 503 1341 560 1384; x_wconf 83' lang='lat' dir='ltr'><strong>eor</strong></span> <span class='ocrx_word' id='word_1_86' title='bbox 575 1337 698 1382; x_wconf 89' lang='lat' dir='ltr'><strong>eorum.</strong></span> <span class='ocrx_word' id='word_1_87' title='bbox 713 1341 726 1373; x_wconf 77' lang='grc' dir='ltr'><strong>ι</strong></span> <span class='ocrx_word' id='word_1_88' title='bbox 744 1310 824 1389; x_wconf 86' lang='lat' dir='ltr'><strong>Quis</strong></span> <span class='ocrx_word' id='word_1_89' title='bbox 839 1306 904 1374; x_wconf 87' lang='lat' dir='ltr'><strong>non</strong></span> <span class='ocrx_word' id='word_1_90' title='bbox 919 1307 1093 1373; x_wconf 74' lang='lat' dir='ltr'><strong>admiretur</strong></span> 
     </span>
     <span class='ocr_line' id='line_1_11' title="bbox 55 1415 1092 1523; baseline -0.026 -19"><span class='ocrx_word' id='word_1_91' title='bbox 55 1435 286 1523; x_wconf 75' lang='lat' dir='ltr'><strong>mysteriorum</strong></span> <span class='ocrx_word' id='word_1_92' title='bbox 306 1425 578 1518; x_wconf 69' lang='lat' dir='ltr'><strong>magnitudinem?</strong></span> <span class='ocrx_word' id='word_1_93' title='bbox 596 1424 666 1511; x_wconf 89' lang='lat' dir='ltr'><strong>quis</strong></span> <span class='ocrx_word' id='word_1_94' title='bbox 685 1443 749 1486; x_wconf 90' lang='lat' dir='ltr'><strong>non</strong></span> <span class='ocrx_word' id='word_1_95' title='bbox 764 1415 968 1507; x_wconf 79' lang='lat' dir='ltr'><strong>pertimescat</strong></span> <span class='ocrx_word' id='word_1_96' title='bbox 985 1425 1092 1480; x_wconf 88' lang='lat' dir='ltr'><strong>notam</strong></span> 
     </span>
     <span class='ocr_line' id='line_1_12' title="bbox 61 1526 1093 1617; baseline -0.023 -7"><span class='ocrx_word' id='word_1_97' title='bbox 61 1543 169 1610; x_wconf 80' lang='lat' dir='ltr'><strong>cordis</strong></span> <span class='ocrx_word' id='word_1_98' title='bbox 181 1537 499 1608; x_wconf 70' lang='lat' dir='ltr'><strong>ohtusiPGlorilicata</strong></span> <span class='ocrx_word' id='word_1_99' title='bbox 510 1547 559 1601; x_wconf 86' lang='lat' dir='ltr'><strong>est</strong></span> <span class='ocrx_word' id='word_1_100' title='bbox 573 1533 668 1600; x_wconf 84' lang='lat' dir='ltr'><strong>lanies</strong></span> <span class='ocrx_word' id='word_1_101' title='bbox 680 1528 793 1617; x_wconf 83' lang='lat' dir='ltr'><strong>Moysi,</strong></span> <span class='ocrx_word' id='word_1_102' title='bbox 807 1526 864 1592; x_wconf 88' lang='lat' dir='ltr'><strong>sed</strong></span> <span class='ocrx_word' id='word_1_103' title='bbox 875 1545 938 1590; x_wconf 90' lang='lat' dir='ltr'><strong>non</strong></span> <span class='ocrx_word' id='word_1_104' title='bbox 947 1534 1093 1612; x_wconf 87' lang='lat' dir='ltr'><strong>poterant</strong></span> 
     </span>
     <span class='ocr_line' id='line_1_13' title="bbox 63 1632 1095 1732; baseline -0.021 -15"><span class='ocrx_word' id='word_1_105' title='bbox 63 1651 228 1719; x_wconf 87' lang='lat' dir='ltr'><strong>intendere</strong></span> <span class='ocrx_word' id='word_1_106' title='bbox 251 1651 282 1714; x_wconf 94' lang='lat' dir='ltr'><strong>in</strong></span> <span class='ocrx_word' id='word_1_107' title='bbox 297 1647 410 1714; x_wconf 85' lang='lat' dir='ltr'><strong>snoiem</strong></span> <span class='ocrx_word' id='word_1_108' title='bbox 426 1645 530 1712; x_wconf 85' lang='lat' dir='ltr'><strong>vultus</strong></span> <span class='ocrx_word' id='word_1_109' title='bbox 545 1646 615 1732; x_wconf 86' lang='lat' dir='ltr'><strong>ejus</strong></span> <span class='ocrx_word' id='word_1_110' title='bbox 632 1639 688 1707; x_wconf 90' lang='lat' dir='ltr'><strong>lilii</strong></span> <span class='ocrx_word' id='word_1_111' title='bbox 703 1635 813 1712; x_wconf 77' lang='lat' dir='ltr'><strong>lsrael,</strong></span> <span class='ocrx_word' id='word_1_112' title='bbox 830 1659 894 1702; x_wconf 93' lang='lat' dir='ltr'><strong>non</strong></span> <span class='ocrx_word' id='word_1_113' title='bbox 910 1644 1035 1724; x_wconf 86' lang='lat' dir='ltr'><strong>poterat</strong></span> <span class='ocrx_word' id='word_1_114' title='bbox 1048 1632 1095 1696; x_wconf 61' lang='lat' dir='ltr'><strong>in*</strong></span> 
     </span>
     <span class='ocr_line' id='line_1_14' title="bbox 62 1744 1111 1849; baseline -0.019 -23"><span class='ocrx_word' id='word_1_115' title='bbox 62 1762 190 1828; x_wconf 87' lang='lat' dir='ltr'><strong>tendere</strong></span> <span class='ocrx_word' id='word_1_116' title='bbox 203 1757 340 1849; x_wconf 90' lang='lat' dir='ltr'><strong>populus</strong></span> <span class='ocrx_word' id='word_1_117' title='bbox 359 1759 544 1846; x_wconf 70' lang='lat' dir='ltr'><strong>synagoge.</strong></span> <span class='ocrx_word' id='word_1_118' title='bbox 560 1754 593 1819; x_wconf 88' lang='lat' dir='ltr'><strong>Si</strong></span> <span class='ocrx_word' id='word_1_119' title='bbox 611 1751 680 1841; x_wconf 88' lang='lat' dir='ltr'><strong>quis</strong></span> <span class='ocrx_word' id='word_1_120' title='bbox 696 1761 804 1814; x_wconf 85' lang='lat' dir='ltr'><strong>autem</strong></span> <span class='ocrx_word' id='word_1_121' title='bbox 819 1744 1091 1814; x_wconf 79' lang='lat' dir='ltr'><strong>eonversationem</strong></span> <span class='ocrx_word' id='word_1_122' title='bbox 1109 1789 1111 1792; x_wconf 89' lang='lat'>-</span> 
     </span>
     <span class='ocr_line' id='line_1_15' title="bbox 55 1852 1160 1957; baseline -0.021 -20"><span class='ocrx_word' id='word_1_123' title='bbox 55 1855 956 1957; x_wconf 79' lang='lat' dir='ltr'><strong>etritempotesthabereeminentioremqnsmreliquum</strong></span> <span class='ocrx_word' id='word_1_124' title='bbox 966 1852 1089 1942; x_wconf 76' lang='lat' dir='ltr'><strong>vulgus,</strong></span> <span class='ocrx_word' id='word_1_125' title='bbox 1157 1924 1160 1929; x_wconf 27' lang='lat'>¹</span> 
     </span>
     <span class='ocr_line' id='line_1_16' title="bbox 54 1963 1091 2069; baseline -0.02 -23"><span class='ocrx_word' id='word_1_126' title='bbox 54 1982 113 2048; x_wconf 87' lang='lat' dir='ltr'><strong>iste</strong></span> <span class='ocrx_word' id='word_1_127' title='bbox 123 1989 232 2069; x_wconf 82' lang='lat' dir='ltr'><strong>potest</strong></span> <span class='ocrx_word' id='word_1_128' title='bbox 243 1976 363 2043; x_wconf 87' lang='lat' dir='ltr'><strong>intueri</strong></span> <span class='ocrx_word' id='word_1_129' title='bbox 373 1972 506 2063; x_wconf 78' lang='lat' dir='ltr'><strong>gloriam</strong></span> <span class='ocrx_word' id='word_1_130' title='bbox 517 1971 620 2038; x_wconf 85' lang='lat' dir='ltr'><strong>vultus</strong></span> <span class='ocrx_word' id='word_1_131' title='bbox 631 1970 711 2058; x_wconf 87' lang='lat' dir='ltr'><strong>ejus.</strong></span> <span class='ocrx_word' id='word_1_132' title='bbox 725 1965 787 2030; x_wconf 81' lang='lat' dir='ltr'><strong>«Et</strong></span> <span class='ocrx_word' id='word_1_133' title='bbox 798 1987 885 2030; x_wconf 72' lang='lat' dir='ltr'><strong>nanno</strong></span> <span class='ocrx_word' id='word_1_134' title='bbox 895 1963 994 2038; x_wconf 89' lang='lat' dir='ltr'><strong>enim,</strong></span> <span class='ocrx_word' id='word_1_135' title='bbox 1007 1963 1091 2028; x_wconf 83' lang='lat' dir='ltr'><strong>siout</strong></span> 
     </span>
     <span class='ocr_line' id='line_1_17' title="bbox 52 2067 1178 2176; baseline -0.02 -23"><span class='ocrx_word' id='word_1_136' title='bbox 52 2120 66 2153; x_wconf 76' lang='lat' dir='ltr'><strong>s</strong></span> <span class='ocrx_word' id='word_1_137' title='bbox 82 2091 176 2156; x_wconf 60' lang='lat' dir='ltr'><strong>dubit</strong></span> <span class='ocrx_word' id='word_1_138' title='bbox 190 2085 381 2176; x_wconf 76' lang='lat' dir='ltr'><strong>Apostolus,</strong></span> <span class='ocrx_word' id='word_1_139' title='bbox 402 2082 544 2148; x_wconf 79' lang='lat' dir='ltr'><strong>velamen</strong></span> <span class='ocrx_word' id='word_1_140' title='bbox 559 2095 607 2146; x_wconf 86' lang='lat' dir='ltr'><strong>est</strong></span> <span class='ocrx_word' id='word_1_141' title='bbox 625 2079 764 2168; x_wconf 87' lang='lat' dir='ltr'><strong>positum</strong></span> <span class='ocrx_word' id='word_1_142' title='bbox 778 2075 811 2138; x_wconf 89' lang='lat' dir='ltr'><strong>in</strong></span> <span class='ocrx_word' id='word_1_143' title='bbox 826 2073 965 2140; x_wconf 85' lang='lat' dir='ltr'><strong>lectione</strong></span> <span class='ocrx_word' id='word_1_144' title='bbox 977 2069 1090 2138; x_wconf 86' lang='lat' dir='ltr'><strong>veteris</strong></span> <span class='ocrx_word' id='word_1_145' title='bbox 1174 2067 1178 2074; x_wconf 83' lang='lat'>&#39;</span> 
     </span>
     <span class='ocr_line' id='line_1_18' title="bbox 56 2177 1194 2280; baseline -0.017 -19"><span class='ocrx_word' id='word_1_146' title='bbox 56 2196 301 2263; x_wconf 76' lang='lat' dir='ltr'><strong>s&#39;lestamenti&#39;</strong></span> <span class='ocrx_word' id='word_1_147' title='bbox 316 2219 351 2260; x_wconf 75' lang='lat' dir='ltr'><strong>:a</strong></span> <span class='ocrx_word' id='word_1_148' title='bbox 365 2203 398 2258; x_wconf 87' lang='lat' dir='ltr'><strong>et</strong></span> <span class='ocrx_word' id='word_1_149' title='bbox 412 2215 499 2258; x_wconf 89' lang='lat' dir='ltr'><strong>nune</strong></span> <span class='ocrx_word' id='word_1_150' title='bbox 509 2189 633 2280; x_wconf 78' lang='lat' dir='ltr'><strong>Moyses</strong></span> <span class='ocrx_word' id='word_1_151' title='bbox 643 2185 820 2278; x_wconf 76' lang='lat' dir='ltr'><strong>glorificato</strong></span> <span class='ocrx_word' id='word_1_152' title='bbox 833 2181 919 2250; x_wconf 87' lang='lat' dir='ltr'><strong>vultu</strong></span> <span class='ocrx_word' id='word_1_153' title='bbox 935 2182 1088 2270; x_wconf 85' lang='lat' dir='ltr'><strong>loquitur,</strong></span> <span class='ocrx_word' id='word_1_154' title='bbox 1193 2177 1194 2182; x_wconf 68' lang='grc'>’</span> 
     </span>
     <span class='ocr_line' id='line_1_19' title="bbox 59 2290 1089 2395; baseline -0.021 -20"><span class='ocrx_word' id='word_1_155' title='bbox 59 2308 122 2374; x_wconf 86' lang='lat' dir='ltr'><strong>sed</strong></span> <span class='ocrx_word' id='word_1_156' title='bbox 137 2305 269 2395; x_wconf 72' lang='lat' dir='ltr'><strong>gloriam</strong></span> <span class='ocrx_word' id='word_1_157' title='bbox 285 2316 417 2393; x_wconf 70' lang='lat' dir='ltr'><strong>quaeest</strong></span> <span class='ocrx_word' id='word_1_158' title='bbox 440 2304 472 2370; x_wconf 93' lang='lat' dir='ltr'><strong>in</strong></span> <span class='ocrx_word' id='word_1_159' title='bbox 490 2301 579 2367; x_wconf 85' lang='lat' dir='ltr'><strong>vultu</strong></span> <span class='ocrx_word' id='word_1_160' title='bbox 597 2301 667 2388; x_wconf 84' lang='lat' dir='ltr'><strong>ejus</strong></span> <span class='ocrx_word' id='word_1_161' title='bbox 687 2319 752 2368; x_wconf 79' lang='lat' dir='ltr'><strong>non</strong></span> <span class='ocrx_word' id='word_1_162' title='bbox 770 2317 937 2389; x_wconf 87' lang='lat' dir='ltr'><strong>possumus</strong></span> <span class='ocrx_word' id='word_1_163' title='bbox 961 2290 1089 2356; x_wconf 57' lang='lat' dir='ltr'><strong>intueris·</strong></span> 
     </span>
     <span class='ocr_line' id='line_1_20' title="bbox 55 2407 1089 2504; baseline -0.02 -20"><span class='ocrx_word' id='word_1_164' title='bbox 55 2418 191 2484; x_wconf 80' lang='lat' dir='ltr'><strong>ldoireo</strong></span> <span class='ocrx_word' id='word_1_165' title='bbox 205 2427 385 2482; x_wconf 84' lang='lat' dir='ltr'><strong>autemnon</strong></span> <span class='ocrx_word' id='word_1_166' title='bbox 401 2435 581 2504; x_wconf 88' lang='lat' dir='ltr'><strong>possumus,</strong></span> <span class='ocrx_word' id='word_1_167' title='bbox 598 2411 671 2500; x_wconf 86' lang='lat' dir='ltr'><strong>quia</strong></span> <span class='ocrx_word' id='word_1_168' title='bbox 691 2410 797 2477; x_wconf 88' lang='lat' dir='ltr'><strong>ndhue</strong></span> <span class='ocrx_word' id='word_1_169' title='bbox 811 2407 947 2499; x_wconf 89' lang='lat' dir='ltr'><strong>populus</strong></span> <span class='ocrx_word' id='word_1_170' title='bbox 966 2415 1089 2474; x_wconf 71' lang='lat' dir='ltr'><strong>sumus,</strong></span> 
     </span>
     <span class='ocr_line' id='line_1_21' title="bbox 50 2511 1128 2609; baseline -0.016 -19"><span class='ocrx_word' id='word_1_171' title='bbox 50 2539 85 2592; x_wconf 84' lang='lat' dir='ltr'><strong>et</strong></span> <span class='ocrx_word' id='word_1_172' title='bbox 99 2523 186 2592; x_wconf 83' lang='lat' dir='ltr'><strong>nilril</strong></span> <span class='ocrx_word' id='word_1_173' title='bbox 200 2524 309 2600; x_wconf 90' lang='lat' dir='ltr'><strong>studii,</strong></span> <span class='ocrx_word' id='word_1_174' title='bbox 325 2522 404 2590; x_wconf 91' lang='lat' dir='ltr'><strong>nihil</strong></span> <span class='ocrx_word' id='word_1_175' title='bbox 420 2523 538 2596; x_wconf 90' lang='lat' dir='ltr'><strong>meriti,</strong></span> <span class='ocrx_word' id='word_1_176' title='bbox 554 2519 721 2609; x_wconf 89' lang='lat' dir='ltr'><strong>plusquam</strong></span> <span class='ocrx_word' id='word_1_177' title='bbox 736 2518 856 2607; x_wconf 90' lang='lat' dir='ltr'><strong>reliqua</strong></span> <span class='ocrx_word' id='word_1_178' title='bbox 871 2517 973 2606; x_wconf 86' lang='lat' dir='ltr'><strong>plebs,</strong></span> <span class='ocrx_word' id='word_1_179' title='bbox 988 2511 1092 2577; x_wconf 87' lang='lat' dir='ltr'><strong>habe·</strong></span> <span class='ocrx_word' id='word_1_180' title='bbox 1127 2555 1128 2558; x_wconf 22' lang='grc' dir='ltr'><strong>ι</strong></span> 
     </span>
     <span class='ocr_line' id='line_1_22' title="bbox 49 2627 1093 2718; baseline -0.018 -16"><span class='ocrx_word' id='word_1_181' title='bbox 49 2657 135 2702; x_wconf 85' lang='lat' dir='ltr'><strong>mus.</strong></span> <span class='ocrx_word' id='word_1_182' title='bbox 149 2633 273 2701; x_wconf 86' lang='lat' dir='ltr'><strong>Verum</strong></span> <span class='ocrx_word' id='word_1_183' title='bbox 284 2633 358 2718; x_wconf 84' lang='lat' dir='ltr'><strong>quis</strong></span> <span class='ocrx_word' id='word_1_184' title='bbox 369 2631 447 2698; x_wconf 88' lang='lat' dir='ltr'><strong>dieit</strong></span> <span class='ocrx_word' id='word_1_185' title='bbox 459 2641 587 2696; x_wconf 86' lang='lat' dir='ltr'><strong>sanetus</strong></span> <span class='ocrx_word' id='word_1_186' title='bbox 599 2627 768 2717; x_wconf 85' lang='lat' dir='ltr'><strong>Apostolus</strong></span> <span class='ocrx_word' id='word_1_187' title='bbox 784 2652 791 2693; x_wconf 91' lang='lat'><strong>:</strong></span> <span class='ocrx_word' id='word_1_188' title='bbox 807 2627 972 2716; x_wconf 82' lang='lat' dir='ltr'><strong>‹ldipsum</strong></span> <span class='ocrx_word' id='word_1_189' title='bbox 984 2631 1093 2687; x_wconf 87' lang='lat' dir='ltr'><strong>autem</strong></span> 
     </span>
    </p>

    <p class='ocr_par' dir='ltr' id='par_1_4' title="bbox 43 2713 1193 3051">
     <span class='ocr_line' id='line_1_23' title="bbox 48 2713 1122 2820; baseline -0.013 -13"><span class='ocrx_word' id='word_1_190' title='bbox 48 2774 61 2807; x_wconf 81' lang='grc' dir='ltr'><strong>ι</strong></span> <span class='ocrx_word' id='word_1_191' title='bbox 75 2743 228 2810; x_wconf 80' lang='lat' dir='ltr'><strong>velamen</strong></span> <span class='ocrx_word' id='word_1_192' title='bbox 244 2742 277 2806; x_wconf 94' lang='lat' dir='ltr'><strong>in</strong></span> <span class='ocrx_word' id='word_1_193' title='bbox 298 2740 434 2807; x_wconf 85' lang='lat' dir='ltr'><strong>lectione</strong></span> <span class='ocrx_word' id='word_1_194' title='bbox 448 2739 562 2806; x_wconf 86' lang='lat' dir='ltr'><strong>veteris</strong></span> <span class='ocrx_word' id='word_1_195' title='bbox 575 2739 770 2804; x_wconf 78' lang='lat' dir='ltr'><strong>Testamenti</strong></span> <span class='ocrx_word' id='word_1_196' title='bbox 786 2749 932 2811; x_wconf 79' lang='lat' dir='ltr'><strong>manet,»</strong></span> <span class='ocrx_word' id='word_1_197' title='bbox 949 2743 1092 2820; x_wconf 88' lang='lat' dir='ltr'><strong>amputa·</strong></span> <span class='ocrx_word' id='word_1_198' title='bbox 1105 2713 1122 2770; x_wconf 64' lang='lat' dir='ltr'><em>ss</em></span> 
     </span>
     <span class='ocr_line' id='line_1_24' title="bbox 45 2836 1090 2936; baseline -0.019 -16"><span class='ocrx_word' id='word_1_199' title='bbox 45 2865 96 2919; x_wconf 87' lang='lat' dir='ltr'><strong>ret</strong></span> <span class='ocrx_word' id='word_1_200' title='bbox 114 2852 214 2918; x_wconf 84' lang='lat' dir='ltr'><strong>nohis</strong></span> <span class='ocrx_word' id='word_1_201' title='bbox 232 2873 362 2916; x_wconf 90' lang='lat' dir='ltr'><strong>omnem</strong></span> <span class='ocrx_word' id='word_1_202' title='bbox 386 2847 599 2936; x_wconf 73' lang='lat' dir='ltr'><strong>intelligentie</strong></span> <span class='ocrx_word' id='word_1_203' title='bbox 615 2869 704 2935; x_wconf 87' lang='lat' dir='ltr'><strong>spem</strong></span> <span class='ocrx_word' id='word_1_204' title='bbox 721 2847 800 2911; x_wconf 86' lang='lat' dir='ltr'><strong>tanti</strong></span> <span class='ocrx_word' id='word_1_205' title='bbox 815 2857 847 2910; x_wconf 87' lang='lat' dir='ltr'><strong>et</strong></span> <span class='ocrx_word' id='word_1_206' title='bbox 862 2843 932 2910; x_wconf 86' lang='lat' dir='ltr'><strong>talis</strong></span> <span class='ocrx_word' id='word_1_207' title='bbox 950 2836 1090 2929; x_wconf 84' lang='lat' dir='ltr'><strong>Apostoli</strong></span> 
     </span>
     <span class='ocr_line' id='line_1_25' title="bbox 43 2937 1193 3051; baseline -0.017 -22"><span class='ocrx_word' id='word_1_208' title='bbox 43 2960 174 3051; x_wconf 82' lang='lat' dir='ltr'><strong>prolata</strong></span> <span class='ocrx_word' id='word_1_209' title='bbox 190 2959 363 3034; x_wconf 84' lang='lat' dir='ltr'><strong>sententio,</strong></span> <span class='ocrx_word' id='word_1_210' title='bbox 380 2958 440 3022; x_wconf 88' lang='lat' dir='ltr'><strong>nisi</strong></span> <span class='ocrx_word' id='word_1_211' title='bbox 463 2955 660 3022; x_wconf 86' lang='lat' dir='ltr'><strong>addidisset:</strong></span> <span class='ocrx_word' id='word_1_212' title='bbox 680 2956 786 3020; x_wconf 77' lang='lat' dir='ltr'><strong>«Cum</strong></span> <span class='ocrx_word' id='word_1_213' title='bbox 807 2966 913 3019; x_wconf 88' lang='lat' dir='ltr'><strong>autem</strong></span> <span class='ocrx_word' id='word_1_214' title='bbox 930 2951 999 3039; x_wconf 90' lang='lat' dir='ltr'><strong>quis</strong></span> <span class='ocrx_word' id='word_1_215' title='bbox 1018 2969 1094 3015; x_wconf 88' lang='lat' dir='ltr'><strong>con·</strong></span> <span class='ocrx_word' id='word_1_216' title='bbox 1146 2937 1147 2940; x_wconf 24' lang='lat'>¹</span> <span class='ocrx_word' id='word_1_217' title='bbox 1173 2943 1193 3030; x_wconf 48' lang='lat' dir='ltr'>J</span> 
     </span>
    </p>
   </div>
   <div class='ocr_carea' id='block_1_4' title="bbox 46 3058 1335 3585">
    <p class='ocr_par' dir='ltr' id='par_1_5' title="bbox 46 3058 1335 3368">
     <span class='ocr_line' id='line_1_26' title="bbox 47 3058 1194 3147; baseline -0.006 -15"><span class='ocrx_word' id='word_1_218' title='bbox 47 3091 193 3134; x_wconf 77' lang='lat' dir='ltr'><strong>»versus</strong></span> <span class='ocrx_word' id='word_1_219' title='bbox 209 3066 307 3132; x_wconf 82' lang='lat' dir='ltr'><strong>luerit</strong></span> <span class='ocrx_word' id='word_1_220' title='bbox 325 3065 367 3129; x_wconf 88' lang='lat' dir='ltr'><strong>ad</strong></span> <span class='ocrx_word' id='word_1_221' title='bbox 386 3064 572 3137; x_wconf 89' lang='lat' dir='ltr'><strong>Dominum,</strong></span> <span class='ocrx_word' id='word_1_222' title='bbox 589 3062 755 3128; x_wconf 81' lang='lat' dir='ltr'><strong>auferetur</strong></span> <span class='ocrx_word' id='word_1_223' title='bbox 771 3060 946 3128; x_wconf 84' lang='lat' dir='ltr'><strong>velamen¹.</strong></span> <span class='ocrx_word' id='word_1_224' title='bbox 962 3087 975 3121; x_wconf 83' lang='lat' dir='ltr'><strong>r</strong></span> <span class='ocrx_word' id='word_1_225' title='bbox 991 3058 1092 3147; x_wconf 83' lang='lat' dir='ltr'><strong>lgitur</strong></span> <span class='ocrx_word' id='word_1_226' title='bbox 1174 3089 1194 3125; x_wconf 64' lang='grc' dir='ltr'>κ</span> 
     </span>
     <span class='ocr_line' id='line_1_27' title="bbox 46 3152 1335 3243; baseline -0.014 0"><span class='ocrx_word' id='word_1_227' title='bbox 46 3198 184 3242; x_wconf 73' lang='lat' dir='ltr'><strong>esuum</strong></span> <span class='ocrx_word' id='word_1_228' title='bbox 204 3171 373 3239; x_wconf 78' lang='lat' dir='ltr'><strong>auferendi</strong></span> <span class='ocrx_word' id='word_1_229' title='bbox 398 3167 573 3243; x_wconf 82' lang='lat' dir='ltr'><strong>velaminis,</strong></span> <span class='ocrx_word' id='word_1_230' title='bbox 597 3171 837 3234; x_wconf 83' lang='lat' dir='ltr'><strong>eonversionem</strong></span> <span class='ocrx_word' id='word_1_231' title='bbox 860 3181 1002 3233; x_wconf 85' lang='lat' dir='ltr'><strong>nostram</strong></span> <span class='ocrx_word' id='word_1_232' title='bbox 1023 3187 1091 3230; x_wconf 86' lang='lat' dir='ltr'><strong>esso</strong></span> <span class='ocrx_word' id='word_1_233' title='bbox 1198 3152 1209 3224; x_wconf 66' lang='lat' dir='ltr'>s</span> <span class='ocrx_word' id='word_1_234' title='bbox 1333 3180 1335 3186; x_wconf 87' lang='lat'>·</span> 
     </span>
     <span class='ocr_line' id='line_1_28' title="bbox 47 3264 1222 3368; baseline -0.014 -14"><span class='ocrx_word' id='word_1_235' title='bbox 47 3287 128 3354; x_wconf 76' lang='lat' dir='ltr'><strong>dicit</strong></span> <span class='ocrx_word' id='word_1_236' title='bbox 142 3285 188 3352; x_wconf 88' lang='lat' dir='ltr'><strong>nd</strong></span> <span class='ocrx_word' id='word_1_237' title='bbox 205 3283 394 3349; x_wconf 89' lang='lat' dir='ltr'><strong>Dominum.</strong></span> <span class='ocrx_word' id='word_1_238' title='bbox 413 3280 538 3368; x_wconf 82' lang='lat' dir='ltr'><strong>Exque</strong></span> <span class='ocrx_word' id='word_1_239' title='bbox 562 3275 738 3368; x_wconf 79' lang='lat' dir='ltr'><strong>colligenda</strong></span> <span class='ocrx_word' id='word_1_240' title='bbox 760 3269 833 3344; x_wconf 75' lang='lat' dir='ltr'><strong>lunt</strong></span> <span class='ocrx_word' id='word_1_241' title='bbox 849 3264 939 3345; x_wconf 78' lang='lat' dir='ltr'><strong>uoltis</strong></span> <span class='ocrx_word' id='word_1_242' title='bbox 961 3276 1090 3347; x_wconf 82' lang='lat' dir='ltr'><strong>indicio,</strong></span> <span class='ocrx_word' id='word_1_243' title='bbox 1220 3301 1222 3306; x_wconf 88' lang='lat'><em>·</em></span> 
     </span>
    </p>

    <p class='ocr_par' dir='ltr' id='par_1_6' title="bbox 53 3363 1225 3585">
     <span class='ocr_line' id='line_1_29' title="bbox 53 3363 1225 3484; baseline -0.014 -20"><span class='ocrx_word' id='word_1_244' title='bbox 53 3398 142 3484; x_wconf 82' lang='lat' dir='ltr'><strong>quod</strong></span> <span class='ocrx_word' id='word_1_245' title='bbox 151 3398 259 3462; x_wconf 83' lang='lat' dir='ltr'><strong>donee</strong></span> <span class='ocrx_word' id='word_1_246' title='bbox 269 3391 410 3482; x_wconf 82' lang='lat' dir='ltr'><strong>legentes</strong></span> <span class='ocrx_word' id='word_1_247' title='bbox 419 3376 600 3479; x_wconf 79' lang='lat' dir='ltr'><strong>Scripturas</strong></span> <span class='ocrx_word' id='word_1_248' title='bbox 611 3389 731 3455; x_wconf 85' lang='lat' dir='ltr'><strong>divinas</strong></span> <span class='ocrx_word' id='word_1_249' title='bbox 742 3363 819 3456; x_wconf 83' lang='lat' dir='ltr'><strong>lalet</strong></span> <span class='ocrx_word' id='word_1_250' title='bbox 830 3411 887 3454; x_wconf 84' lang='lat' dir='ltr'><strong>uos</strong></span> <span class='ocrx_word' id='word_1_251' title='bbox 899 3385 1090 3460; x_wconf 83' lang='lat' dir='ltr'><strong>intellectus,</strong></span> <span class='ocrx_word' id='word_1_252' title='bbox 1206 3385 1225 3419; x_wconf 79' lang='grc'><strong>·’·</strong></span> 
     </span>
     <span class='ocr_line' id='line_1_30' title="bbox 55 3497 1091 3585; baseline -0.012 -16"><span class='ocrx_word' id='word_1_253' title='bbox 55 3505 166 3570; x_wconf 83' lang='lat' dir='ltr'><strong>donee</strong></span> <span class='ocrx_word' id='word_1_254' title='bbox 178 3506 313 3572; x_wconf 80' lang='lat' dir='ltr'><strong>obscure</strong></span> <span class='ocrx_word' id='word_1_255' title='bbox 329 3511 404 3566; x_wconf 90' lang='lat' dir='ltr'><strong>sunt</strong></span> <span class='ocrx_word' id='word_1_256' title='bbox 419 3499 511 3566; x_wconf 89' lang='lat' dir='ltr'><strong>nobis</strong></span> <span class='ocrx_word' id='word_1_257' title='bbox 527 3509 560 3564; x_wconf 90' lang='lat' dir='ltr'><strong>et</strong></span> <span class='ocrx_word' id='word_1_258' title='bbox 575 3501 681 3564; x_wconf 90' lang='lat' dir='ltr'><strong>clausa</strong></span> <span class='ocrx_word' id='word_1_259' title='bbox 697 3519 767 3585; x_wconf 82' lang='lat' dir='ltr'><strong>quae</strong></span> <span class='ocrx_word' id='word_1_260' title='bbox 783 3497 899 3585; x_wconf 70' lang='lat' dir='ltr'><strong>scripta</strong></span> <span class='ocrx_word' id='word_1_261' title='bbox 916 3506 1001 3572; x_wconf 88' lang='lat' dir='ltr'><strong>sunt,</strong></span> <span class='ocrx_word' id='word_1_262' title='bbox 1014 3517 1091 3558; x_wconf 88' lang='lat' dir='ltr'><strong>non-</strong></span> 
     </span>
    </p>
   </div>
   <div class='ocr_carea' id='block_1_5' title="bbox 47 3602 1091 4031">
    <p class='ocr_par' dir='ltr' id='par_1_7' title="bbox 47 3602 1091 4031">
     <span class='ocr_line' id='line_1_31' title="bbox 55 3602 1091 3679; baseline -0.011 0"><span class='ocrx_word' id='word_1_263' title='bbox 55 3613 138 3679; x_wconf 90' lang='lat' dir='ltr'><strong>dum</strong></span> <span class='ocrx_word' id='word_1_264' title='bbox 154 3611 296 3679; x_wconf 80' lang='lat' dir='ltr'><strong>conversi</strong></span> <span class='ocrx_word' id='word_1_265' title='bbox 312 3611 354 3676; x_wconf 91' lang='lat' dir='ltr'><strong>ad</strong></span> <span class='ocrx_word' id='word_1_266' title='bbox 369 3609 543 3675; x_wconf 88' lang='lat' dir='ltr'><strong>Dominum</strong></span> <span class='ocrx_word' id='word_1_267' title='bbox 557 3629 677 3674; x_wconf 89' lang='lat' dir='ltr'><strong>sumus.</strong></span> <span class='ocrx_word' id='word_1_268' title='bbox 698 3606 731 3673; x_wconf 88' lang='lat' dir='ltr'><strong>Si</strong></span> <span class='ocrx_word' id='word_1_269' title='bbox 746 3602 835 3673; x_wconf 60' lang='lat' dir='ltr'><strong>enim*</strong></span> <span class='ocrx_word' id='word_1_270' title='bbox 847 3604 991 3673; x_wconf 83' lang='lat' dir='ltr'><strong>conversi</strong></span> <span class='ocrx_word' id='word_1_271' title='bbox 1006 3627 1091 3670; x_wconf 86' lang='lat' dir='ltr'><strong>esse-</strong></span> 
     </span>
     <span class='ocr_line' id='line_1_32' title="bbox 47 3707 947 3794; baseline -0.014 -3"><span class='ocrx_word' id='word_1_272' title='bbox 47 3745 124 3790; x_wconf 83' lang='lat' dir='ltr'><strong>mus</strong></span> <span class='ocrx_word' id='word_1_273' title='bbox 140 3723 182 3789; x_wconf 84' lang='lat' dir='ltr'><strong>sd</strong></span> <span class='ocrx_word' id='word_1_274' title='bbox 199 3721 391 3793; x_wconf 87' lang='lat' dir='ltr'><strong>Dominum,</strong></span> <span class='ocrx_word' id='word_1_275' title='bbox 407 3719 475 3784; x_wconf 91' lang='lat' dir='ltr'><strong>sine</strong></span> <span class='ocrx_word' id='word_1_276' title='bbox 490 3719 588 3784; x_wconf 86' lang='lat' dir='ltr'><strong>dubio</strong></span> <span class='ocrx_word' id='word_1_277' title='bbox 601 3717 780 3783; x_wconf 84' lang='lat' dir='ltr'><strong>auferretur</strong></span> <span class='ocrx_word' id='word_1_278' title='bbox 794 3707 947 3794; x_wconf 72' lang='lat' dir='ltr'><strong>velamen.</strong></span> 
     </span>
     <span class='ocr_line' id='line_1_33' title="bbox 90 3819 1091 3924; baseline -0.015 -20"><span class='ocrx_word' id='word_1_279' title='bbox 90 3839 163 3904; x_wconf 81' lang='lat' dir='ltr'><strong>Sed</strong></span> <span class='ocrx_word' id='word_1_280' title='bbox 176 3849 210 3904; x_wconf 87' lang='lat' dir='ltr'><strong>et</strong></span> <span class='ocrx_word' id='word_1_281' title='bbox 224 3837 290 3904; x_wconf 86' lang='lat' dir='ltr'><strong>hoo</strong></span> <span class='ocrx_word' id='word_1_282' title='bbox 305 3835 411 3924; x_wconf 86' lang='lat' dir='ltr'><strong>ipsum</strong></span> <span class='ocrx_word' id='word_1_283' title='bbox 426 3833 567 3900; x_wconf 80' lang='lat' dir='ltr'><strong>converti</strong></span> <span class='ocrx_word' id='word_1_284' title='bbox 582 3833 623 3897; x_wconf 84' lang='lat' dir='ltr'><strong>ad</strong></span> <span class='ocrx_word' id='word_1_285' title='bbox 637 3819 917 3918; x_wconf 49' lang='lat' dir='ltr'><strong>Dominum&#39;quole</strong></span> <span class='ocrx_word' id='word_1_286' title='bbox 933 3829 972 3895; x_wconf 89' lang='lat' dir='ltr'><strong>sit</strong></span> <span class='ocrx_word' id='word_1_287' title='bbox 988 3827 1091 3894; x_wconf 85' lang='lat' dir='ltr'><strong>videa-</strong></span> 
     </span>
     <span class='ocr_line' id='line_1_34' title="bbox 78 3935 772 4031; baseline -0.012 -16"><span class='ocrx_word' id='word_1_288' title='bbox 78 3967 191 4019; x_wconf 72' lang='grc' dir='ltr'><strong>ιιοιι.</strong></span> <span class='ocrx_word' id='word_1_289' title='bbox 202 3985 241 4028; x_wconf 91' lang='grc' dir='ltr'><strong>ιιι,</strong></span> <span class='ocrx_word' id='word_1_290' title='bbox 252 3984 319 4031; x_wconf 78' lang='lat'>7.--</span> <span class='ocrx_word' id='word_1_291' title='bbox 333 3963 344 3998; x_wconf 83' lang='lat'>²</span> <span class='ocrx_word' id='word_1_292' title='bbox 356 3963 426 4013; x_wconf 72' lang='lat' dir='ltr'><strong>usn</strong></span> <span class='ocrx_word' id='word_1_293' title='bbox 445 3963 479 4021; x_wconf 76' lang='lat' dir='ltr'><strong>u.</strong></span> <span class='ocrx_word' id='word_1_294' title='bbox 494 3990 524 4001; x_wconf 85' lang='lat'><em>-</em></span> <span class='ocrx_word' id='word_1_295' title='bbox 537 3961 546 3996; x_wconf 67' lang='grc' dir='ltr'><strong>ι</strong></span> <span class='ocrx_word' id='word_1_296' title='bbox 561 3960 628 4010; x_wconf 79' lang='lat' dir='ltr'><strong>uu.</strong></span> <span class='ocrx_word' id='word_1_297' title='bbox 643 3959 680 4010; x_wconf 76' lang='grc' dir='ltr'><strong>ιε.</strong></span> <span class='ocrx_word' id='word_1_298' title='bbox 764 3935 772 3952; x_wconf 88' lang='grc'><strong>”</strong></span> 
     </span>
    </p>
   </div>
   <div class='ocr_carea' id='block_1_6' title="bbox 0 0 1356 4610">
    <p class='ocr_par' dir='ltr' id='par_1_8' title="bbox 0 0 1356 4610">
     <span class='ocr_line' id='line_1_35' title="bbox 0 0 1356 4610; baseline 0 0"><span class='ocrx_word' id='word_1_299' title='bbox 0 0 1356 4610; x_wconf 95' lang='lat' dir='ltr'><strong> </strong></span> 
     </span>
    </p>
   </div>
  </div>
 </body>
</html>
