2744 4600
391 318 421 362 nr
446 319 585 365 anuaaos
607 320 737 366 aarum
760 320 829 362 xxv.
1058 291 1116 362 52'1

1 503 3 517 ,
94 438 322 528 quabelluiaua
338 435 387 505 vel
397 436 763 523 leriuuainterpretatur.
777 437 817 500 Fa
828 429 990 522 quomodo
1001 438 1118 524 potaris

1 566 3 578 ·
100 531 214 636 plorare
228 547 257 617 ei
271 545 329 632 qui
344 556 376 608 te
391 544 549 632 probavit,
561 544 586 610 si
602 567 667 610 non
681 543 883 620 absciderisa
899 556 931 607 te
946 556 980 607 et
994 547 1118 632 ponitus

99 656 260 746 peromeris
280 653 438 730 belluinos
458 665 492 722 et
509 653 591 720 seros
615 653 742 720 morea?
758 654 928 732 Quomodo
946 643 1064 743 poteria
1079 658 1120 722 arl

100 778 330 842 manauetorum
340 764 574 845 beatitudiuem
586 764 764 852 pervenire,
780 764 839 828 nisi
851 764 937 852 priua
948 765 1119 830 interficias

99 879 184 952 lirin,
196 888 226 940 et
241 875 335 950 morti
355 875 459 947 tradas
472 875 561 962 priua'
577 873 750 952 iracundiae
765 873 942 940 leritatami
958 877 1023 963 Ego
1042 888 1120 964 puto

99 986 177 1073 quod
195 985 321 1053 nomina
343 984 412 1052 baeo
429 979 596 1070 Scriptura
617 984 722 1048 divim
744 1003 809 1048 nan
824 983 1029 1070 probistoria
1045 1007 1128 1050 nor-x

1 1173 2 1180 *
97 1095 217 1167 raverit,
232 1092 288 1158 sed
304 1116 363 1179 pro
379 1094 480 1184 munia
496 1104 530 1158 et
543 1094 639 1158 rebus
651 1093 812 1179 aptaverit.
829 1092 909 1158 Nam
920 1103 1012 1180 putas
1026 1093 1122 1158 luerit

1 1254 3 1290 ,
96 1201 199 1290 aliquis
211 1201 253 1298 ita
268 1201 397 1276 stultus,
408 1199 539 1288 qui'filio
551 1223 609 1266 suo
621 1223 739 1266 nomen
749 1199 911 1265 Belluinus
923 1201 1122 1289 imponeret?

1 1369 2 1400 3
96 1310 157 1376 seu
172 1309 234 1378 boe
250 1309 388 1377 arbitror
406 1309 519 1395 magia,
536 1307 622 1395 quod
637 1308 836 1374 instructioni
854 1310 1032 1375 animmum
1045 1333 1121 1399 pro-

97 1419 226 1506 spexerit
239 1434 344 1487 sermo
358 1418 496 1491 divinus,
510 1417 618 1482 voleus
629 1418 721 1484 nobis
732 1417 899 1483 ostendere
912 1419 1120 1505 quod-adver-

1 1611 2 1616 *
96 1526 354 1614 sumbujuamodi
363 1527 434 1594 uitia
447 1525 583 1590 militare
595 1527 781 1602 debeamus,
792 1539 825 1591 ot
837 1526 876 1592 de
889 1525 1075 1593 habitaculis
1086 1551 1123 1594 ea

1 1721 2 1724 Ἴ
97 1636 195 1703 earnis
212 1649 324 1712 nostrae
339 1634 513 1724 depellere,
526 1635 603 1700 istos
618 1657 707 1724 reges
721 1635 830 1722 fugare
842 1635 882 1700 de
897 1660 994 1724 ragno
1011 1660 1120 1724 eorpo-

27 1795 30 1804 .
93 1745 259 1810 risnostri:
274 1744 363 1831 quod
370 1742 539 1832 Apostolus
550 1743 727 1808 evidentius
737 1745 878 1832 designat
887 1745 994 1810 dicens
1007 1768 1016 1808 τ
1030 1745 1123 1812 «Non

91 1885 104 1918 ι
121 1877 193 1943 ergo
204 1866 316 1942 regnat
328 1865 496 1941 peceatum
508 1853 541 1916 in
552 1864 655 1934 rastro
668 1852 794 1918 mortali
806 1853 969 1942 eorpore¹.
982 1853 1057 1920 ‚Vis
1070 1877 1122 1918 au-

91 1973 156 2034 tem
171 1964 277 2029 videre
291 1963 442 2050 quoniam
456 1959 649 2026 nonnanlum
672 1963 758 2050 opud
776 1973 900 2031 sanctos
920 1963 1048 2028 nomina
1064 1971 1122 2052 pro

90 2074 185 2142 rebus
205 2083 366 2159 aptantur,
388 2069 555 2158 sedetiam
571 2070 655 2157 apud
672 2069 813 2136 Gentiles
829 2081 861 2135 et
879 2072 1059 2136 Barbaros?-
1075 2073 1121 2137 De

90 2181 206 2251 sanetis
215 2179 344 2266 quidem
351 2189 463 2244 notum
476 2190 523 2242 est
535 2201 594 2243 our
602 2178 721 2244 Abram
729 2179 889 2245 Abrabam
899 2181 1055 2244 vocitatus
1067 2183 1119 2254 ait,

84 2273 126 2355 ¹et
141 2289 230 2355 Sarni
243 2286 330 2361 Sara,
347 2299 380 2352 et
394 2287 496 2352 Jaoob
509 2286 615 2352 larabi.
631 2289 811 2354 Dooeenrus
825 2301 932 2355 autem
950 2289 1037 2374 quod
1051 2311 1119 2354 mos

87 2400 151 2464 iste
165 2396 317 2466 habeatur
330 2397 426 2464 otiam
441 2395 526 2482 apud
538 2395 704 2462 Barbaros.
718 2395 830 2462 Nonne
847 2420 927 2461 unus
942 2419 981 2462 ex
993 2397 1065 2462 srliia
1077 2398 1121 2463 ls-

86 2504 155 2577 raia'l
167 2531 185 2578 a
197 2506 380 2592 parentibus
392 2505 455 2570 auis
467 2504 588 2592 loseph
600 2527 716 2570 nomen
729 2505 916 2593 acceparat?
928 2528 1002 2571 eum
1014 2517 1120 2570 autem

84 2615 211 2684 transiit
223 2614 255 2678 in
267 2611 454 2700 AEgyptum‚
466 2612 592 2676 etatetit
605 2624 677 2676 ante
689 2612 901 2688 Pharaonem,
914 2615 1122 2679 eommutavit

84 2720 1121 2810 nomenojo5,etdeloaepbcognominaritenmPaompbtompba·

84 2856 163 2908 nee,
174 2832 261 2920 quod
271 2828 377 2917 lingua
389 2852 444 2892 sua
457 2827 579 2894 Pharao
593 2827 632 2892 da
649 2839 845 2894 secretorum
861 2829 908 2895 vel
925 2833 1122 2897 somniorum
1230 2830 1238 2838 “

83 2940 282 3012 revelatione
290 2937 493 3026 composuit².
507 2939 546 3002 Et
556 2961 619 3002 non
627 2937 731 3004 solum
739 2939 858 3028 loseph
866 2941 942 3007 huie
953 2942 1038 3029 apud
1045 2941 1123 3008 Pha-

84 3073 222 3120 raonem
242 3073 281 3114 ex
294 3072 330 3112 re
346 3069 464 3114 nornen
487 3059 625 3135 aptatur,
646 3047 702 3112 sed
716 3060 749 3112 et
764 3048 875 3114 Daniel
895 3051 927 3114 in
946 3049 1120 3138 Babylonia

81 3160 248 3230 Baltassar
263 3157 446 3222 nominatur
460 3179 468 3219 a
482 3167 514 3219 ot
526 3155 676 3230 Ananias,
690 3166 785 3242 atque
800 3157 938 3231 Anarias,
952 3171 987 3222 et
1001 3157 1119 3230 misael,
1140 3153 1143 3160 ’

80 3267 239 3341 Sidraeb,
258 3263 393 3339 llliaaeh,
414 3264 587 3350 Abdeuago
609 3263 819 3329 vocitantur&
835 3262 931 3331 Vides
952 3287 1027 3352 orgo
1048 3265 1120 3353 quia

82 3392 159 3457 tam
179 3372 424 3442 larablitioorurn
437 3395 533 3459 quam
547 3372 643 3436 etiam
658 3373 872 3438 Barbarornm
887 3373 1053 3437 hominum
1069 3395 1122 3436 no-
1195 3431 1202 3442 ,

79 3486 265 3559 mina,non
275 3482 486 3556 fortuitu,sed
497 3505 555 3568 pro
565 3483 699 3546 rebuaet
710 3482 812 3548 causis
823 3494 971 3570 aptantur
982 3481 1014 3546 in
1026 3479 1117 3570 Lege.

60 3573 193 3686 'Igitur
209 3592 452 3659 Madianitarum
471 3613 579 3678 rogem
597 3589 721 3676 Moyses
744 3590 924 3679 appellavit,
944 3602 1038 3678 prout
1057 3591 1123 3678 ipsa

73 3703 215 3775 censuit
226 3700 461 3790 appellandum.
477 3698 635 3773 belluina,
649 3700 764 3788 inquit,
777 3701 881 3766 soritas
896 3713 956 3774 est,
973 3723 1042 3785 qum
1056 3721 1124 3783 rag·

68 3827 136 3884 nat
149 3814 188 3880 in
200 3808 399 3884 Madianitis3
414 3821 446 3876 et
458 3833 523 3876 non
535 3810 600 3901 ipsa
614 3808 730 3886 solum,
744 3811 798 3876 sed
813 3822 846 3877 et
856 3809 933 3876 alius
945 3809 1030 3898 apud
1040 3807 1123 3893 ipsos

110 3945 120 3977 ¹
136 3945 219 3994 Rom.
234 3959 269 4008 vr,
285 3960 320 3994 12.
331 3973 360 3981 -
372 3943 382 3977 ²
395 3945 458 3993 Gra.
475 3942 775 4005 xn‚4⁵.-⁸1)an.=‚7.
