2644 4612
236 253 302 332 464
690 275 830 321 caremus

238 397 340 462 »siout
355 393 454 484 gloria
468 395 648 471 unicornis,
663 407 696 462 et
711 396 856 464 comedet
866 409 966 486 gente
975 399 1202 470 inimicorunsuo
1255 427 1256 442 ,

238 529 352 583 arum,
376 515 409 570 et
425 504 646 572 crassitudines
661 527 773 571 eorum
786 505 999 584 emedullabit,
1015 519 1043 574 et
1058 509 1147 598 jaculis
1158 515 1203 578 sois

237 610 419 702 »sagittabit
433 633 499 676 ecs.
520 610 721 678 Recumbens
737 621 774 676 ut
792 608 842 679 leo
857 612 1035 700 requiescet,
1049 625 1077 678 et
1091 615 1155 680 sicut
1166 639 1203 684 es-
1256 657 1257 674 ,

235 718 343 786 stulus
365 718 475 798 leonis.
498 719 577 800 Quis
598 719 761 786 suscitabit
776 719 918 788 eum¹ts
942 719 1092 791 Considera
1105 746 1164 811 ergo
1178 747 1203 789 es
1256 701 1257 708 ἵ

235 825 285 894 his
299 823 496 914 diligentius,
514 835 547 890 et
564 822 635 890 vido
651 824 812 913 quomodo
827 826 928 892 omnis
942 823 1092 892 similitudo
1105 827 1157 892 aui
1168 851 1200 893 us

235 929 351 1020 quoad
362 940 540 994 extremum
552 939 694 1019 tempus,
705 929 1203 1019 admoubitumegisscitietaoe

236 1048 443 1104 memoretur.
466 1037 541 1102 Post
559 1037 627 1103 haee
648 1061 723 1128 ergo
744 1036 932 1104 exultabitur
950 1038 1035 1126 (tog,
1049 1037 1126 1104 idest
1141 1061 1204 1127 supas

236 1159 340 1222 tecte,
363 1167 497 1234 regnum
520 1145 610 1234 ejus,
634 1167 708 1212 cum
730 1144 877 1213 videlieet
898 1145 937 1211 de
959 1145 1041 1210 terris
1059 1146 1092 1210 ad
1107 1145 1202 1212 cebstia

234 1255 331 1320 fuerit
343 1265 427 1321 tecta
443 1252 641 1320 translatum.
664 1254 729 1320 Sed
742 1254 782 1320 de
798 1254 847 1320 bis
863 1253 984 1344 plenius
1000 1266 1083 1344 prout
1096 1253 1201 1320 boninus

238 1363 343 1439 dedit,
367 1363 399 1428 in
416 1363 629 1429 Numerorum
646 1359 728 1430 libro
747 1364 905 1452 persecuti
920 1385 1034 1429 sumus.
1054 1363 1200 1451 Reqtinnns

237 1495 311 1540 sane
328 1472 354 1538 si
374 1472 471 1538 etiam
486 1471 601 1538 sanctis
618 1472 763 1562 patribus
777 1473 852 1562 ipsis
867 1485 901 1538 et
915 1470 1066 1562 prophetis
1078 1472 1119 1559 qui
1129 1471 1198 1537 ninir

236 1593 399 1649 traverunt
407 1580 541 1647 verbum
550 1591 623 1646 ante
633 1581 802 1650 adrentum
810 1580 939 1646 Domini
946 1579 1040 1646 nostri
1047 1577 1194 1654 lesullr'st',

235 1687 437 1780 perfectionis
451 1688 565 1776 hujus,
581 1687 709 1777 serique
724 1689 793 1756 auri
807 1671 908 1778 gretia
918 1688 990 1756 duta
1007 1688 1064 1754 sit:
1081 1699 1192 1754 autum

236 1797 342 1864 littura
357 1797 427 1864 heo
440 1794 669 1884 intellexerint,
684 1797 762 1878 etin
773 1797 886 1886 spiritu
902 1807 1033 1864 ventura
1045 1792 1186 1886 preriltidt
1259 1839 1261 1852 ·

236 1917 332 1993 atque
351 1905 392 1970 ob
414 1903 477 1972 boc
497 1903 600 1972 solum
619 1904 733 1970 dixerit
753 1905 909 1971 Dominus
931 1905 971 1971 de
990 1903 1126 1976 tenuo,
1140 1898 1181 1986 tul

235 2011 459 2080 desideraverit
479 2011 586 2079 ridere
609 2011 694 2078 diem
711 2012 799 2099 ejus,
818 2023 852 2076 et
867 2011 1000 2088 viderit,
1020 2003 1184 2077 ostenuit

235 2121 324 2210 quod
334 2119 453 2188 scilicet
466 2121 502 2186 in
512 2121 624 2210 spiritu
635 2119 741 2186 lutura
758 2119 967 2210 prevideant.
982 2122 1022 2188 Et
1032 2115 1193 2207 magislotst

236 2230 298 2297 hoo
316 2230 359 2296 ita
375 2252 443 2296 esse
459 2229 556 2296 etiem
577 2227 630 2294 ille
648 2251 752 2296 sermo
777 2229 968 2306 confirmet,
991 2228 1043 2317 qni
1062 2227 1111 2292 aits
1127 2215 1196 2286 «boll

237 2338 334 2427 ›justi
346 2337 603 2405 desideraverunt
619 2337 726 2404 videre
745 2361 817 2426 quse
834 2337 967 2415 ridetis,
984 2349 1016 2404 et
1025 2359 1082 2403 non
1092 2331 1201 2400 tiltrtnlt

237 2459 293 2513 set
306 2446 415 2513 audire
432 2468 502 2533 quae
519 2445 652 2522 auditis,
669 2457 702 2511 et
716 2466 782 2512 non
795 2445 1019 2513 audieruut,
1039 2438 1151 2526 Quantis
1165 2453 1205 2501 Μ

235 2555 296 2623 illis
312 2553 453 2645 potuerit
467 2553 602 2620 delusisse
619 2552 772 2645 perfectio
792 2554 922 2621 veniens
936 2578 976 2620 ex
997 2553 1064 2620 fide.
1080 2551 1140 2630 Qua
1152 2541 1207 2610 mitt

236 2687 294 2730 nos
309 2663 391 2731 lacta
406 2662 587 2739 oredimus,
605 2660 674 2728 hec
693 2660 738 2728 illi
747 2659 877 2752 'majore
892 2685 970 2730 cum
986 2657 1163 2751 expectatione
1177 2649 1209 2716 lt·

236 2785 307 2839 ture
328 2769 510 2840 credebant.
533 2769 624 2839 Sicut
645 2793 722 2860 ergo
743 2794 783 2836 ex
808 2771 949 2838 adventu
971 2768 1078 2839 Christi
1095 2761 1211 2832 ctcdtdss

236 2879 466 2968 preteritorum
478 2877 575 2956 lidos,
591 2877 679 2945 itaet
692 2875 761 2944 illos
776 2877 960 2946 futurorum
976 2878 1014 2946 ad
1031 2887 1212 2955 summanptr

236 2988 381 3054 fectionis
395 2987 536 3053 adduxit.
559 2986 656 3068 Quod
668 2986 693 3052 si
710 2985 751 3054 ad
767 3007 1022 3075 unamquemque
1036 2971 1212 3053 nimmolo

237 3106 325 3160 retur
346 3095 518 3186 expositio,
540 3094 699 3161 videbitur
711 3095 804 3183 quod
823 3095 927 3163 donec
939 3092 1066 3185 ‘parvula
1088 3101 1128 3154 est
1145 3081 1210 3148 udlnt

238 3202 342 3270 anima
363 3214 397 3268 et
416 3202 624 3293 imperfecte,
650 3215 682 3268 et
701 3204 761 3268 sub
785 3204 944 3270 tutoribus
965 3214 998 3270 et
1013 3189 1211 3292 procuratotlltt

237 3310 340 3400 posita
350 3357 360 3386 ,
372 3310 435 3375 sive
447 3309 630 3377 doctoribus
641 3308 808 3389 Ecclesiae,
824 3311 889 3378 sire
899 3307 1041 3400 Angelis,
1053 3306 1103 3396 qui
1114 3292 1216 3391 ΡΜ

237 3440 310 3483 rum
325 3418 471 3484 custodes
486 3442 554 3484 esse
565 3419 733 3496 dicuntur,
746 3431 778 3484 et
791 3420 897 3486 ridere
909 3441 1032 3510 semper
1041 3414 1138 3482 sociem
1151 3401 1218 3496 ptlrlt

237 3527 292 3616 qui
307 3527 340 3592 in
354 3524 444 3594 coelis
463 3539 529 3614 est,¹
542 3525 762 3594 similitudines
782 3528 850 3593 auri
867 3526 950 3596 fiunt
964 3528 1012 3603 ei,
1026 3545 1094 3592 cum
1108 3539 1161 3587 non
1171 3508 1220 3578 stl'r

238 3635 286 3701 dis
305 3647 338 3703 et
354 3634 489 3702 sortibus
510 3633 603 3702 alitur
624 3633 713 3700 verbi
734 3635 792 3702 Dei
814 3636 911 3714 cibis,
937 3636 991 3702 sed
1013 3621 1220 3700 similitudinibus

238 3744 410 3822 imbuitur,
430 3741 516 3810 velut
529 3743 554 3808 si
566 3742 728 3822 dicamus,
743 3743 902 3834 parabolis
912 3757 946 3811 et
958 3738 1098 3831 exemplis
1107 3734 1219 3803 locoru.

276 3894 371 3944 ¹llnm.
385 3909 458 3956 xxiv,
473 3909 512 3961 ¹7·
532 3892 598 3943 tbtt.
610 3909 635 3962 7,
653 3892 680 3958 Β,
698 3911 763 3960 9.-
779 3897 877 3949 ²Josn.
889 3889 1090 3948 vm.-·-⁸ldsttb.
1105 3899 1158 3944 xm,
1168 3893 1197 3945 ¹7·
