2692 4610
382 335 415 381 re
439 337 613 382 nnvrrrcun
636 337 763 380 nounm
788 337 830 380 xi.
1061 313 1121 378 255

78 457 209 522 mentis.
229 451 386 518 Similiter
399 465 432 516 et
446 453 582 542 ¹puteris,
605 476 643 517 ec
663 451 775 541 phialis
791 453 839 518 his
856 476 925 541 quae
940 463 1056 517 senctae
1070 476 1122 540 ep·

79 563 254 652 pellantur,
272 560 314 624 nd
329 558 488 623 humanos
503 571 534 622 et
549 582 735 623 communes
748 581 822 623 usus
834 559 879 622 uti
891 581 956 623 non
968 557 1054 632 licet,
1067 558 1121 622 sed

54 731 60 744 ,
81 685 212 737 tentum
226 671 267 734 ed
285 668 392 733 divine
410 669 594 733 ministeria.
616 667 711 747 Quod
725 668 749 732 si
768 667 947 733 intellexisti
960 665 1122 754 quomodo

88 779 138 845 vel
154 777 281 852 enimel,
297 776 347 842 vel
369 799 435 851 ves,
454 776 501 841 vel
521 777 745 842 vestimentum
766 789 912 842 sanctum
933 774 1120 864 appelletur,

89 897 319 973 consequenter
337 883 478 972 intellige
498 885 583 972 quod
602 884 651 949 his
667 885 937 950 observationibus
954 896 987 948 et
1001 883 1122 972 legibus

90 996 186 1059 etiem
201 995 296 1058 homo
312 1002 441 1058 sanctus
459 990 643 1080 appelletur.
666 992 700 1056 Si
718 994 788 1080 quis
802 994 888 1058 enim
909 993 1047 1080 seipsum
1065 994 1122 1058 de·

91 1104 205 1168 voverit
219 1101 306 1172 Deos
321 1101 347 1166 si
362 1101 433 1186 quis
448 1098 542 1166 nullis
557 1125 591 1165 se
607 1102 740 1189 negotiis
763 1099 965 1167 secularibus
978 1099 1122 1190 implice-

85 1215 174 1287 verit‚
191 1223 228 1276 ut
242 1213 273 1276 ei
288 1208 414 1298 placent
429 1211 482 1275 cui
497 1233 530 1274 se
547 1211 711 1298 probnrit;
730 1211 755 1274 si
773 1210 843 1297 quis
856 1224 1016 1299 seperatus
1029 1221 1077 1276 est
1091 1224 1123 1276 et

83 1333 268 1409 segregatus
289 1342 309 1383 e
332 1317 461 1406 reliquis
482 1318 665 1383 hominibus
691 1316 861 1383 cumnlitor
880 1319 1069 1393 viventibus,
1092 1332 1125 1383 et

86 1429 259 1494 mundanis
270 1428 403 1515 negotiis
414 1424 572 1514 obligetis,
586 1449 650 1493 non
665 1449 808 1514 quaerens
823 1448 861 1491 en
872 1450 943 1514 qum
954 1450 1048 1514 super
1058 1439 1123 1492 ter-

91 1560 173 1612 mm,
190 1537 247 1601 sed
260 1559 326 1623 que
341 1537 373 1600 in
390 1535 477 1602 coelis
493 1548 567 1602 sunt
579 1558 587 1600 ε
599 1536 659 1600 iste
670 1536 786 1600 merito
797 1547 925 1602 sanctus
936 1535 1120 1624 appelletur.

91 1645 202 1712 Donec
221 1645 303 1709 enim
323 1645 496 1732 permixtus
512 1656 560 1708 est
580 1645 696 1719 turbis,
711 1657 744 1708 et
763 1644 796 1709 in
816 1643 1019 1711 multitudine
1041 1643 1124 1710 ssuc-
1173 1721 1175 1726 ¹
1199 1635 1204 1642 ¹

89 1756 245 1820 tuentium
268 1753 439 1828 volutetur,
457 1775 517 1819 nec
532 1766 624 1820 vacet
646 1753 703 1819 soli
722 1755 803 1828 Deo,
819 1776 924 1842 neque
945 1765 1124 1843 segregatus

85 1887 104 1928 a
118 1862 213 1952 vulgo
226 1875 290 1938 est,
307 1885 373 1927 non
388 1873 493 1950 potest
509 1883 577 1926 esse
592 1874 731 1927 sanctus.
748 1862 828 1927 Nem
841 1861 880 1926 de
892 1864 936 1927 eis
948 1863 1025 1950 quid
1037 1862 1124 1927 dice·

83 1994 155 2036 mus
170 1970 227 2058 qui
250 1992 327 2036 cum
343 1966 509 2057 gentilium
528 1969 630 2032 turbis
650 1970 689 2033 nd
706 1969 885 2056 spectacula
900 1982 1073 2046 maturent,
1092 1953 1143 2034 ot'

83 2091 277 2166 conspectus
301 2100 375 2143 suos
393 2088 488 2165 etque
503 2078 629 2142 auditus
647 2077 816 2164 impudicis
834 2089 865 2142 et
881 2079 982 2144 verbis
997 2091 1030 2142 et
1045 2080 1124 2143 ecti-

85 2188 150 2252 hus
163 2185 308 2250 imdenti’
328 2184 399 2250 Non
415 2197 464 2249 est
479 2196 623 2250 nostrum
639 2187 845 2272 pronuntiare
861 2187 900 2251 do
914 2185 1044 2258 tnlihus;
1067 2187 1124 2274 ipsi

90 2295 180 2358 enim
198 2294 308 2358 sentire
322 2307 355 2358 et
378 2293 484 2358 videro
507 2305 638 2380 possunt
659 2317 754 2380 quem
776 2293 834 2359 sibi
857 2292 1029 2382 delegerint
1051 2317 1124 2381 pnr-

90 2414 169 2466 tem.
190 2400 239 2465 'l'u
254 2425 323 2489 ergo
334 2403 388 2489 qui
399 2401 470 2467 haec
482 2402 585 2477 nudis,
598 2403 649 2468 cui
665 2401 715 2467 lex
730 2403 835 2467 divine
847 2404 1013 2474 recitetur,
1030 2425 1124 2489 quem

81 2513 187 2600 ipsius
193 2513 290 2576 etiem
300 2513 354 2575 Dei
367 2533 472 2600 sermo
484 2513 633 2576 convenit
642 2511 752 2576 dicens
764 2535 772 2574 ε
784 2537 797 2569 ι
807 2509 915 2575 Sancti
927 2523 1040 2585 estote,
1052 2511 1125 2598 quin

80 2632 145 2686 »et
156 2643 220 2708 ego
234 2631 362 2684 sanctus
377 2641 461 2694 sum,
476 2619 629 2684 Dominus
646 2620 729 2684 Deus
742 2631 844 2684 vester
854 2618 879 2694 ¹,
891 2620 1069 2708 »sapienter
1080 2620 1124 2684 iu·

77 2727 191 2818 tellige
206 2751 280 2814 quae
295 2727 457 2797 dicuntur,
472 2737 509 2790 ut
523 2727 565 2791 sis
580 2728 691 2791 beatus
706 2749 781 2792 eum
798 2727 910 2791 feceris
926 2749 973 2790 ee.
992 2727 1061 2792 lloc
1076 2739 1124 2792 est

78 2837 169 2903 enim
184 2836 278 2924 quod
292 2833 409 2900 dicitnr
427 2834 482 2899 tibi
501 2855 509 2896 ε
526 2833 644 2920 Sepnrn
664 2845 695 2898 te
711 2836 750 2898 eb
766 2836 851 2899 omni
868 2858 932 2899 non
948 2833 1050 2899 solum
1064 2834 1119 2900 ho·

76 2947 183 3018 mine,
205 2941 265 3008 sed
288 2953 321 3006 et
339 2939 435 3006 fratre
450 2941 589 3028 inquiete
605 2939 801 3014 ambulante,
816 2954 849 3005 et
865 2965 929 3007 non
950 2945 1125 3010 secundum

76 3051 276 3118 traditiones
293 3047 487 3136 Apostolices
506 3071 515 3111 ε
533 3048 754 3135 «Sepnremini
770 3051 889 3112 etenim
904 3051 957 3136 qni
980 3053 1124 3139 portetis,

75 3159 242 3245 sinonis,
266 3179 339 3223 vase
357 3156 497 3232 Domini,
513 3169 546 3221 et
565 3158 648 3222 exite
670 3157 709 3221 de
730 3156 836 3222 medio
855 3160 1001 3233 eornm',
1020 3189 1032 3220 s
1048 3160 1125 3225 dicit

78 3269 256 3334 Dominus.
279 3264 397 3352 Sepem
414 3275 445 3328 te
461 3287 478 3328 n
494 3267 627 3330 terrenis
645 3265 783 3340 actibus,
799 3289 909 3353 separa
923 3277 955 3332 te
969 3292 987 3332 a
1004 3287 1124 3335 coneu-

79 3375 239 3464 piscentie
253 3373 365 3438 mundi
378 3395 387 3436 ε
401 3371 530 3438 «Omne
544 3375 635 3438 enim
650 3373 737 3460 quod
750 3374 783 3438 in
800 3376 919 3440 mundo
934 3377 1124 3451 est‚'.seeun-

86 3485 196 3549 ndum
216 3482 432 3572 Apostolum,
461 3482 719 3570 concupiscentie
743 3483 846 3548 cornis
868 3495 929 3559 est,
951 3497 986 3548 et
1004 3508 1125 3552 concu-

83 3591 266 3681 spiscentia
293 3588 475 3664 oculorum,
500 3613 569 3676 quae
592 3613 657 3656 non
679 3603 727 3656 est
746 3614 764 3654 n
788 3590 888 3657 Deo⁸.
908 3621 928 3658 ι
940 3593 1021 3658 Cum
1046 3615 1122 3681 ergo
1159 3679 1163 3686 Δ

79 3703 279 3794 separaveris
307 3713 339 3765 te
366 3700 407 3764 eb
432 3699 483 3763 his
505 3700 665 3774 omnibus,
688 3701 806 3766 devoro
829 3713 860 3766 te
883 3686 1123 3789 Doo³tnnquem

75 3809 333 3901 primogenitum
344 3804 481 3870 vitulum
493 3827 501 3868 :
516 3829 581 3871 non
593 3819 743 3893 operetur
754 3830 812 3895 per
824 3821 855 3872 te
866 3818 1046 3896 peccatum,
1059 3830 1120 3873 nec

114 3937 217 3987 ¹1aevtt.
230 3954 274 3996 u,
285 3937 325 3985 nti.
337 3963 369 3973 -
387 3931 464 3982 ¹lstti.
481 3952 524 3995 nn,
539 3951 577 3984 ιι.
589 3963 620 3973 -
633 3933 642 3966 ³
657 3952 664 3984 ι
679 3938 756 3988 loen.
769 3955 798 3996 n,
813 3937 852 3985 16.
