2744 4624
500 301 531 347 ln·
556 301 698 346 cantatu.

90 519 403 546 §neuuntvuvnuw
410 513 976 536 §musuntunnmwtuuummsu
982 515 1068 531 unu
1075 511 1118 529 su

413 697 638 774 llOMlLlA
663 699 787 774 XVP.

269 893 315 950 De
327 889 531 970 AEgypaiorm
542 886 697 946 amone
709 884 939 966 propersamem.

93 1119 604 1148 ..........................
616 1072 883 1142 ²aVerrtliclerunt
897 1074 1036 1165 AEgyptii
1055 1089 1121 1143 ter-

55 1232 57 1236 ·
88 1223 101 1256 s
116 1215 180 1258 ram
193 1211 286 1256 suam
296 1183 467 1260 Pharaoni,
480 1183 618 1250 obtinuit
631 1184 716 1250 enim
728 1208 783 1250 eos
794 1185 891 1254 sames
902 1186 924 1251 ⁸.
937 1185 1130 1277 »Vitupera-

89 1303 131 1368 tio
141 1301 221 1368 mibi
236 1299 362 1366 ridetur
372 1307 406 1360 et
417 1297 449 1360 in
460 1294 524 1360 boc
536 1291 758 1382 AEgyptiorum
771 1295 936 1360 contineri.
953 1297 1025 1364 Non
1035 1299 1123 1364 enirn

92 1408 183 1476 facile
198 1409 240 1474 ‹le
256 1405 395 1472 llebraeis
415 1404 570 1491 scriptum
592 1401 744 1476 hrenies,
762 1403 835 1488 quia
850 1403 988 1470 obtinuit
1002 1428 1055 1472 cos
1075 1407 1123 1471 sa-

98 1543 177 1584 nrcs.
196 1517 289 1582 Licet
309 1515 393 1580 euim
415 1516 565 1603 scriptum
588 1513 629 1578 ait
650 1513 737 1600 quod
755 1512 886 1579 invaluit
910 1515 1008 1582 fames
1030 1541 1126 1606 super

104 1642 230 1702 terram,
255 1649 318 1692 non
338 1638 437 1690 tamen
452 1625 670 1713 scriptumest
686 1623 772 1710 quod
787 1625 925 1690 obtinuit
947 1625 1045 1692 sames
1067 1626 1125 1693 Ja-

98 1741 157 1804 cob
172 1747 228 1820 ant
241 1734 324 1800 lilios
338 1735 419 1822 ejus,
431 1735 513 1800 sicut
525 1734 565 1800 de
581 1732 735 1822 AEgyptiis
751 1733 868 1798 dicitur
883 1735 969 1822 quod
987 1736 1126 1810 obtinuit

94 1870 148 1912 eos
160 1846 271 1910 sames.
290 1844 442 1924 Quamvis
456 1843 542 1908 eninr
556 1843 659 1910 veniat
670 1844 766 1910 etiam
777 1845 816 1910 od
829 1845 929 1930 justos
940 1844 1051 1922 fames,
1061 1869 1125 1914 non

93 1970 198 2024 tamen
214 1955 339 2020 obtinet
353 1974 429 2020 eos:
444 1965 575 2042 propter
589 1953 676 2039 quod
690 1963 722 2016 et
739 1951 914 2041 gloriantur
928 1955 960 2020 in
975 1979 1025 2032 ea,
1043 1956 1125 2022 sicut

92 2064 207 2131 Paulus
223 2063 384 2128 invenitur
398 2060 535 2128 libenter
549 2059 675 2148 gloriari
691 2061 723 2126 in
739 2061 961 2149 hujuscemodi
977 2066 1127 2154 passioni·

93 2179 166 2250 bus,
177 2197 252 2240 curn
268 2172 366 2238 dicit:
379 2197 393 2232 a
405 2172 441 2236 ln
453 2171 549 2245 same,
565 2183 597 2235 et
610 2171 674 2246 siti,
687 2182 718 2235 et
730 2169 859 2260 liigore,
872 2186 904 2238 et
915 2174 1059 2240 nuditate
1068 2175 1089 2240 ⁴.
1106 2205 1119 2236 a

102 2284 198 2362 Quotl
209 2306 284 2371 ergo
299 2282 389 2370 iustis
404 2280 591 2346 exercitium
607 2280 730 2346 virtutis
744 2294 804 2356 est,
822 2282 883 2348 hoc
898 2284 1022 2370 injustis
1033 2309 1127 2374 paena

99 2391 225 2478 peccati
240 2401 295 2456 est.
316 2390 460 2476 Denique
480 2388 576 2454 etiam
598 2389 734 2456 Abrabae
757 2393 951 2480 temporibus
974 2396 1129 2485 seriptum

94 2513 154 2576 est,
169 2499 369 2587 quotlibeta
386 2511 436 2564 est
450 2499 548 2564 sames
564 2511 800 2587 superterram,
813 2502 1019 2567 ctdescendit
1031 2503 1129 2570 Abra·

92 2639 105 2670 ι
120 2609 198 2676 bam
214 2610 248 2672 in
261 2606 435 2696 AEgyptum
451 2607 595 2672 habitare
609 2608 828 2695 ibi,quonian1
843 2609 1018 2678 invaluerat
1032 2609 1130 2680 fames

88 2741 219 2808 »super
234 2717 383 2784 terram⁶.
400 2718 462 2782 »Et
478 2718 586 2805 utique
602 2717 627 2782 si
643 2716 699 2803 (ut
712 2719 842 2806 quidam
858 2724 989 2810 putant)
1003 2723 1131 2792 incaute

87 2842 120 2895 et
140 2827 297 2916 imperite
315 2837 395 2890 esset
410 2848 515 2891 sermo
530 2824 703 2913 Scriptura
718 2826 831 2916 divinae
846 2830 1052 2917 compositus,
1072 2856 1130 2921 po-

87 2949 196 3004 tuerat
213 2936 338 3009 dicere,
355 2935 440 3021 quod
453 2932 619 3001 descendit
633 2932 794 3000 Abraham
806 2936 838 3000 in
850 2935 1023 3025 AEgyptum
1039 2939 1132 3010 babi-

86 3059 155 3114 tare
164 3047 227 3122 ibi,
239 3044 313 3130 quia
325 3040 602 3130 invalueratsuper
611 3065 686 3108 eum
695 3042 802 3108 sames.
814 3043 1132 3135 Sedintuerequanta

88 3153 305 3222 distinctione
317 3161 424 3216 utatur
439 3173 543 3216 sermo
559 3149 696 3226 divinos,
708 3165 826 3239 quanta
843 3151 976 3221 cautela.
992 3157 1077 3222 Cum
1093 3159 1133 3224 dc

88 3265 210 3330 sanctis
223 3260 339 3334 refert,
352 3259 467 3324 samem
480 3257 557 3324 dicit
572 3257 739 3324 invaluisse
751 3283 845 3348 super
855 3272 990 3338 terram
1005 3288 1079 3333 cum
1093 3268 1133 3333 de

92 3375 233 3459 iniustis,
251 3373 339 3460 ipsos
360 3370 442 3434 fame
456 3369 534 3434 dicit
553 3370 712 3434 obtentos.
736 3369 844 3458 Neque
863 3394 939 3460 ergo
957 3373 1134 3454 Abraham,

103 3503 201 3567 neque
212 3481 337 3554 Jacob,
359 3501 462 3564 neque
477 3475 559 3542 lilios
573 3501 687 3542 eorum
709 3478 831 3544 obtinet
853 3479 962 3548 fames.
981 3483 1045 3550 Sed
1060 3499 1093 3554 et
1108 3490 1134 3554 si

102 3589 280 3666 invalescat,
297 3599 524 3676 superterram
536 3588 652 3652 dieitur
664 3585 866 3655 invalescere.
884 3592 924 3656 Et
939 3599 1135 3684 temporibus

96 3699 183 3768 lsaae
198 3699 411 3768 nibilominus
428 3699 579 3785 scriptum
594 3709 656 3772 est,
668 3698 740 3784 quia
751 3726 764 3760 a
775 3699 858 3767 lacta
870 3713 917 3768 est
930 3704 1028 3772 sames
1040 3732 1135 3796 super

126 3861 221 3912 ¹T0m.
235 3863 275 3920 ll,
289 3878 316 3926 p.
334 3876 378 3908 roa
393 3869 418 3910 et
432 3877 543 3924 seqq.-
555 3857 566 3890 ²
579 3859 609 3907 lt.
624 3859 647 3919 3,
658 3859 682 3917 l,
697 3861 720 3907 5.
729 3877 754 3924 [ι.
774 3861 816 3909 103
826 3861 857 3909 ad
871 3866 926 3912 105.

124 3934 213 3984 ³Grn.
230 3951 311 3993 xbvtr,
327 3949 364 3980 ao.
379 3961 409 3970 ·-
422 3933 431 3966 Α
445 3951 457 3980 a
471 3933 528 3981 (lor.
542 3949 576 3989 ιι,
590 3948 627 3995 ²7·
640 3959 669 3969 -
680 3933 689 3964 ⁵
700 3931 767 3982 Gen.
783 3951 827 3990 ιιι,
842 3951 877 3983 ιο.

229 4042 271 4082 ιι.
1009 4023 1026 4084 5
