2692 4610
341 319 374 366 m
399 321 570 368 asvrrrcmr
593 321 722 370 acutus
747 329 788 370 nr.
1019 313 1081 376 aad

89 451 130 516 2⁰
160 446 348 548 Inveetira
379 441 542 536 quaedam
568 457 694 516 contra
717 447 951 543 pigritantes,
975 453 1081 522 oc'ca·

44 559 139 626 sione
156 565 306 650 accepta
324 551 372 622 ab
391 551 463 622 hoc
482 555 630 624 Levitici
654 567 752 624 textu
773 581 780 622 :
808 557 931 626 Smnet
944 558 1079 648 (sacer-

45 662 131 758 dos)
152 661 300 759 plenum
311 658 475 729 batillum
489 658 699 730 carbonibus
714 665 805 756 igneis
818 661 864 732 de
876 662 1003 734 altari¹
1029 694 1041 735 .·

93 835 191 860 .......
205 794 348 883 Legimus
363 805 397 858 et
410 793 443 858 in
460 794 564 869 Esaia,
581 793 653 881 quia
669 794 733 882 igni
756 808 909 885 purgatur
922 797 1079 886 Propheta

48 923 108 993 per
132 925 229 968 unum
252 925 290 966 ex
310 899 492 989 Seraphim,
509 901 595 988 quod
616 903 748 967 missum
770 917 818 970 est
838 904 879 969 ud
901 928 989 982 eum,
1006 927 1081 973 cum

49 1013 172 1101 accepit
185 1011 305 1097 forcipe
321 1011 495 1075 carbonem
511 1032 611 1073 unum
625 1032 666 1073 ex
680 1011 728 1076 his
743 1013 798 1099 qui
813 1027 904 1077 erant
919 1037 1014 1104 super
1034 1015 1080 1081 al-

48 1129 126 1196 tare,
143 1131 175 1185 et
196 1117 332 1206 contigit
354 1115 434 1181 iahia
458 1115 636 1205 Propheta,
661 1130 691 1182 et
715 1119 818 1183 dixit:
835 1121 944 1186 *Ecce
965 1123 1081 1188 ahstuli

47 1229 255 1316 »iniquitates
278 1223 382 1289 tuns².
396 1251 409 1284 ι
425 1222 502 1288 Mihi
527 1225 674 1289 videntur
695 1225 828 1313 mystica
851 1225 919 1293 haec
946 1251 1026 1306 esse,
1049 1241 1081 1296 et

45 1332 106 1405 hoc
120 1337 278 1408 iudicare,
290 1332 377 1424 quod
395 1333 566 1420 unicuique
582 1334 759 1400 secundum
774 1335 806 1400 id
818 1336 904 1422 quod
918 1351 1040 1425 peccat.
1056 1341 1082 1403 si

47 1446 183 1532 dignum
197 1440 291 1505 [uerit
304 1437 464 1528 purificari
477 1459 564 1514 eum,
577 1439 754 1505 inserantur
764 1444 919 1508 carbones
930 1445 1082 1510 membris

19 1579 27 1596 ν
50 1550 133 1636 ejus.
152 1547 234 1613 Nam
248 1547 392 1632 quoniam
417 1545 494 1612 dicit
515 1545 672 1635 Propheta
689 1547 765 1613 hic:
789 1550 980 1616 «Immunda
998 1549 1079 1616 lobia

50 1684 63 1716 ι
81 1655 198 1728 haheo,
216 1654 247 1718 in
262 1654 364 1718 medio
380 1675 508 1740 queque
530 1652 640 1741 populi
659 1654 821 1720 immunda
839 1655 920 1722 labia
935 1657 1081 1722 habentia

48 1761 377 1839 »hahito¹‚ridcirco
398 1763 495 1828 carbo
517 1761 637 1850 forcipe
658 1775 838 1850 assumptus
861 1787 878 1828 ι
900 1763 1079 1852 Seraphim,

46 1871 126 1938 iahia
142 1873 213 1959 ejus
230 1869 378 1944 mundat,
393 1871 509 1957 quihus
523 1870 597 1935 solis
613 1893 645 1936 se
662 1872 818 1936 mundum
837 1893 902 1938 non
917 1895 986 1938 esse
1001 1898 1079 1962 pro·

44 1981 162 2046 fitetur.
183 1983 312 2068 Exque
327 1979 504 2046 ostenditur
519 1981 605 2068 quod
621 1982 773 2066 usquead
791 1983 923 2047 verbum
939 1995 1061 2050 tantum

45 2091 141 2178 modo
155 2100 327 2178 peccatum
342 2089 411 2176 ejus
434 2089 637 2162 inveniretur,
657 2090 690 2153 in
708 2090 792 2155 iacto
815 2113 888 2155 vero
910 2089 958 2156 vel
980 2116 1076 2181 opere

48 2199 138 2264 nulio
158 2198 336 2286 peccaverit
356 2221 364 2260 ι
387 2197 527 2285 alioquin
542 2185 687 2273 dixisset,
709 2199 857 2286 quoniam
872 2201 1077 2270 Immundum

49 2331 171 2395 corpus
184 2307 297 2384 haheo,
312 2307 359 2374 rei
374 2309 556 2373 immundos
572 2307 682 2373 oculos
696 2305 813 2384 habeo,
829 2310 853 2374 si
869 2325 1030 2397 peccasset
1045 2313 1077 2377 in

50 2416 305 2504 concupiscendo
314 2416 431 2490 aliena:
444 2427 476 2482 et
488 2416 628 2491 dixisset,
641 2417 826 2481 Immundas
838 2439 948 2483 manus
960 2418 1076 2494 haheo,

46 2527 73 2592 si
87 2548 141 2592 ms
157 2523 318 2614 polluisset
334 2528 483 2614 operibus
499 2526 623 2613 iniquis.
644 2525 736 2592 Nunc
755 2537 863 2590 autem
877 2529 1026 2614 quoniam
1046 2531 1078 2594 in

45 2633 111 2700 solo
133 2634 268 2699 sortasse
290 2656 437 2698 sermone
459 2634 606 2699 conscius
628 2633 687 2698 sihi
713 2644 781 2699 erat
801 2632 906 2698 delicti
936 2633 1017 2702 iilius
1039 2639 1078 2704 de

44 2767 106 2830 quo
121 2741 202 2808 dicit
222 2741 398 2806 Dominust
418 2741 523 2820 «Quia
542 2741 637 2806 etiam
654 2741 693 2804 de
710 2743 806 2806 rerho
826 2743 926 2808 otioso
941 2745 1078 2812 reddetis

45 2883 57 2916 s
71 2856 231 2920 rationem
246 2853 279 2917 in
296 2853 345 2917 die
359 2851 469 2941 judicii
479 2850 531 2928 ’,ι
548 2873 606 2939 pro
620 2851 757 2937 eoquod
773 2850 907 2917 difficile·
917 2866 965 2918 est
981 2857 1077 2921 etiam

42 2963 191 3052 perfectis
207 2957 336 3048 cuipam
354 2960 451 3024 vitare
474 2959 640 3032 sermonis,
663 2959 783 3024 idcirco
805 2959 965 3049 indigebat
983 2965 1077 3030 etiam

44 3073 200 3162 Propheta
224 3071 289 3138 sola
313 3069 499 3159 purgatione
515 3068 683 3134 labiorum.
702 3067 765 3135 Nos
785 3081 904 3144 autem,
921 3071 946 3135 si
971 3073 1079 3140 redeat

44 3181 262 3269 unusquisque
275 3180 316 3246 ad
332 3177 557 3272 conscientiam
570 3199 672 3252 suam,
685 3175 794 3242 nescio
805 3177 830 3242 si
846 3201 1011 3266 possumus
1023 3179 1077 3247 ali·

2 3372 3 3375 *
44 3291 127 3375 quod
138 3291 326 3356 membrum
337 3289 481 3376 corporis
492 3305 656 3361 excusare,
670 3282 757 3372 quod
768 3308 831 3351 non
846 3281 909 3375 ig'ni
925 3281 1073 3378 indigeat.

44 3398 85 3462 m
106 3397 266 3487 Propheta
289 3397 419 3485 quidem
439 3398 590 3483 quoniam
609 3396 649 3460 ab
675 3393 823 3460 omnihus
837 3395 976 3462 mundus
995 3409 1075 3474 erat,

46 3503 168 3570 idcirco
188 3507 306 3574 meruit
325 3518 360 3571 ut
382 3528 464 3570 unus
487 3505 526 3570 de
549 3503 714 3591 Seraphim
730 3503 908 3568 mitteretur
931 3505 1074 3582 adeum,

46 3611 103 3698 qni
116 3613 183 3700 ejus
193 3613 258 3680 soie
274 3615 358 3680 labia
374 3623 535 3704 purgaret.
552 3612 615 3679 Nos
627 3635 700 3677 vero
711 3635 823 3680 vereor
835 3635 876 3678 ne
891 3613 996 3702 ignem
1011 3639 1074 3682 non

44 3721 193 3789 memhris
207 3721 352 3812 singuiis,
371 3721 427 3787 sed
444 3733 511 3785 toto
532 3743 664 3807 corpore
683 3742 871 3786 mereamur.
893 3721 975 3787 Cum
990 3723 1074 3788 enim

72 3847 128 3897 ¹ii.
142 3865 168 3913 7.
179 3866 206 3914 p.
221 3849 278 3908 ado,
293 3847 349 3906 atr.

72 3922 84 3955 ²
98 3923 158 3973 lsai.
168 3941 203 3981 ιι,
218 3943 242 3990 7.
254 3953 285 3963 -
296 3923 307 3959 ⁸
318 3921 391 3974 ibid.
406 3923 431 3978 5.
442 3948 472 3960 -
482 3921 493 3954 ¹
505 3921 595 3970 Mum.
607 3935 650 3978 ιιι,
665 3919 705 3970 36.

107 4047 112 4056 ·
177 4032 219 4074 rx.
904 4007 940 4068 15
