<?xml version="1.0" encoding="UTF-8"?>
<!DOCTYPE html PUBLIC "-//W3C//DTD XHTML 1.0 Transitional//EN"
    "http://www.w3.org/TR/xhtml1/DTD/xhtml1-transitional.dtd">
<html xmlns="http://www.w3.org/1999/xhtml" xml:lang="en" lang="en">
 <head>
  <title>
</title>
<meta http-equiv="Content-Type" content="text/html;charset=utf-8" />
  <meta name='ocr-system' content='tesseract 3.04.00' />
  <meta name='ocr-capabilities' content='ocr_page ocr_carea ocr_par ocr_line ocrx_word'/>
</head>
<body>
  <div class='ocr_page' id='page_1' title='image "./collectioselect01guilgoog_0946.png"; bbox 0 0 2604 4614; ppageno 0'>
   <div class='ocr_carea' id='block_1_1' title="bbox 209 264 788 361">
    <p class='ocr_par' dir='ltr' id='par_1_1' title="bbox 209 264 788 361">
     <span class='ocr_line' id='line_1_1' title="bbox 209 264 788 361; baseline -0.002 -20"><span class='ocrx_word' id='word_1_1' title='bbox 209 264 272 361; x_wconf 67' lang='lat'><strong>574</strong></span> <span class='ocrx_word' id='word_1_2' title='bbox 646 297 788 342; x_wconf 74' lang='lat' dir='ltr'><strong>oeternis</strong></span> 
     </span>
    </p>
   </div>
   <div class='ocr_carea' id='block_1_2' title="bbox 205 419 1232 1160">
    <p class='ocr_par' dir='ltr' id='par_1_2' title="bbox 205 419 1232 1160">
     <span class='ocr_line' id='line_1_2' title="bbox 206 419 1229 506; baseline -0.004 -18"><span class='ocrx_word' id='word_1_3' title='bbox 206 419 332 488; x_wconf 67' lang='lat' dir='ltr'><strong>noritis</strong></span> <span class='ocrx_word' id='word_1_4' title='bbox 348 423 481 488; x_wconf 74' lang='lat' dir='ltr'><strong>traditur</strong></span> <span class='ocrx_word' id='word_1_5' title='bbox 494 423 582 492; x_wconf 83' lang='lat' dir='ltr'><strong>ioous</strong></span> <span class='ocrx_word' id='word_1_6' title='bbox 597 447 605 486; x_wconf 76' lang='grc' dir='ltr'><strong>ε</strong></span> <span class='ocrx_word' id='word_1_7' title='bbox 621 435 656 488; x_wconf 89' lang='lat' dir='ltr'><strong>ut</strong></span> <span class='ocrx_word' id='word_1_8' title='bbox 670 445 744 488; x_wconf 88' lang='lat' dir='ltr'><strong>curn</strong></span> <span class='ocrx_word' id='word_1_9' title='bbox 755 419 917 487; x_wconf 84' lang='lat' dir='ltr'><strong>intellectu</strong></span> <span class='ocrx_word' id='word_1_10' title='bbox 929 471 938 496; x_wconf 92' lang='lat'>‚</span> <span class='ocrx_word' id='word_1_11' title='bbox 951 419 1156 506; x_wconf 83' lang='lat' dir='ltr'><strong>moribusque</strong></span> <span class='ocrx_word' id='word_1_12' title='bbox 1164 419 1229 505; x_wconf 80' lang='lat' dir='ltr'><strong>quis</strong></span> 
     </span>
     <span class='ocr_line' id='line_1_3' title="bbox 208 525 1232 618; baseline -0.002 -24"><span class='ocrx_word' id='word_1_13' title='bbox 208 531 394 618; x_wconf 69' lang='lat' dir='ltr'>profecerit,</span> <span class='ocrx_word' id='word_1_14' title='bbox 412 533 516 598; x_wconf 80' lang='lat' dir='ltr'><strong>veniet</strong></span> <span class='ocrx_word' id='word_1_15' title='bbox 532 533 627 597; x_wconf 85' lang='lat' dir='ltr'><strong>etiam</strong></span> <span class='ocrx_word' id='word_1_16' title='bbox 643 531 683 597; x_wconf 80' lang='lat' dir='ltr'><strong>sd</strong></span> <span class='ocrx_word' id='word_1_17' title='bbox 702 528 852 596; x_wconf 74' lang='lat' dir='ltr'><strong>naturalis</strong></span> <span class='ocrx_word' id='word_1_18' title='bbox 871 528 1085 618; x_wconf 74' lang='lat' dir='ltr'><strong>intelligentior</strong></span> <span class='ocrx_word' id='word_1_19' title='bbox 1100 525 1232 617; x_wconf 78' lang='lat' dir='ltr'><strong>discipli·</strong></span> 
     </span>
     <span class='ocr_line' id='line_1_4' title="bbox 207 638 1232 728; baseline -0.004 -24"><span class='ocrx_word' id='word_1_20' title='bbox 207 663 279 704; x_wconf 83' lang='lat' dir='ltr'><strong>nnm</strong></span> <span class='ocrx_word' id='word_1_21' title='bbox 290 688 299 714; x_wconf 96' lang='lat'><strong>,</strong></span> <span class='ocrx_word' id='word_1_22' title='bbox 312 652 404 728; x_wconf 80' lang='lat' dir='ltr'><strong>utque</strong></span> <span class='ocrx_word' id='word_1_23' title='bbox 416 639 458 706; x_wconf 87' lang='lat' dir='ltr'><strong>ibi</strong></span> <span class='ocrx_word' id='word_1_24' title='bbox 474 663 581 706; x_wconf 80' lang='lat' dir='ltr'><strong>renim</strong></span> <span class='ocrx_word' id='word_1_25' title='bbox 591 661 701 706; x_wconf 78' lang='lat' dir='ltr'><strong>cousus</strong></span> <span class='ocrx_word' id='word_1_26' title='bbox 716 651 907 726; x_wconf 73' lang='lat' dir='ltr'><strong>naturasque</strong></span> <span class='ocrx_word' id='word_1_27' title='bbox 917 638 1117 728; x_wconf 77' lang='lat' dir='ltr'><strong>distinguens</strong></span> <span class='ocrx_word' id='word_1_28' title='bbox 1132 659 1232 725; x_wconf 74' lang='lat' dir='ltr'><strong>ugnos·</strong></span> 
     </span>
     <span class='ocr_line' id='line_1_5' title="bbox 206 747 1230 836; baseline -0.004 -24"><span class='ocrx_word' id='word_1_29' title='bbox 206 758 258 812; x_wconf 78' lang='lat' dir='ltr'><strong>ort</strong></span> <span class='ocrx_word' id='word_1_30' title='bbox 274 747 441 813; x_wconf 79' lang='lat' dir='ltr'><strong>vrnitrtem</strong></span> <span class='ocrx_word' id='word_1_31' title='bbox 456 747 709 836; x_wconf 74' lang='lat' dir='ltr'><strong>relinquendam,</strong></span> <span class='ocrx_word' id='word_1_32' title='bbox 726 747 765 814; x_wconf 81' lang='lat' dir='ltr'><strong>ud</strong></span> <span class='ocrx_word' id='word_1_33' title='bbox 783 757 901 812; x_wconf 78' lang='lat' dir='ltr'><strong>reterns</strong></span> <span class='ocrx_word' id='word_1_34' title='bbox 915 757 1023 810; x_wconf 82' lang='lat' dir='ltr'><strong>autem</strong></span> <span class='ocrx_word' id='word_1_35' title='bbox 1038 756 1072 808; x_wconf 90' lang='lat' dir='ltr'><strong>et</strong></span> <span class='ocrx_word' id='word_1_36' title='bbox 1087 755 1230 831; x_wconf 78' lang='lat' dir='ltr'><strong>perpetui</strong></span> 
     </span>
     <span class='ocr_line' id='line_1_6' title="bbox 205 851 1232 943; baseline -0.002 -25"><span class='ocrx_word' id='word_1_37' title='bbox 205 855 438 943; x_wconf 74' lang='lat' dir='ltr'><strong>properandum</strong></span> <span class='ocrx_word' id='word_1_38' title='bbox 455 878 463 920; x_wconf 90' lang='lat'>:</span> <span class='ocrx_word' id='word_1_39' title='bbox 480 855 597 921; x_wconf 80' lang='lat' dir='ltr'><strong>ntideo</strong></span> <span class='ocrx_word' id='word_1_40' title='bbox 613 866 684 943; x_wconf 85' lang='lat' dir='ltr'><strong>post</strong></span> <span class='ocrx_word' id='word_1_41' title='bbox 701 854 890 929; x_wconf 82' lang='lat' dir='ltr'><strong>Proverbia,</strong></span> <span class='ocrx_word' id='word_1_42' title='bbox 906 853 944 917; x_wconf 91' lang='lat' dir='ltr'><strong>ed</strong></span> <span class='ocrx_word' id='word_1_43' title='bbox 961 851 1177 918; x_wconf 80' lang='lat' dir='ltr'><strong>Ecclesiasten</strong></span> <span class='ocrx_word' id='word_1_44' title='bbox 1192 875 1232 916; x_wconf 81' lang='lat' dir='ltr'><strong>re</strong></span> 
     </span>
     <span class='ocr_line' id='line_1_7' title="bbox 207 960 1232 1051; baseline -0.002 -25"><span class='ocrx_word' id='word_1_45' title='bbox 207 963 309 1038; x_wconf 89' lang='lat' dir='ltr'><strong>nitur,</strong></span> <span class='ocrx_word' id='word_1_46' title='bbox 326 963 378 1050; x_wconf 85' lang='lat' dir='ltr'><strong>qui</strong></span> <span class='ocrx_word' id='word_1_47' title='bbox 397 962 489 1028; x_wconf 83' lang='lat' dir='ltr'><strong>docet</strong></span> <span class='ocrx_word' id='word_1_48' title='bbox 512 964 564 1048; x_wconf 91' lang='lat' dir='ltr'><strong>(ut</strong></span> <span class='ocrx_word' id='word_1_49' title='bbox 584 963 737 1051; x_wconf 73' lang='lat' dir='ltr'><strong>diximus)</strong></span> <span class='ocrx_word' id='word_1_50' title='bbox 755 960 885 1028; x_wconf 79' lang='lat' dir='ltr'><strong>visibilia</strong></span> <span class='ocrx_word' id='word_1_51' title='bbox 905 961 1011 1026; x_wconf 80' lang='lat' dir='ltr'><strong>omnis</strong></span> <span class='ocrx_word' id='word_1_52' title='bbox 1032 971 1067 1025; x_wconf 86' lang='lat' dir='ltr'><strong>ct</strong></span> <span class='ocrx_word' id='word_1_53' title='bbox 1087 981 1232 1047; x_wconf 80' lang='lat' dir='ltr'><strong>corporee</strong></span> 
     </span>
     <span class='ocr_line' id='line_1_8' title="bbox 205 1067 1232 1160; baseline -0.004 -24"><span class='ocrx_word' id='word_1_54' title='bbox 205 1070 324 1136; x_wconf 78' lang='lat' dir='ltr'><strong>caduca</strong></span> <span class='ocrx_word' id='word_1_55' title='bbox 337 1093 408 1136; x_wconf 83' lang='lat' dir='ltr'><strong>esse</strong></span> <span class='ocrx_word' id='word_1_56' title='bbox 421 1084 454 1136; x_wconf 85' lang='lat' dir='ltr'><strong>et</strong></span> <span class='ocrx_word' id='word_1_57' title='bbox 468 1070 606 1160; x_wconf 63' lang='lat' dir='ltr'><strong>fragilis.</strong></span> <span class='ocrx_word' id='word_1_58' title='bbox 623 1093 694 1160; x_wconf 76' lang='lat' dir='ltr'><strong>quer</strong></span> <span class='ocrx_word' id='word_1_59' title='bbox 711 1072 817 1158; x_wconf 85' lang='lat' dir='ltr'><strong>utique</strong></span> <span class='ocrx_word' id='word_1_60' title='bbox 831 1093 907 1136; x_wconf 85' lang='lat' dir='ltr'><strong>cum</strong></span> <span class='ocrx_word' id='word_1_61' title='bbox 922 1069 965 1134; x_wconf 84' lang='lat' dir='ltr'><strong>its</strong></span> <span class='ocrx_word' id='word_1_62' title='bbox 980 1091 1050 1134; x_wconf 83' lang='lat' dir='ltr'><strong>csse</strong></span> <span class='ocrx_word' id='word_1_63' title='bbox 1066 1067 1232 1157; x_wconf 81' lang='lat' dir='ltr'><strong>deprehen</strong></span> 
     </span>
    </p>
   </div>
   <div class='ocr_carea' id='block_1_3' title="bbox 106 1177 1233 1268">
    <p class='ocr_par' dir='ltr' id='par_1_3' title="bbox 106 1177 1233 1268">
     <span class='ocr_line' id='line_1_9' title="bbox 106 1177 1233 1268; baseline -0.002 -24"><span class='ocrx_word' id='word_1_64' title='bbox 106 1181 109 1188; x_wconf 73' lang='grc'>’</span> <span class='ocrx_word' id='word_1_65' title='bbox 206 1178 286 1249; x_wconf 84' lang='lat' dir='ltr'><strong>derit</strong></span> <span class='ocrx_word' id='word_1_66' title='bbox 303 1177 329 1243; x_wconf 84' lang='lat' dir='ltr'><strong>is</strong></span> <span class='ocrx_word' id='word_1_67' title='bbox 345 1179 399 1266; x_wconf 85' lang='lat' dir='ltr'><strong>qui</strong></span> <span class='ocrx_word' id='word_1_68' title='bbox 418 1179 577 1268; x_wconf 72' lang='lat' dir='ltr'><strong>sapientise</strong></span> <span class='ocrx_word' id='word_1_69' title='bbox 594 1180 718 1254; x_wconf 82' lang='lat' dir='ltr'><strong>studet,</strong></span> <span class='ocrx_word' id='word_1_70' title='bbox 737 1179 805 1244; x_wconf 86' lang='lat' dir='ltr'><strong>sine</strong></span> <span class='ocrx_word' id='word_1_71' title='bbox 820 1179 918 1243; x_wconf 89' lang='lat' dir='ltr'><strong>dubio</strong></span> <span class='ocrx_word' id='word_1_72' title='bbox 938 1188 1134 1243; x_wconf 77' lang='lat' dir='ltr'><strong>contemnet</strong></span> <span class='ocrx_word' id='word_1_73' title='bbox 1151 1199 1185 1242; x_wconf 77' lang='lat' dir='ltr'><strong>ee</strong></span> <span class='ocrx_word' id='word_1_74' title='bbox 1202 1200 1233 1242; x_wconf 84' lang='lat' dir='ltr'><strong>ec</strong></span> 
     </span>
    </p>
   </div>
   <div class='ocr_carea' id='block_1_4' title="bbox 143 1284 1254 3857">
    <p class='ocr_par' dir='ltr' id='par_1_4' title="bbox 160 1284 1232 1805">
     <span class='ocr_line' id='line_1_10' title="bbox 206 1284 1232 1374; baseline -0.005 -22"><span class='ocrx_word' id='word_1_75' title='bbox 206 1285 373 1374; x_wconf 71' lang='lat' dir='ltr'><strong>despiciet,</strong></span> <span class='ocrx_word' id='word_1_76' title='bbox 385 1299 417 1351; x_wconf 85' lang='lat' dir='ltr'><strong>et</strong></span> <span class='ocrx_word' id='word_1_77' title='bbox 429 1288 576 1353; x_wconf 78' lang='lat' dir='ltr'><strong>uniuerso</strong></span> <span class='ocrx_word' id='word_1_78' title='bbox 590 1285 637 1373; x_wconf 88' lang='lat' dir='ltr'><strong>(ut</strong></span> <span class='ocrx_word' id='word_1_79' title='bbox 652 1287 695 1351; x_wconf 81' lang='lat' dir='ltr'><strong>itu</strong></span> <span class='ocrx_word' id='word_1_80' title='bbox 707 1287 825 1374; x_wconf 81' lang='lat' dir='ltr'><strong>dicem)</strong></span> <span class='ocrx_word' id='word_1_81' title='bbox 841 1284 956 1352; x_wconf 72' lang='lat' dir='ltr'><strong>secuto</strong></span> <span class='ocrx_word' id='word_1_82' title='bbox 968 1285 1168 1350; x_wconf 84' lang='lat' dir='ltr'><strong>renuncians</strong></span> <span class='ocrx_word' id='word_1_83' title='bbox 1178 1297 1232 1348; x_wconf 81' lang='lat' dir='ltr'><strong>ten</strong></span> 
     </span>
     <span class='ocr_line' id='line_1_11' title="bbox 207 1391 1228 1482; baseline -0.004 -22"><span class='ocrx_word' id='word_1_84' title='bbox 207 1394 260 1460; x_wconf 86' lang='lat' dir='ltr'><strong>det</strong></span> <span class='ocrx_word' id='word_1_85' title='bbox 275 1392 315 1460; x_wconf 84' lang='lat' dir='ltr'><strong>sd</strong></span> <span class='ocrx_word' id='word_1_86' title='bbox 330 1392 493 1461; x_wconf 80' lang='lat' dir='ltr'><strong>invisibilis</strong></span> <span class='ocrx_word' id='word_1_87' title='bbox 509 1407 542 1459; x_wconf 86' lang='lat' dir='ltr'><strong>et</strong></span> <span class='ocrx_word' id='word_1_88' title='bbox 555 1405 671 1460; x_wconf 78' lang='lat' dir='ltr'><strong>reterns</strong></span> <span class='ocrx_word' id='word_1_89' title='bbox 682 1443 691 1470; x_wconf 91' lang='lat'><strong>,</strong></span> <span class='ocrx_word' id='word_1_90' title='bbox 703 1415 775 1482; x_wconf 74' lang='lat' dir='ltr'><strong>qim</strong></span> <span class='ocrx_word' id='word_1_91' title='bbox 789 1391 981 1482; x_wconf 77' lang='lat' dir='ltr'><strong>spiritulibus</strong></span> <span class='ocrx_word' id='word_1_92' title='bbox 997 1393 1136 1480; x_wconf 86' lang='lat' dir='ltr'><strong>quidem</strong></span> <span class='ocrx_word' id='word_1_93' title='bbox 1149 1393 1228 1457; x_wconf 77' lang='lat' dir='ltr'><strong>sensi</strong></span> 
     </span>
     <span class='ocr_line' id='line_1_12' title="bbox 160 1500 1231 1598; baseline 0 -32"><span class='ocrx_word' id='word_1_94' title='bbox 160 1583 165 1598; x_wconf 34' lang='grc' dir='ltr'>Ι</span> <span class='ocrx_word' id='word_1_95' title='bbox 207 1503 349 1579; x_wconf 81' lang='lat' dir='ltr'><strong>bus·,sod</strong></span> <span class='ocrx_word' id='word_1_96' title='bbox 359 1501 537 1591; x_wconf 75' lang='lat' dir='ltr'><strong>adopertio,</strong></span> <span class='ocrx_word' id='word_1_97' title='bbox 553 1525 701 1569; x_wconf 84' lang='lat' dir='ltr'><strong>umorum</strong></span> <span class='ocrx_word' id='word_1_98' title='bbox 716 1501 903 1590; x_wconf 79' lang='lat' dir='ltr'><strong>quibusdem</strong></span> <span class='ocrx_word' id='word_1_99' title='bbox 919 1500 1029 1590; x_wconf 78' lang='lat' dir='ltr'><strong>figuris</strong></span> <span class='ocrx_word' id='word_1_100' title='bbox 1043 1500 1231 1566; x_wconf 86' lang='lat' dir='ltr'><strong>docenturin</strong></span> 
     </span>
     <span class='ocr_line' id='line_1_13' title="bbox 210 1608 1228 1677; baseline -0.003 -1"><span class='ocrx_word' id='word_1_101' title='bbox 210 1611 565 1677; x_wconf 80' lang='lat' dir='ltr'><strong>ConticuGantioorum.</strong></span> <span class='ocrx_word' id='word_1_102' title='bbox 579 1611 746 1676; x_wconf 86' lang='lat' dir='ltr'><strong>ideoenim</strong></span> <span class='ocrx_word' id='word_1_103' title='bbox 759 1608 962 1675; x_wconf 81' lang='lat' dir='ltr'><strong>novissimum</strong></span> <span class='ocrx_word' id='word_1_104' title='bbox 974 1608 1088 1674; x_wconf 86' lang='lat' dir='ltr'><strong>iocum</strong></span> <span class='ocrx_word' id='word_1_105' title='bbox 1099 1619 1179 1674; x_wconf 85' lang='lat' dir='ltr'><strong>tenet</strong></span> <span class='ocrx_word' id='word_1_106' title='bbox 1187 1609 1228 1673; x_wconf 82' lang='lat' dir='ltr'><strong>bio</strong></span> 
     </span>
     <span class='ocr_line' id='line_1_14' title="bbox 210 1715 1225 1805; baseline -0.004 -21"><span class='ocrx_word' id='word_1_107' title='bbox 210 1718 303 1796; x_wconf 86' lang='lat' dir='ltr'><strong>liber,</strong></span> <span class='ocrx_word' id='word_1_108' title='bbox 320 1731 355 1784; x_wconf 91' lang='lat' dir='ltr'><strong>ut</strong></span> <span class='ocrx_word' id='word_1_109' title='bbox 368 1731 445 1786; x_wconf 89' lang='lat' dir='ltr'><strong>tuno</strong></span> <span class='ocrx_word' id='word_1_110' title='bbox 458 1719 497 1784; x_wconf 79' lang='lat' dir='ltr'><strong>sd</strong></span> <span class='ocrx_word' id='word_1_111' title='bbox 512 1741 586 1784; x_wconf 89' lang='lat' dir='ltr'><strong>eum</strong></span> <span class='ocrx_word' id='word_1_112' title='bbox 601 1719 757 1794; x_wconf 78' lang='lat' dir='ltr'><strong>venietur,</strong></span> <span class='ocrx_word' id='word_1_113' title='bbox 772 1739 845 1785; x_wconf 84' lang='lat' dir='ltr'><strong>oum</strong></span> <span class='ocrx_word' id='word_1_114' title='bbox 859 1729 892 1782; x_wconf 90' lang='lat' dir='ltr'><strong>et</strong></span> <span class='ocrx_word' id='word_1_115' title='bbox 905 1717 1055 1782; x_wconf 85' lang='lat' dir='ltr'><strong>moribus</strong></span> <span class='ocrx_word' id='word_1_116' title='bbox 1070 1718 1140 1805; x_wconf 83' lang='lat' dir='ltr'><strong>quis</strong></span> <span class='ocrx_word' id='word_1_117' title='bbox 1150 1715 1225 1782; x_wconf 81' lang='lat' dir='ltr'><strong>inerit</strong></span> 
     </span>
    </p>

    <p class='ocr_par' dir='ltr' id='par_1_5' title="bbox 211 1824 1215 1916">
     <span class='ocr_line' id='line_1_15' title="bbox 211 1824 1215 1916; baseline -0.006 -24"><span class='ocrx_word' id='word_1_118' title='bbox 211 1826 389 1903; x_wconf 75' lang='lat' dir='ltr'><strong>desecetur,</strong></span> <span class='ocrx_word' id='word_1_119' title='bbox 403 1838 438 1892; x_wconf 85' lang='lat' dir='ltr'><strong>et</strong></span> <span class='ocrx_word' id='word_1_120' title='bbox 452 1849 557 1892; x_wconf 86' lang='lat' dir='ltr'><strong>rerum</strong></span> <span class='ocrx_word' id='word_1_121' title='bbox 573 1825 826 1916; x_wconf 74' lang='lat' dir='ltr'><strong>corruptibilium</strong></span> <span class='ocrx_word' id='word_1_122' title='bbox 842 1838 935 1913; x_wconf 82' lang='lat' dir='ltr'><strong>etque</strong></span> <span class='ocrx_word' id='word_1_123' title='bbox 951 1824 1215 1913; x_wconf 80' lang='lat' dir='ltr'><strong>incorruptrbriirn</strong></span> 
     </span>
    </p>

    <p class='ocr_par' dir='ltr' id='par_1_6' title="bbox 212 1929 1211 2028">
     <span class='ocr_line' id='line_1_16' title="bbox 212 1929 1211 2028; baseline -0.005 -28"><span class='ocrx_word' id='word_1_124' title='bbox 212 1934 375 2000; x_wconf 76' lang='lat' dir='ltr'><strong>seientiam</strong></span> <span class='ocrx_word' id='word_1_125' title='bbox 387 1933 683 2028; x_wconf 78' lang='lat' dir='ltr'><strong>distinctionemque</strong></span> <span class='ocrx_word' id='word_1_126' title='bbox 698 1934 861 2010; x_wconf 82' lang='lat' dir='ltr'><strong>didicerit,</strong></span> <span class='ocrx_word' id='word_1_127' title='bbox 876 1956 933 2021; x_wconf 88' lang='lat' dir='ltr'><strong>per</strong></span> <span class='ocrx_word' id='word_1_128' title='bbox 942 1957 1018 2022; x_wconf 85' lang='lat' dir='ltr'><strong>quae</strong></span> <span class='ocrx_word' id='word_1_129' title='bbox 1032 1929 1144 1998; x_wconf 85' lang='lat' dir='ltr'><strong>ionrriio</strong></span> <span class='ocrx_word' id='word_1_130' title='bbox 1154 1952 1211 2018; x_wconf 79' lang='lat' dir='ltr'><strong>pos·</strong></span> 
     </span>
    </p>

    <p class='ocr_par' dir='ltr' id='par_1_7' title="bbox 213 2037 1215 2132">
     <span class='ocr_line' id='line_1_17' title="bbox 213 2037 1215 2132; baseline -0.006 -24"><span class='ocrx_word' id='word_1_131' title='bbox 213 2042 252 2108; x_wconf 82' lang='lat' dir='ltr'><strong>sit</strong></span> <span class='ocrx_word' id='word_1_132' title='bbox 267 2064 306 2108; x_wconf 82' lang='lat' dir='ltr'><strong>ex</strong></span> <span class='ocrx_word' id='word_1_133' title='bbox 320 2040 368 2107; x_wconf 80' lang='lat' dir='ltr'><strong>bis</strong></span> <span class='ocrx_word' id='word_1_134' title='bbox 383 2040 512 2130; x_wconf 68' lang='lat' dir='ltr'><strong>figuris,</strong></span> <span class='ocrx_word' id='word_1_135' title='bbox 528 2043 642 2131; x_wconf 83' lang='lat' dir='ltr'><strong>q&#39;uibus</strong></span> <span class='ocrx_word' id='word_1_136' title='bbox 659 2057 778 2132; x_wconf 77' lang='lat' dir='ltr'><strong>sporuae</strong></span> <span class='ocrx_word' id='word_1_137' title='bbox 793 2043 833 2108; x_wconf 87' lang='lat' dir='ltr'><strong>sd</strong></span> <span class='ocrx_word' id='word_1_138' title='bbox 848 2063 1001 2130; x_wconf 84' lang='lat' dir='ltr'><strong>sponsum</strong></span> <span class='ocrx_word' id='word_1_139' title='bbox 1016 2037 1215 2112; x_wconf 54' lang='lat' dir='ltr'><strong>entmundi</strong></span> 
     </span>
    </p>

    <p class='ocr_par' dir='ltr' id='par_1_8' title="bbox 217 2145 1223 2239">
     <span class='ocr_line' id='line_1_18' title="bbox 217 2145 1223 2239; baseline -0.004 -25"><span class='ocrx_word' id='word_1_140' title='bbox 217 2161 278 2225; x_wconf 76' lang='lat' dir='ltr'><strong>rot,</strong></span> <span class='ocrx_word' id='word_1_141' title='bbox 292 2148 404 2216; x_wconf 71' lang='lat' dir='ltr'><strong>enimc</strong></span> <span class='ocrx_word' id='word_1_142' title='bbox 415 2149 562 2239; x_wconf 73' lang='lat' dir='ltr'><strong>perfectu</strong></span> <span class='ocrx_word' id='word_1_143' title='bbox 575 2171 664 2215; x_wconf 84' lang='lat' dir='ltr'><strong>emor</strong></span> <span class='ocrx_word' id='word_1_144' title='bbox 678 2151 860 2216; x_wconf 79' lang='lat' dir='ltr'><strong>adverbum</strong></span> <span class='ocrx_word' id='word_1_145' title='bbox 873 2149 931 2213; x_wconf 85' lang='lat' dir='ltr'><strong>Dei</strong></span> <span class='ocrx_word' id='word_1_146' title='bbox 939 2149 1165 2216; x_wconf 82' lang='lat' dir='ltr'><strong>describitnrrc</strong></span> <span class='ocrx_word' id='word_1_147' title='bbox 1176 2145 1223 2209; x_wconf 83' lang='lat' dir='ltr'><strong>ior</strong></span> 
     </span>
    </p>

    <p class='ocr_par' dir='ltr' id='par_1_9' title="bbox 233 2256 1221 2346">
     <span class='ocr_line' id='line_1_19' title="bbox 233 2256 1221 2346; baseline -0.004 -24"><span class='ocrx_word' id='word_1_148' title='bbox 233 2263 337 2333; x_wconf 80' lang='lat' dir='ltr'><strong>uetur,</strong></span> <span class='ocrx_word' id='word_1_149' title='bbox 355 2256 525 2324; x_wconf 81' lang='lat' dir='ltr'><strong>offendere.</strong></span> <span class='ocrx_word' id='word_1_150' title='bbox 545 2259 714 2324; x_wconf 80' lang='lat' dir='ltr'><strong>Praemissis</strong></span> <span class='ocrx_word' id='word_1_151' title='bbox 736 2278 873 2344; x_wconf 81' lang='lat' dir='ltr'><strong>nemque</strong></span> <span class='ocrx_word' id='word_1_152' title='bbox 891 2256 940 2322; x_wconf 81' lang='lat' dir='ltr'><strong>bis</strong></span> <span class='ocrx_word' id='word_1_153' title='bbox 962 2257 1082 2344; x_wconf 84' lang='lat' dir='ltr'><strong>quibus</strong></span> <span class='ocrx_word' id='word_1_154' title='bbox 1099 2256 1221 2346; x_wconf 73' lang='lat' dir='ltr'><strong>paritiu-</strong></span> 
     </span>
    </p>

    <p class='ocr_par' dir='ltr' id='par_1_10' title="bbox 143 2364 1254 3857">
     <span class='ocr_line' id='line_1_20' title="bbox 225 2364 1230 2453; baseline -0.002 -25"><span class='ocrx_word' id='word_1_155' title='bbox 225 2388 269 2429; x_wconf 68' lang='lat' dir='ltr'><strong>‚ur</strong></span> <span class='ocrx_word' id='word_1_156' title='bbox 280 2364 382 2430; x_wconf 85' lang='lat' dir='ltr'><strong>uniuia</strong></span> <span class='ocrx_word' id='word_1_157' title='bbox 393 2387 451 2453; x_wconf 89' lang='lat' dir='ltr'><strong>per</strong></span> <span class='ocrx_word' id='word_1_158' title='bbox 461 2377 549 2431; x_wconf 78' lang='lat' dir='ltr'><strong>sotus</strong></span> <span class='ocrx_word' id='word_1_159' title='bbox 561 2389 597 2432; x_wconf 86' lang='lat' dir='ltr'><strong>ee</strong></span> <span class='ocrx_word' id='word_1_160' title='bbox 613 2388 736 2442; x_wconf 81' lang='lat' dir='ltr'><strong>mores,</strong></span> <span class='ocrx_word' id='word_1_161' title='bbox 748 2378 779 2430; x_wconf 80' lang='lat' dir='ltr'><strong>ot</strong></span> <span class='ocrx_word' id='word_1_162' title='bbox 792 2367 822 2430; x_wconf 92' lang='lat' dir='ltr'><strong>in</strong></span> <span class='ocrx_word' id='word_1_163' title='bbox 838 2387 945 2431; x_wconf 83' lang='lat' dir='ltr'><strong>rerum</strong></span> <span class='ocrx_word' id='word_1_164' title='bbox 959 2365 1182 2432; x_wconf 75' lang='lat' dir='ltr'><strong>discretionem</strong></span> <span class='ocrx_word' id='word_1_165' title='bbox 1191 2385 1230 2426; x_wconf 72' lang='lat' dir='ltr'><strong>ne</strong></span> 
     </span>
     <span class='ocr_line' id='line_1_21' title="bbox 216 2470 1231 2562; baseline -0.004 -24"><span class='ocrx_word' id='word_1_166' title='bbox 216 2470 364 2539; x_wconf 80' lang='lat' dir='ltr'><strong>toralium</strong></span> <span class='ocrx_word' id='word_1_167' title='bbox 378 2473 573 2562; x_wconf 78' lang='lat' dir='ltr'><strong>perducitur,</strong></span> <span class='ocrx_word' id='word_1_168' title='bbox 586 2485 803 2562; x_wconf 82' lang='lat' dir='ltr'><strong>competenter</strong></span> <span class='ocrx_word' id='word_1_169' title='bbox 814 2474 852 2540; x_wconf 78' lang='lat' dir='ltr'><strong>sd</strong></span> <span class='ocrx_word' id='word_1_170' title='bbox 867 2471 1048 2562; x_wconf 73' lang='lat' dir='ltr'><strong>dognntica</strong></span> <span class='ocrx_word' id='word_1_171' title='bbox 1064 2473 1231 2545; x_wconf 73' lang='lat' dir='ltr'><strong>renitunet</strong></span> 
     </span>
     <span class='ocr_line' id='line_1_22' title="bbox 218 2579 1232 2670; baseline -0.002 -24"><span class='ocrx_word' id='word_1_172' title='bbox 218 2583 258 2646; x_wconf 83' lang='lat' dir='ltr'><strong>ud</strong></span> <span class='ocrx_word' id='word_1_173' title='bbox 275 2581 427 2669; x_wconf 76' lang='lat' dir='ltr'><strong>mystice,</strong></span> <span class='ocrx_word' id='word_1_174' title='bbox 443 2593 537 2670; x_wconf 75' lang='lat' dir='ltr'><strong>etque</strong></span> <span class='ocrx_word' id='word_1_175' title='bbox 553 2583 595 2648; x_wconf 83' lang='lat' dir='ltr'><strong>ud</strong></span> <span class='ocrx_word' id='word_1_176' title='bbox 614 2581 781 2646; x_wconf 76' lang='lat' dir='ltr'><strong>divinitatis</strong></span> <span class='ocrx_word' id='word_1_177' title='bbox 801 2579 1106 2670; x_wconf 81' lang='lat' dir='ltr'><strong>contemplationem</strong></span> <span class='ocrx_word' id='word_1_178' title='bbox 1127 2581 1232 2646; x_wconf 81' lang='lat' dir='ltr'><strong>sineere</strong></span> 
     </span>
     <span class='ocr_line' id='line_1_23' title="bbox 217 2687 1239 2778; baseline -0.001 -25"><span class='ocrx_word' id='word_1_179' title='bbox 217 2702 249 2753; x_wconf 86' lang='lat' dir='ltr'><strong>et</strong></span> <span class='ocrx_word' id='word_1_180' title='bbox 260 2687 388 2777; x_wconf 79' lang='lat' dir='ltr'><strong>spirituli</strong></span> <span class='ocrx_word' id='word_1_181' title='bbox 404 2693 510 2754; x_wconf 74' lang='lat' dir='ltr'><strong>amore</strong></span> <span class='ocrx_word' id='word_1_182' title='bbox 525 2688 759 2756; x_wconf 86' lang='lat' dir='ltr'><strong>conscenditur.</strong></span> <span class='ocrx_word' id='word_1_183' title='bbox 774 2690 863 2754; x_wconf 85' lang='lat' dir='ltr'><strong>Hanc</strong></span> <span class='ocrx_word' id='word_1_184' title='bbox 874 2711 950 2778; x_wconf 72' lang='lat' dir='ltr'><strong>ergo</strong></span> <span class='ocrx_word' id='word_1_185' title='bbox 965 2687 1130 2776; x_wconf 79' lang='lat' dir='ltr'><strong>triplicem</strong></span> <span class='ocrx_word' id='word_1_186' title='bbox 1143 2689 1239 2754; x_wconf 69' lang='lat' dir='ltr'><strong>dirius</strong></span> 
     </span>
     <span class='ocr_line' id='line_1_24' title="bbox 218 2795 1242 2888; baseline -0.002 -24"><span class='ocrx_word' id='word_1_187' title='bbox 218 2797 423 2888; x_wconf 83' lang='lat' dir='ltr'><strong>philosophiae</strong></span> <span class='ocrx_word' id='word_1_188' title='bbox 437 2798 570 2864; x_wconf 80' lang='lat' dir='ltr'><strong>sormam</strong></span> <span class='ocrx_word' id='word_1_189' title='bbox 585 2799 680 2864; x_wconf 79' lang='lat' dir='ltr'><strong>etiem</strong></span> <span class='ocrx_word' id='word_1_190' title='bbox 695 2800 728 2864; x_wconf 87' lang='lat' dir='ltr'><strong>in</strong></span> <span class='ocrx_word' id='word_1_191' title='bbox 743 2795 803 2863; x_wconf 84' lang='lat' dir='ltr'><strong>iliis</strong></span> <span class='ocrx_word' id='word_1_192' title='bbox 819 2800 933 2864; x_wconf 78' lang='lat' dir='ltr'><strong>eunctis</strong></span> <span class='ocrx_word' id='word_1_193' title='bbox 949 2821 986 2864; x_wconf 78' lang='lat' dir='ltr'><strong>eo</strong></span> <span class='ocrx_word' id='word_1_194' title='bbox 1002 2800 1106 2864; x_wconf 77' lang='lat' dir='ltr'><strong>beatis</strong></span> <span class='ocrx_word' id='word_1_195' title='bbox 1124 2800 1193 2864; x_wconf 79' lang='lat' dir='ltr'><strong>viris</strong></span> <span class='ocrx_word' id='word_1_196' title='bbox 1204 2821 1242 2862; x_wconf 79' lang='lat' dir='ltr'><strong>rr·</strong></span> 
     </span>
     <span class='ocr_line' id='line_1_25' title="bbox 221 2896 1243 2995; baseline -0.002 -23"><span class='ocrx_word' id='word_1_197' title='bbox 221 2896 320 2972; x_wconf 85' lang='lat' dir='ltr'><strong>bitror</strong></span> <span class='ocrx_word' id='word_1_198' title='bbox 334 2905 573 2995; x_wconf 69' lang='lat' dir='ltr'><strong>presignatum,</strong></span> <span class='ocrx_word' id='word_1_199' title='bbox 589 2929 648 2994; x_wconf 90' lang='lat' dir='ltr'><strong>pro</strong></span> <span class='ocrx_word' id='word_1_200' title='bbox 669 2927 804 2995; x_wconf 87' lang='lat' dir='ltr'><strong>quorum</strong></span> <span class='ocrx_word' id='word_1_201' title='bbox 822 2907 1025 2972; x_wconf 76' lang='lat' dir='ltr'><strong>sanctissimis</strong></span> <span class='ocrx_word' id='word_1_202' title='bbox 1045 2907 1243 2972; x_wconf 85' lang='lat' dir='ltr'><strong>institutioni·</strong></span> 
     </span>
     <span class='ocr_line' id='line_1_26' title="bbox 220 3013 1242 3090; baseline 0.006 -10"><span class='ocrx_word' id='word_1_203' title='bbox 220 3015 280 3080; x_wconf 85' lang='lat' dir='ltr'><strong>bus</strong></span> <span class='ocrx_word' id='word_1_204' title='bbox 294 3014 379 3078; x_wconf 83' lang='lat' dir='ltr'><strong>Deus</strong></span> <span class='ocrx_word' id='word_1_205' title='bbox 397 3035 539 3078; x_wconf 85' lang='lat' dir='ltr'><strong>summus</strong></span> <span class='ocrx_word' id='word_1_206' title='bbox 554 3014 615 3079; x_wconf 91' lang='lat' dir='ltr'><strong>dici</strong></span> <span class='ocrx_word' id='word_1_207' title='bbox 633 3013 730 3078; x_wconf 86' lang='lat' dir='ltr'><strong>voluit</strong></span> <span class='ocrx_word' id='word_1_208' title='bbox 741 3015 833 3079; x_wconf 81' lang='lat' dir='ltr'><strong>&#39;Deus</strong></span> <span class='ocrx_word' id='word_1_209' title='bbox 846 3014 1026 3090; x_wconf 80' lang='lat' dir='ltr'><strong>Abraham,</strong></span> <span class='ocrx_word' id='word_1_210' title='bbox 1043 3017 1132 3082; x_wconf 82' lang='lat' dir='ltr'><strong>Deus</strong></span> <span class='ocrx_word' id='word_1_211' title='bbox 1147 3017 1242 3086; x_wconf 74' lang='lat' dir='ltr'><strong>isaac,</strong></span> 
     </span>
     <span class='ocr_line' id='line_1_27' title="bbox 219 3117 1234 3210; baseline 0 -26"><span class='ocrx_word' id='word_1_212' title='bbox 219 3119 305 3184; x_wconf 86' lang='lat' dir='ltr'><strong>Deus</strong></span> <span class='ocrx_word' id='word_1_213' title='bbox 320 3118 431 3183; x_wconf 81' lang='lat' dir='ltr'><strong>douob.</strong></span> <span class='ocrx_word' id='word_1_214' title='bbox 450 3117 608 3184; x_wconf 81' lang='lat' dir='ltr'><strong>Abmhem</strong></span> <span class='ocrx_word' id='word_1_215' title='bbox 625 3130 774 3206; x_wconf 76' lang='lat' dir='ltr'><strong>tanquam</strong></span> <span class='ocrx_word' id='word_1_216' title='bbox 793 3118 943 3185; x_wconf 72' lang='lat' dir='ltr'><strong>moralem</strong></span> <span class='ocrx_word' id='word_1_217' title='bbox 963 3119 1106 3188; x_wconf 79' lang='lat' dir='ltr'><strong>desierat</strong></span> <span class='ocrx_word' id='word_1_218' title='bbox 1121 3119 1234 3210; x_wconf 82' lang='lat' dir='ltr'><strong>pbiioso</strong></span> 
     </span>
     <span class='ocr_line' id='line_1_28' title="bbox 222 3227 1242 3316; baseline -0.003 -24"><span class='ocrx_word' id='word_1_219' title='bbox 222 3227 346 3316; x_wconf 80' lang='lat' dir='ltr'><strong>pbism,</strong></span> <span class='ocrx_word' id='word_1_220' title='bbox 365 3247 422 3314; x_wconf 84' lang='lat' dir='ltr'><strong>per</strong></span> <span class='ocrx_word' id='word_1_221' title='bbox 441 3227 662 3292; x_wconf 84' lang='lat' dir='ltr'><strong>obedientium.</strong></span> <span class='ocrx_word' id='word_1_222' title='bbox 682 3229 782 3293; x_wconf 76' lang='lat' dir='ltr'><strong>‘sante</strong></span> <span class='ocrx_word' id='word_1_223' title='bbox 804 3229 890 3292; x_wconf 86' lang='lat' dir='ltr'><strong>enim</strong></span> <span class='ocrx_word' id='word_1_224' title='bbox 908 3227 977 3314; x_wconf 87' lang='lat' dir='ltr'><strong>ejus</strong></span> <span class='ocrx_word' id='word_1_225' title='bbox 997 3227 1059 3291; x_wconf 83' lang='lat' dir='ltr'><strong>suit</strong></span> <span class='ocrx_word' id='word_1_226' title='bbox 1077 3227 1242 3293; x_wconf 77' lang='lat' dir='ltr'><strong>obedientis</strong></span> 
     </span>
     <span class='ocr_line' id='line_1_29' title="bbox 143 3335 1250 3410; baseline 0 -8"><span class='ocrx_word' id='word_1_227' title='bbox 143 3388 149 3402; x_wconf 88' lang='lat'><em>.</em></span> <span class='ocrx_word' id='word_1_228' title='bbox 221 3348 256 3400; x_wconf 86' lang='lat' dir='ltr'><strong>et</strong></span> <span class='ocrx_word' id='word_1_229' title='bbox 273 3335 450 3400; x_wconf 79' lang='lat' dir='ltr'><strong>obseruatio</strong></span> <span class='ocrx_word' id='word_1_230' title='bbox 467 3335 702 3410; x_wconf 77' lang='lat' dir='ltr'><strong>mendatorum,</strong></span> <span class='ocrx_word' id='word_1_231' title='bbox 722 3347 757 3399; x_wconf 91' lang='lat' dir='ltr'><strong>ut</strong></span> <span class='ocrx_word' id='word_1_232' title='bbox 777 3359 851 3401; x_wconf 86' lang='lat' dir='ltr'><strong>cum</strong></span> <span class='ocrx_word' id='word_1_233' title='bbox 870 3335 993 3400; x_wconf 81' lang='lat' dir='ltr'><strong>arrdiret</strong></span> <span class='ocrx_word' id='word_1_234' title='bbox 1011 3359 1020 3400; x_wconf 79' lang='lat' dir='ltr'><strong>r</strong></span> <span class='ocrx_word' id='word_1_235' title='bbox 1038 3337 1099 3401; x_wconf 82' lang='lat' dir='ltr'><strong>Exi</strong></span> <span class='ocrx_word' id='word_1_236' title='bbox 1119 3337 1158 3402; x_wconf 74' lang='lat' dir='ltr'><strong>de</strong></span> <span class='ocrx_word' id='word_1_237' title='bbox 1172 3349 1250 3402; x_wconf 77' lang='lat' dir='ltr'><strong>terra</strong></span> 
     </span>
     <span class='ocr_line' id='line_1_30' title="bbox 220 3441 1253 3530; baseline 0.001 -22"><span class='ocrx_word' id='word_1_238' title='bbox 220 3453 302 3515; x_wconf 79' lang='lat' dir='ltr'><strong>tuo,</strong></span> <span class='ocrx_word' id='word_1_239' title='bbox 318 3441 404 3507; x_wconf 89' lang='lat' dir='ltr'><strong>etde</strong></span> <span class='ocrx_word' id='word_1_240' title='bbox 420 3443 606 3529; x_wconf 72' lang='lat' dir='ltr'><strong>cognatione</strong></span> <span class='ocrx_word' id='word_1_241' title='bbox 623 3453 693 3517; x_wconf 84' lang='lat' dir='ltr'><strong>tua,</strong></span> <span class='ocrx_word' id='word_1_242' title='bbox 710 3454 742 3507; x_wconf 88' lang='lat' dir='ltr'><strong>et</strong></span> <span class='ocrx_word' id='word_1_243' title='bbox 761 3443 800 3508; x_wconf 80' lang='lat' dir='ltr'><strong>tle</strong></span> <span class='ocrx_word' id='word_1_244' title='bbox 819 3443 914 3508; x_wconf 89' lang='lat' dir='ltr'><strong>domo</strong></span> <span class='ocrx_word' id='word_1_245' title='bbox 932 3444 1032 3530; x_wconf 81' lang='lat' dir='ltr'><strong>patris</strong></span> <span class='ocrx_word' id='word_1_246' title='bbox 1053 3445 1119 3518; x_wconf 92' lang='lat' dir='ltr'><strong>tui,</strong></span> <span class='ocrx_word' id='word_1_247' title='bbox 1140 3468 1206 3509; x_wconf 88' lang='lat' dir='ltr'><strong>non</strong></span> <span class='ocrx_word' id='word_1_248' title='bbox 1219 3443 1253 3508; x_wconf 83' lang='lat' dir='ltr'><strong>sit</strong></span> 
     </span>
     <span class='ocr_line' id='line_1_31' title="bbox 225 3548 1251 3642; baseline 0.003 -27"><span class='ocrx_word' id='word_1_249' title='bbox 225 3560 409 3624; x_wconf 75' lang='lat' dir='ltr'><strong>cunctatus,</strong></span> <span class='ocrx_word' id='word_1_250' title='bbox 426 3550 481 3614; x_wconf 88' lang='lat' dir='ltr'><strong>sed</strong></span> <span class='ocrx_word' id='word_1_251' title='bbox 498 3551 602 3616; x_wconf 81' lang='lat' dir='ltr'><strong>stetim</strong></span> <span class='ocrx_word' id='word_1_252' title='bbox 618 3551 745 3626; x_wconf 77' lang='lat' dir='ltr'><strong>iecerit,</strong></span> <span class='ocrx_word' id='word_1_253' title='bbox 761 3551 824 3616; x_wconf 87' lang='lat' dir='ltr'><strong>imo</strong></span> <span class='ocrx_word' id='word_1_254' title='bbox 840 3563 872 3615; x_wconf 88' lang='lat' dir='ltr'><strong>et</strong></span> <span class='ocrx_word' id='word_1_255' title='bbox 885 3548 1007 3638; x_wconf 48' lang='lat' dir='ltr'><strong>¹uliquid</strong></span> <span class='ocrx_word' id='word_1_256' title='bbox 1019 3552 1159 3642; x_wconf 80' lang='lat' dir='ltr'><strong>emplius</strong></span> <span class='ocrx_word' id='word_1_257' title='bbox 1175 3553 1251 3618; x_wconf 72' lang='lat' dir='ltr'><strong>fece</strong></span> 
     </span>
     <span class='ocr_line' id='line_1_32' title="bbox 227 3657 1254 3735; baseline 0.001 -11"><span class='ocrx_word' id='word_1_258' title='bbox 227 3659 277 3724; x_wconf 89' lang='lat' dir='ltr'><strong>rit.</strong></span> <span class='ocrx_word' id='word_1_259' title='bbox 303 3657 439 3724; x_wconf 70' lang='lat' dir='ltr'><strong>Audiens</strong></span> <span class='ocrx_word' id='word_1_260' title='bbox 462 3659 546 3724; x_wconf 89' lang='lat' dir='ltr'><strong>enim</strong></span> <span class='ocrx_word' id='word_1_261' title='bbox 567 3669 601 3722; x_wconf 90' lang='lat' dir='ltr'><strong>ut</strong></span> <span class='ocrx_word' id='word_1_262' title='bbox 623 3657 798 3725; x_wconf 82' lang='lat' dir='ltr'><strong>immolaret</strong></span> <span class='ocrx_word' id='word_1_263' title='bbox 815 3657 918 3726; x_wconf 32' lang='lat' dir='ltr'><strong>*fitium</strong></span> <span class='ocrx_word' id='word_1_264' title='bbox 941 3659 1078 3735; x_wconf 75' lang='lat' dir='ltr'><strong>suum&#39;,</strong></span> <span class='ocrx_word' id='word_1_265' title='bbox 1101 3683 1165 3726; x_wconf 84' lang='lat' dir='ltr'><strong>nec</strong></span> <span class='ocrx_word' id='word_1_266' title='bbox 1188 3658 1254 3725; x_wconf 73' lang='lat' dir='ltr'><strong>tros</strong></span> 
     </span>
     <span class='ocr_line' id='line_1_33' title="bbox 228 3765 1252 3857; baseline 0.003 -26"><span class='ocrx_word' id='word_1_267' title='bbox 228 3767 354 3855; x_wconf 76' lang='lat' dir='ltr'><strong>quidem</strong></span> <span class='ocrx_word' id='word_1_268' title='bbox 375 3765 516 3842; x_wconf 88' lang='lat' dir='ltr'><strong>dubitet,</strong></span> <span class='ocrx_word' id='word_1_269' title='bbox 536 3769 590 3832; x_wconf 85' lang='lat' dir='ltr'><strong>scd</strong></span> <span class='ocrx_word' id='word_1_270' title='bbox 610 3769 808 3856; x_wconf 85' lang='lat' dir='ltr'><strong>obtemperet</strong></span> <span class='ocrx_word' id='word_1_271' title='bbox 830 3781 987 3857; x_wconf 68' lang='lat' dir='ltr'><strong>praecepto</strong></span> <span class='ocrx_word' id='word_1_272' title='bbox 1010 3783 1070 3833; x_wconf 90' lang='lat' dir='ltr'><strong>:et</strong></span> <span class='ocrx_word' id='word_1_273' title='bbox 1089 3770 1130 3834; x_wconf 82' lang='lat' dir='ltr'><strong>ed</strong></span> <span class='ocrx_word' id='word_1_274' title='bbox 1152 3793 1252 3834; x_wconf 75' lang='lat' dir='ltr'><strong>exem</strong></span> 
     </span>
    </p>
   </div>
   <div class='ocr_carea' id='block_1_5' title="bbox 266 3910 635 3974">
    <p class='ocr_par' dir='ltr' id='par_1_11' title="bbox 266 3910 635 3974">
     <span class='ocr_line' id='line_1_34' title="bbox 266 3910 635 3974; baseline -0.005 -12"><span class='ocrx_word' id='word_1_275' title='bbox 266 3915 273 3948; x_wconf 81' lang='lat'><strong>¹</strong></span> <span class='ocrx_word' id='word_1_276' title='bbox 285 3915 346 3962; x_wconf 81' lang='lat' dir='ltr'><strong>Gen.</strong></span> <span class='ocrx_word' id='word_1_277' title='bbox 357 3929 410 3974; x_wconf 73' lang='grc' dir='ltr'><strong>ιιι,</strong></span> <span class='ocrx_word' id='word_1_278' title='bbox 426 3929 447 3963; x_wconf 89' lang='grc' dir='ltr'><strong>ι.</strong></span> <span class='ocrx_word' id='word_1_279' title='bbox 460 3941 488 3951; x_wconf 94' lang='lat'><em>-</em></span> <span class='ocrx_word' id='word_1_280' title='bbox 500 3910 556 3964; x_wconf 74' lang='lat' dir='ltr'><strong>²1d,</strong></span> <span class='ocrx_word' id='word_1_281' title='bbox 572 3929 635 3962; x_wconf 78' lang='grc' dir='ltr'><strong>ιιιι.</strong></span> 
     </span>
    </p>
   </div>
   <div class='ocr_carea' id='block_1_6' title="bbox 0 0 1313 4614">
    <p class='ocr_par' dir='ltr' id='par_1_12' title="bbox 0 0 1313 4614">
     <span class='ocr_line' id='line_1_35' title="bbox 0 0 1313 4614; baseline 0 0"><span class='ocrx_word' id='word_1_282' title='bbox 0 0 1313 4614; x_wconf 95' lang='lat' dir='ltr'><strong> </strong></span> 
     </span>
    </p>
   </div>
  </div>
 </body>
</html>
