2604 4614
305 293 338 338 aa
362 293 523 338 caarreuu
546 293 749 340 tarraconae
772 295 935 340 raonoers.
1070 273 1133 358 577

103 424 182 478 sest.
208 441 221 475 ι
246 414 312 502 Ego
331 425 437 480 eutem
456 415 591 483 arbitror
611 416 697 503 quod
713 437 777 482 nou
792 417 888 505 possit
905 417 946 484 ad
962 416 1135 504 istud-per-

102 520 226 586 fectum
241 523 309 609 quia
327 533 359 586 et
377 523 547 609 mysticum
565 523 726 590 canticum
743 526 922 613 pervenire,
937 537 970 590 ct
990 523 1030 590 ad
1044 525 1136 590 istam

104 629 332 717 perfectionem
347 653 486 717 sponse,
498 653 570 718 que
579 631 612 698 in
626 630 687 698 bac
701 632 857 721 scriptura
871 633 1063 707 continetur,
1077 631 1136 698 nisi

106 744 196 832 prius
216 740 353 808 ambulet
372 766 429 831 per
448 744 568 813 siccum
585 744 620 809 iu
638 744 859 821 mediomari,
878 757 912 810 et
927 744 983 812 fiat
1005 746 1033 810 ei
1057 767 1137 831 aqua

108 875 251 918 murusa
267 851 392 917 dextera
408 851 565 940 laevaque,
578 865 611 918 et
624 853 670 918 sic
684 853 795 918 evadat
810 852 849 918 de
864 854 1009 919 manibus
1021 852 1137 942 AEgyp·
1272 857 1276 864 ’

108 961 249 1025 tiorum:
268 959 311 1026 ita
330 973 366 1025 ut
384 961 486 1026 videat
504 983 559 1026 eos
578 973 720 1036 mortuos
742 961 783 1026 ad
802 959 888 1026 littus
908 961 1022 1036 maris,
1043 973 1137 1048 atque
1210 947 1215 958 ’

103 1069 231 1134 intuens
248 1083 379 1134 manum
399 1068 513 1134 sortem
528 1068 674 1143 Domini,
689 1069 762 1156 quin
780 1068 936 1136 interfecit
951 1067 1135 1157 AEgyptioa,

103 1175 215 1241 credat
225 1175 364 1240 Domino
375 1187 407 1241 et
421 1174 539 1242 famulo
553 1177 622 1264 ejus
632 1175 743 1264 Moysi:
755 1175 855 1264 Moysi
870 1190 976 1242 autem
992 1177 1064 1243 dico
1074 1175 1135 1265 legi

107 1293 201 1370 atque
212 1281 399 1372 evangeliis,
411 1284 622 1373 omnibusque
637 1284 748 1350 divinis
759 1284 947 1372 Scripturia,
958 1296 1036 1350 tuuc
1051 1284 1137 1352 cuim

111 1391 222 1457 merito
242 1393 385 1457 cantabit
405 1404 437 1456 et
459 1392 543 1459 dicet
568 1415 576 1456 :
599 1392 803 1459 «Cantemus
825 1392 982 1468 Domino,
1004 1391 1140 1481 gloriose

114 1496 215 1560 renim
226 1495 417 1584 glorificatus
433 1508 490 1562 est.
506 1496 592 1564 »Sed
602 1497 691 1563 istius
703 1496 862 1564 canticum
878 1509 971 1567 canet
984 1497 1142 1584 quiscum

113 1605 247 1693 primum
261 1601 410 1670 liberatus
428 1603 523 1670 suerit
537 1630 554 1670 a
570 1605 719 1670 servitute
733 1601 964 1693 AEgyptiorum.
982 1603 1056 1670 Post
1070 1603 1139 1670 haec

112 1724 302 1779 autemeam
317 1712 474 1778 transierit
484 1735 541 1801 per
556 1712 623 1779 haec
638 1714 743 1779 omnia
758 1736 828 1800 qoae
837 1713 872 1778 in
882 1712 1009 1787 Exodo,
1021 1724 1054 1775 et
1067 1735 1138 1798 quae

107 1822 140 1886 iu
161 1821 303 1888 Levitico
323 1821 439 1909 scripta
458 1834 552 1896 eunt,
572 1833 605 1886 et
623 1821 741 1886 venerit
758 1821 800 1890 ad
822 1822 883 1888 hoc
903 1832 937 1884 ut
963 1820 994 1885 in
1017 1819 1138 1886 divinos

106 1953 259 1996 numeros
278 1942 473 2005 assumatur,
489 1941 566 1996 tunc
581 1931 698 1996 iterum
715 1931 894 1996 secundum
907 1930 1067 1997 canticum
1086 1951 1141 1996 ca-

106 2050 183 2114 net,
195 2060 272 2104 cum
285 2038 395 2104 exierit
408 2038 447 2103 de
458 2036 545 2104 Velle
556 2037 690 2114 Zaretb',
705 2037 790 2126 quod
804 2039 1029 2126 interpretatur
1040 2036 1141 2104 aliena

110 2147 291 2220 descensio,
306 2157 339 2210 et
353 2147 474 2211 venerit
487 2145 528 2210 ad
543 2157 675 2234 puteum
691 2145 731 2210 de
746 2167 810 2232 quc
824 2147 977 2233 scriptum
991 2159 1058 2211 est:
1076 2148 1141 2212 «Et

111 2255 211 2319 »dixit
228 2254 381 2320 Dominus
401 2253 583 2342 ad1Moysen
603 2276 610 2317 a
630 2253 796 2341 Congrega'
813 2251 986 2341 populum,
1007 2264 1040 2318 et
1056 2254 1139 2320 dabo

117 2361 183 2426 reia
197 2361 365 2448 aquarnde
375 2371 471 2449 puteo
483 2359 624 2426 bibere¹.
639 2388 652 2422 s
666 2361 713 2426 lbi
728 2361 813 2426 enim
828 2362 969 2428 cantabit
982 2372 1015 2425 ct
1031 2360 1138 2426 dicet:

124 2469 270 2534 «hitiate
283 2469 314 2534 ei
323 2480 464 2556 puteum.
479 2469 641 2534 Foderunt
652 2466 742 2534 illum
757 2468 931 2556 principes,
945 2469 1142 2534 excuderunt

112 2599 208 2642 »eum
221 2599 309 2665 reges
321 2576 502 2664 gentiumin
512 2599 608 2664 regno
621 2598 680 2642 suc
690 2597 764 2640 cum
773 2575 976 2642 dominantur
984 2598 1105 2644 eorum.
1119 2605 1132 2638 ι

110 2684 178 2750 Sed
196 2685 236 2749 de
253 2683 303 2749 his
320 2683 443 2774 plenius
465 2685 497 2750 in
513 2685 723 2750 Numerorum
744 2681 843 2758 libro,
860 2683 1035 2748 secuudum
1054 2683 1141 2770 quod

111 2793 203 2860 dedit
229 2793 321 2858 nebia
343 2793 513 2867 Dominus,
537 2792 659 2857 dictum
679 2803 737 2858 est.
762 2791 896 2880 Oportet
920 2792 1015 2880 igitur
1034 2794 1141 2858 venire

110 2902 153 2968 ad
181 2913 330 2991 puteum,
351 2901 406 2987 qui
431 2926 448 2966 a
469 2901 665 2990 principibus
691 2901 791 2965 fossus
818 2912 886 2975 est,
914 2912 946 2966 et
970 2925 988 2966 a
1015 2902 1141 2990 regibus

111 3032 249 3076 excusus
261 3010 435 3096 est,inquo
449 3032 544 3098 opere
559 3032 653 3074 nemo
668 3007 810 3098 plebeius
825 3021 985 3096 operatur,
999 3010 1055 3074 sed
1071 3033 1135 3074 cnav

111 3141 171 3184 nes
190 3118 361 3206 principes,
380 3141 489 3184 omues
505 3141 611 3206 reges,
624 3116 743 3205 regales
767 3115 888 3182 scilicet
909 3129 942 3182 et
956 3118 1145 3206 principales
1236 3107 1239 3112 ¹

115 3228 250 3302 anime,
266 3249 335 3314 quae
349 3225 545 3292 altitudinem
557 3226 642 3314 putei
654 3247 769 3313 aquam
782 3225 883 3290 vivam
894 3227 1083 3291 continentis
1100 3227 1146 3292 in-

119 3337 255 3420 quirunt.
275 3335 348 3398 Post
359 3331 437 3398 illud
452 3333 610 3402 canticum
626 3332 750 3396 venitur
762 3333 803 3396 ad
813 3332 1050 3398 Deuteronomii
1066 3357 1146 3399 can-

119 3443 236 3518 ticum,
261 3442 301 3507 de
330 3465 393 3527 quo
416 3441 492 3508 dicit
517 3441 691 3515 Dominus,
722 3443 783 3505 «Et
802 3463 889 3506 nunc
911 3443 1038 3506 scribite
1057 3443 1146 3507 vobis

117 3579 133 3612 a
142 3551 233 3615 verba
245 3551 359 3616 cantici
371 3549 485 3637 hujus,
498 3561 531 3614 et
545 3550 656 3615 docete
671 3547 749 3614 illud
763 3546 844 3614 filios
857 3548 969 3625 lsrael,
983 3562 1016 3614 et
1027 3550 1145 3637 injicite

115 3656 218 3724 »illud
228 3659 260 3722 in
271 3681 306 3724 cs
322 3681 450 3733 eorum,
461 3670 497 3723 ut
510 3657 566 3723 fiat
581 3657 658 3724 mihi
674 3656 835 3724 canticum
850 3658 935 3723 istud
949 3657 989 3723 ad
1003 3659 1145 3723 testimo-

113 3766 230 3831 »nium
245 3767 278 3832 in
289 3764 360 3831 filiis
375 3764 525 3832 lsrael².a
540 3767 580 3832 Et
595 3765 666 3831 vide
686 3776 840 3853 quantum
855 3779 886 3830 et
902 3764 994 3854 quale
1013 3767 1052 3830 sit
1070 3788 1146 3832 can-

154 3909 249 3961 'Num
260 3930 322 3976 nr,
334 3914 374 3974 ra,
386 3927 426 3978 17,
443 3915 483 3964 18.
498 3941 514 3949 -
532 3909 780 3975 ²Dsut.xxxr,19..
