2702 4610
224 211 284 274 156
669 229 811 272 onrsnrts

219 373 313 415 sensu
340 348 490 414 ascendas
516 349 548 412 in
574 345 704 422 coelum,
727 358 823 433 atque
848 347 890 412 ibi
918 345 1028 412 aetorni
1055 346 1261 412 tabernaculi
1326 371 1327 384 ³

221 457 490 548 magnificentiam
502 477 634 544 (pucras,
646 456 739 542 cujus
751 453 850 543 ligura
867 475 926 544 per
939 453 1070 543 Moysen
1086 455 1264 521 adumbra-

219 580 272 633 tnr
294 568 326 633 in
346 565 464 654 torris?
478 567 623 653 Denique
643 565 689 632 sic
708 566 749 631 ad
772 587 846 631 eum
866 565 964 632 ctiam
980 565 1136 631 Dominus
1153 565 1261 630 dicit:

226 677 349 752 «Vide,
369 678 496 763 inquit,
517 677 623 741 omnia
642 675 741 741 facito
758 675 934 742 secuudum
955 675 1090 765 liguram
1108 697 1181 762 quse
1204 675 1262 740 tibi

220 801 373 855 ‚ostensa
389 799 437 854 est
451 785 484 853 in
499 798 608 856 monto
618 786 640 851 ¹.
655 786 801 854 »Verum
815 785 955 878 humano
971 809 1074 861 mons,
1095 800 1128 850 et
1150 800 1263 852 nostra
1326 865 1327 874 ἵ

221 896 393 984 praecipue,
409 897 463 983 qui
481 919 537 960 nos
555 895 702 960 minimos
720 907 775 959 aut
796 896 892 960 etiam
907 893 1011 960 nullos
1034 895 1067 960 in
1081 895 1191 960 divina
1212 917 1262 960 sa-

220 1005 339 1094 pientia
356 1005 515 1078 uovimus,
527 1025 668 1089 cousque
683 1001 822 1066 fortassis
836 1003 936 1090 possit
954 1000 1121 1076 accedere.
1139 1014 1175 1066 ut
1193 1025 1265 1068 sen·
1326 1045 1327 1062 r

220 1113 279 1177 tiot
293 1113 422 1201 quidem
441 1113 509 1178 lraec
529 1135 598 1199 quse
616 1111 728 1176 (lirinis
744 1110 961 1181 voluminibus
977 1111 1173 1184 inseruntur.
1197 1135 1261 1178 non

221 1223 260 1288 do
275 1224 421 1298 terronis,
435 1222 490 1289 scd
503 1223 542 1287 de
555 1220 737 1288 ooelestibus
753 1220 828 1296 dici,
846 1233 879 1285 ct
894 1220 1011 1286 formas
1023 1243 1092 1286 esse
1103 1243 1170 1286 non
1182 1245 1263 1310 prae⁴

220 1333 371 1408 sentium,
395 1333 450 1398 sod
471 1333 651 1398 futurorum
674 1333 848 1406 bonorum,
868 1353 934 1396 non
954 1331 1183 1420 corporalium.
1206 1333 1260 1398 sed

220 1441 433 1530 spiritualium
452 1463 561 1506 rerum
575 1464 585 1505 z
599 1441 761 1527 quomodo
783 1451 892 1505 autom
914 1441 1029 1505 horum
1045 1441 1186 1506 narratio
1205 1463 1260 1528 ap-

219 1551 281 1616 tari
297 1550 396 1638 possit
416 1547 598 1614 coelcstihus
617 1559 650 1612 ct
670 1549 808 1625 aeternis,
825 1571 887 1614 nec
905 1560 1021 1613 nostrtc
1037 1569 1195 1614 mensuras
1210 1561 1260 1615 est

220 1659 341 1733 dicero,
364 1679 426 1723 noc
449 1667 560 1722 vestrm
585 1655 640 1742 (ut
663 1657 796 1745 opinor)
815 1658 997 1744 capacitatis
1013 1658 1135 1724 audire.
1150 1657 1255 1724 Pauca

219 1779 341 1842 tamen,
352 1768 378 1832 si
390 1789 448 1832 nos
460 1767 623 1831 orantibus
635 1767 724 1832 robis
736 1767 891 1832 &minus
903 1763 1083 1833 illuminare
1095 1768 1256 1857 dignetur.

221 1900 291 1965 quae
310 1877 351 1941 ad
366 1874 517 1942 Ecclesia
539 1876 782 1942 aedificationem
798 1878 989 1965 pertincant,
1009 1878 1133 1966 aparine
1154 1889 1257 1943 tenta-

221 1987 338 2052 bimus.

268 2139 349 2161 ......
365 2095 469 2162 Dicit²
482 2097 637 2162 Dominus
652 2097 693 2162 ad
707 2096 837 2184 Moysen
854 2093 1024 2172 attactos,
1042 2093 1165 2184 inquit,
1182 2097 1257 2162 mihi

222 2234 235 2265 ι
252 2205 594 2280 sanctificationem,et
606 2205 679 2272 inde
694 2206 822 2272 videbor
832 2206 953 2276 vobis⁸.
969 2233 982 2269 ι
998 2204 1077 2273 Vult
1086 2227 1161 2296 ergo
1172 2206 1261 2272 Deus

223 2325 257 2378 nt
272 2313 424 2380 faciamus
439 2315 469 2381 ei
481 2301 780 2382 'sanctificationem
795 2314 954 2382 Promittit
965 2315 1052 2381 enim
1067 2316 1152 2404 quia,
1164 2316 1192 2379 si
1207 2317 1256 2380 se-

139 2442 144 2452 ·
221 2423 359 2490 serimus
373 2425 403 2490 ei
418 2423 715 2500 sanctificationem,
734 2427 832 2514 possit
848 2449 865 2491 a
881 2425 973 2491 nobis
992 2427 1103 2491 videri.
1117 2423 1204 2489 Unda
1221 2435 1256 2489 et

221 2534 392 2622 Apostolus
407 2535 447 2600 ad
466 2535 617 2600 llebraeos
634 2535 711 2599 dicit
730 2557 762 2598 :a
778 2533 894 2601 Pacem
909 2535 1078 2623 sequimini
1097 2546 1130 2600 ct
1145 2533 1260 2598 sancti·

220 2672 234 2705 ι
250 2643 447 2718 ficationem,
460 2643 526 2708 sine
539 2665 600 2729 quo
616 2665 711 2708 nomo
727 2645 846 2710 videbit
859 2645 962 2710 Deum
973 2643 995 2709 ⁴.
1008 2673 1020 2706 ι
1036 2646 1113 2711 llaec
1123 2665 1202 2732 ergo
1214 2655 1261 2708 est

222 2752 434 2818 sanctificatio
449 2773 545 2840 quam
560 2753 651 2840 jubet
666 2753 820 2819 Dominus
836 2754 918 2826 fieri.
930 2775 1026 2842 quam
1041 2765 1074 2818 et
1090 2752 1262 2842 Apostolus

221 2863 252 2926 in
270 2861 443 2950 virginibus
457 2883 526 2926 asse
541 2859 621 2935 vult,
637 2872 673 2925 ut
688 2861 750 2926 sint
765 2873 882 2927 sanctae
895 2883 1030 2950 corpore
1049 2873 1083 2926 et
1102 2859 1236 2949 spiritu⁵
1254 2885 1261 2923 :

219 2973 324 3038 coiens
347 2973 413 3037 sine
437 2970 550 3046 dubio,
570 2970 656 3058 quod
671 2970 725 3059 qui
746 2971 856 3037 fecerit
879 2971 1015 3037 Domino
1039 2970 1265 3037 sanctificatio·

220 3103 297 3147 nom
323 3103 381 3168 por
405 3081 510 3145 cordis
536 3081 583 3145 sui
611 3091 644 3145 et
671 3081 813 3168 corporis
839 3081 1024 3168 puritatem,
1048 3081 1114 3166 ipse
1144 3079 1262 3146 ridebit

221 3191 337 3258 Deum.
357 3189 524 3255 Faciamus
549 3200 672 3278 ergoet
689 3211 747 3254 nos
765 3189 1050 3255 sanctificationem
1066 3189 1220 3265 Domino,
1233 3199 1266 3253 et

221 3321 332 3364 omnes
357 3321 467 3374 unam,
485 3309 517 3364 et
536 3299 750 3386 unusquisqne
768 3319 826 3386 per
849 3297 988 3387 singulos
1007 3319 1112 3363 unam.
1141 3299 1266 3364 Omnes

222 3408 354 3472 sortasse
365 3406 649 3473 sanctificationem
663 3406 838 3474 Ecclesiam
850 3407 983 3474 iacimus
994 3430 1065 3495 quae
1076 3420 1126 3474 est
1139 3421 1266 3482 sanctu,

223 3539 286 3582 non
303 3516 422 3584 habens
439 3515 597 3583 maculam
614 3530 668 3583 ont
684 3516 828 3609 rugam¹.
843 3518 905 3584 hoc
921 3519 1030 3593 modo,
1050 3519 1074 3584 si
1096 3518 1266 3585 columnas

261 3715 361 3762 *Enni
378 3732 434 3774 ant,
449 3718 487 3771 ln.

256 3789 380 3848 1ΜΛ.
398 3807 421 3854 p.
438 3791 491 3846 165,
507 3791 559 3848 alil.
577 3793 629 3839 165.

256 3861 265 3894 ¹
280 3863 361 3911 llxod.
374 3879 431 3921 ur,
441 3865 466 3913 8.
476 3893 504 3902 --
516 3865 525 3897 ‘⁸
537 3864 604 3915 llcb.
618 3881 663 3923 art,
679 3863 714 3922 il.
727 3865 775 3902 -5
794 3879 802 3912 ι
815 3865 873 3914 Cor.
884 3881 928 3914 vn.
941 3867 991 3903 -l
1005 3865 1097 3929 Dplrec.
1112 3881 1138 3924 r,
1151 3882 1192 3929 ²7·
