2744 4624
395 255 427 298 ru
452 253 586 300 ιιιιιιιιιιιι
608 251 737 296 ιιοιιιιιι
761 251 836 294 xvir.
1087 229 1124 294 tr

94 378 235 444 dentiam
258 375 452 470 significare.
471 377 537 444 sod
557 376 745 442 nobiliorem
758 397 886 442 sensum
904 373 1038 461 mystica
1053 395 1128 462 pro-

92 485 184 552 ducit
204 488 359 576 expositio
375 499 496 554 nostra.
520 486 599 554 Nam
621 483 700 551 stola
722 478 839 551 Christi
861 504 930 570 quse
951 481 1075 550 lavatur
1096 483 1129 552 in

92 594 183 668 vino,
199 595 311 660 merito
325 595 398 682 ejus
413 591 600 680 intelligitur
609 591 764 666 Ecclesia,
776 612 872 678 quam
883 591 949 678 ipse
964 587 1130 658 mundavit

94 703 157 768 sibi
166 705 394 793 sanguinesuo,
403 726 470 768 non
480 701 649 767 habentem
656 696 1023 786 maculamautrugam¹r
1037 697 1130 764 «Non

99 812 224 886 renim,
235 814 343 898 inquit
357 810 550 899 Apostolos,
564 819 695 896 argento
706 805 755 872 vel
770 830 847 871 auro
866 804 1021 893 redempti
1035 807 1123 888 estis,

101 948 115 980 ι
131 921 184 984 sed
199 920 331 1008 pretioso
346 919 502 1007 sauguine
516 916 553 978 ἰ
568 917 756 1004 Unigenitia
773 916 852 980 Deo.
872 912 909 978 ln
924 914 1019 1003 hujus
1040 917 1126 982 enim

99 1027 252 1114 sanguinis
268 1028 355 1101 rino,
371 1025 481 1100 idest,
501 1023 625 1088 lavacro
644 1021 889 1112 regenerationis
903 1045 920 1088 a
937 1021 1063 1088 Christo
1078 1022 1126 1088 lo-

96 1147 185 1200 rator
199 1132 352 1200 Ecclesia.
371 1130 613 1222 Conscpelimur
625 1131 710 1196 enim
725 1153 782 1220 per
795 1131 986 1218 baptismum
999 1133 1031 1198 in
1043 1155 1126 1200 mor-

92 1242 189 1319 tem⁸,
202 1254 236 1308 et
253 1244 285 1310 in
302 1242 452 1330 sanguine
467 1240 577 1330 ipsius,
595 1241 627 1306 id
642 1251 703 1315 est,
716 1240 747 1304 in
759 1251 861 1305 morte
874 1240 969 1327 ipsius
984 1243 1126 1330 baptiza·

93 1375 179 1418 mur.
205 1351 245 1418 ln
270 1352 418 1438 sangnine
439 1361 548 1415 autem
571 1371 639 1416 nvae
664 1347 826 1436 quomodo
852 1349 1006 1414 amictum
1031 1374 1125 1418 suum

96 1459 190 1534 lauit,
205 1459 378 1524 videntium
396 1471 450 1524 eat.
468 1457 611 1526 Amictus
630 1457 839 1546 propinquior
853 1457 997 1545 quaedam
1012 1457 1060 1524 vel
1076 1483 1128 1526 sae

103 1569 224 1634 cretior
237 1569 358 1657 corpori
375 1570 460 1634 vestis
475 1569 683 1634 videturesse
698 1589 794 1655 quam
814 1559 904 1630 stola.
919 1568 958 1632 lli
980 1591 1055 1657 ergo
1071 1570 1126 1656 qui

98 1677 188 1765 prins
207 1701 266 1765 per
287 1676 442 1742 lavacrum
456 1675 512 1744 loti
528 1676 606 1742 stola
628 1678 698 1764 ejus
717 1676 841 1743 fuerant
861 1674 979 1751 allecti,
998 1690 1126 1768 postea-

94 1810 189 1874 quam
205 1787 247 1851 ad
261 1799 493 1854 sacramentum
514 1787 674 1875 sanguinis
691 1809 757 1850 urae
772 1798 997 1873 pervenerunt,
1011 1785 1058 1852 vel
1074 1787 1124 1853 in-

94 1897 217 1960 terioris
232 1897 380 1985 mysterii
389 1896 631 1983 secretiorisque
647 1893 720 1960 sacti
736 1895 809 1960 sunt
825 1894 1007 1984 participes,
1023 1897 1124 1964 unio-

92 2018 142 2070 tua
163 2007 234 2093 ejus
248 2028 316 2070 esse
336 2005 497 2071 dicuntur.
515 2004 652 2070 Lavatur
670 2005 755 2070 anim
776 2017 809 2070 et
828 2004 862 2070 in
882 2028 950 2072 uvae
972 2009 1123 2094 sanguine

92 2116 210 2188 anima,
230 2136 304 2179 cum
326 2113 515 2178 sacrementi
537 2111 635 2200 hujus
658 2113 791 2200 coeperit
813 2135 926 2201 capere
952 2115 1119 2181 rationem.

98 2223 210 2310 dgnita
231 2244 364 2309 namque
388 2233 421 2286 et
441 2219 599 2287 intellecta
618 2221 733 2287 virtuto
755 2223 913 2311 sanguinis
934 2221 1029 2289 Verbi
1049 2224 1121 2300 Dei,

99 2343 217 2418 quanto
231 2330 370 2418 capacior
385 2327 498 2396 allecta
513 2329 608 2394 luerit
622 2329 739 2404 anima,
756 2341 844 2396 tanto
859 2331 969 2419 purior
982 2331 1019 2398 lit
1033 2345 1065 2398 et
1079 2332 1123 2400 la·

95 2440 331 2534 satorquotidia
342 2440 384 2505 ad
396 2439 534 2506 scientiae
546 2439 722 2526 proiectum
731 2463 740 2512 ς
750 2451 784 2503 et
792 2441 926 2527 jungens
938 2465 970 2506 se
981 2442 1050 2508 Deo
1058 2465 1122 2508 non

91 2550 193 2617 solum
209 2550 342 2615 amictus
356 2549 440 2636 ejus,
453 2570 563 2613 verum
578 2548 672 2612 etiam
686 2572 767 2614 unus
779 2549 845 2634 jam
857 2569 931 2612 cum
946 2549 1014 2635 ipso
1029 2549 1124 2636 spiri-

89 2673 139 2725 tus
153 2659 221 2725 fiet.
241 2659 324 2724 linio
345 2658 523 2724 contrarius
539 2667 607 2722 erat
622 2657 756 2722 amictus
771 2655 823 2722 ille
838 2656 945 2747 populi
963 2654 1072 2732 lsrael,
1089 2657 1122 2724 in

87 2792 149 2856 quo
167 2781 203 2832 nt
223 2768 326 2856 gentis
348 2765 576 2855 impudicitiam
595 2764 785 2854 designaret,
801 2789 865 2832 non
885 2779 951 2832 tom
968 2766 1122 2832 amictum

89 2902 181 2965 quam
197 2877 459 2966 praeciuctorium
473 2874 659 2940 nominavit.
679 2875 774 2953 Quod
791 2875 962 2942 Hieremias
982 2878 1122 2942 circum·

89 2989 159 3052 dare
174 2986 296 3053 lumbis
313 2986 389 3061 suis,
401 2998 434 3049 et
448 2984 571 3050 auferre
586 3008 707 3059 rursus,
720 2995 814 3071 atque
827 2985 859 3050 in
874 2983 1057 3074 Euphraten
1068 2987 1121 3073 ju-

89 3098 178 3164 betur
193 3095 393 3162 abscondero
402 3095 424 3158 ‘.

134 3202 308 3272 «Gratilici
324 3201 407 3268 oculi
428 3204 496 3292 ejus
517 3227 534 3268 a
555 3204 640 3278 vino,
656 3214 689 3266 et
703 3202 813 3268 dentes
828 3203 897 3290 ejus
912 3202 994 3270 lactc
1009 3205 1121 3296 candi-

87 3315 216 3381 ‚aiom
229 3314 251 3378 ⁵.
269 3311 393 3378 »Vides
419 3312 580 3402 quomodo
606 3310 800 3378 historialem
825 3309 1021 3380 intellectum
1047 3339 1120 3404 erga

92 3421 180 3488 baem
192 3423 357 3511 praecipue
372 3433 515 3510 amputat
529 3433 563 3486 et
579 3420 745 3486 abscindit.
761 3420 794 3486 Si
811 3422 896 3486 enim
916 3422 1022 3490 adbuc
1040 3448 1122 3492 con·

92 3533 245 3598 tentiosiua
268 3543 399 3620 agentes
418 3531 524 3597 dicere
548 3527 679 3595 velimus
696 3531 774 3620 quia
789 3530 923 3619 gratifici
946 3533 1120 3600 suntoculi

85 3640 172 3708 lude
193 3663 234 3708 ex
248 3641 338 3715 rino,
360 3659 419 3727 pro
434 3639 626 3732 abnndantia
644 3637 808 3728 (utsupra
831 3639 980 3730 diximus)
1000 3644 1065 3710 vini
1082 3655 1121 3710 at

111 3799 120 3830 ¹
134 3799 229 3862 prca.
243 3815 269 3856 r,
282 3815 321 3861 ²7·
333 3797 385 3834 ..2
398 3815 409 3852 r
424 3798 478 3847 Pet.
492 3815 511 3857 ι,
525 3798 562 3848 18·
574 3825 605 3836 -
619 3797 629 3832 ⁸
643 3763 719 3848 llam.
735 3815 771 3857 rr,
783 3797 807 3856 4.
825 3825 854 3838 ·-
865 3799 876 3832 ⁴
888 3799 943 3851 Jer.
955 3819 972 3848 ι,
985 3827 1016 3840 -
1031 3799 1040 3834 ⁵
1054 3800 1119 3854 Gan.

78 3887 147 3930 rur,
159 3889 199 3920 rr.

222 3981 267 4024 ιιι.
480 4012 482 4016 .
840 3977 845 3984 ’
966 3957 985 4018 6
