2604 4614
176 193 243 264 350·
628 219 772 266 omasum

177 364 298 430 sponse
307 343 445 408 animam
458 342 585 406 beatam
596 353 692 428 atque
701 340 977 428 perfectamque
989 341 1080 406 cilius
1091 340 1214 416 rideat,
1293 373 1295 434 ᾗ

177 450 271 516 citius
286 451 439 516 sermonis
454 447 689 536 contempletur
704 449 895 523 adventum,
918 471 988 535 quae
1010 449 1070 514 sibi
1094 449 1219 535 sapien-

177 558 254 624 tiam
262 559 383 624 venisse
394 557 566 632 sentiat,et
577 556 783 631 charitatem,
797 568 830 620 et
845 556 931 622 dicat
941 579 1008 622 uon
1019 557 1217 621 videntibus:

178 665 259 732 Ecce
276 664 324 730 lu'c
338 665 425 730 uenit.
442 665 540 730 Orate
557 675 590 728 ut
605 687 664 752 ego
679 661 798 751 possim
814 663 922 729 dicere
940 687 949 727 :
967 664 1049 729 Ecce
1066 663 1120 728 iric
1134 663 1217 727 veuit.
1294 739 1295 744 γ

178 773 212 840 si
228 774 313 838 enim
328 786 462 860 potuero
476 771 541 836 Dei
556 771 709 836 disserere
724 793 904 847 sermones,
928 771 1175 858 quodammodo
1193 785 1220 836 el
1294 821 1295 828 ε

178 903 238 969 ogo
247 881 353 946 dicam
365 904 373 944 ε
384 882 417 945 E
418 905 465 946 cce
477 880 525 946 lu'c
538 880 626 943 uenit.
646 880 745 960 Quoi
757 880 827 945 Non
841 880 950 966 utique
961 881 1017 944 ubi
1031 878 1146 955 vallis,
1162 902 1218 944 uon

180 989 236 1054 uhi
252 987 383 1054 humilia
398 987 478 1053 loca.
495 988 568 1067 Quo
584 985 847 1052 venitiasaliens
862 1009 958 1074 super
970 997 1125 1060 montes,
1142 997 1221 1052 tran·

180 1094 307 1164 »silicus
323 1118 417 1183 super
431 1092 537 1160 colles.
553 1093 610 1159 »Si
626 1093 722 1158 fueris
734 1115 845 1168 mons,
859 1092 931 1159 salit
942 1095 976 1158 iu
990 1107 1021 1158 te
1034 1117 1147 1158 sermo
1157 1095 1218 1159 Dei.

181 1209 215 1276 Si
230 1233 295 1275 uon
310 1208 444 1274 valueris
465 1229 532 1272 esse
548 1229 660 1281 mons,
682 1205 740 1270 sed
762 1207 857 1270 fueris
884 1204 996 1281 collis,
1025 1207 1187 1271 secundus
1205 1232 1219 1270 a

181 1327 309 1390 moute,
327 1313 480 1380 transiliet
495 1336 590 1401 super
605 1325 647 1378 te.
668 1314 774 1392 Quam
794 1335 870 1378 vero
885 1312 1043 1401 pulchra,
1062 1325 1096 1379 et
1113 1336 1220 1378 conse

182 1423 410 1488 nienliarobus
425 1419 598 1488 voeabula!
622 1419 701 1486 Salit
721 1443 816 1508 super
834 1433 981 1496 montes,
999 1423 1079 1508 quia
1095 1423 1219 1509 majoros

182 1542 256 1596 sunt
271 1553 278 1594 :
292 1528 426 1595 transilit
438 1551 533 1616 super
548 1525 665 1604 colles,
682 1528 757 1614 quia
769 1529 907 1593 minores
924 1540 1012 1592 suut.
1032 1529 1107 1595 Non
1124 1531 1220 1593 [ransi-

182 1636 219 1702 lit
234 1659 329 1725 super
337 1649 481 1711 montes,
497 1659 561 1699 non
574 1634 644 1702 salit
658 1659 753 1723 super
769 1633 875 1701 collos.
889 1637 1001 1700 «Ecce
1016 1635 1076 1702 hio
1091 1638 1218 1702 rediise

185 1745 284 1811 »lions
296 1769 391 1834 super
405 1756 552 1820 montes,
565 1741 744 1810 transiliens
760 1765 854 1831 super
870 1742 979 1808 colles.
999 1773 1012 1805 s

227 1853 286 1919 Xl.
299 1879 311 1912 r
324 1850 440 1918 Similis
455 1864 503 1917 est
513 1850 669 1916 fratruelis
684 1874 773 1916 meus
785 1873 924 1939 capreae,
939 1864 997 1916 aut
1010 1851 1134 1917 hinnulo
1143 1875 1204 1916 cer-

185 1983 320 2025 »vorum
335 1959 368 2023 iu
380 1960 542 2024 montibus
558 1957 670 2023 Bethel
684 1957 706 2022 ¹.
721 1959 819 2024 »Haeo
834 1958 898 2023 duo
911 1959 1066 2024 animalia
1079 1961 1108 2024 in
1118 1960 1204 2046 Scrip-

185 2068 264 2132 turis
285 2067 482 2153 frequentius
504 2066 728 2132 nominantur:
752 2077 784 2130 et
803 2089 866 2160 quo
889 2065 1030 2154 amplius
1049 2068 1210 2140 admireris,

188 2181 299 2268 saepius
315 2181 424 2267 juncta
437 2193 611 2270 ponuntur.
625 2181 686 2246 «Et
699 2180 767 2245 haec
784 2192 873 2256 suut,
890 2182 952 2258 uit,
971 2207 1048 2270 quae
1064 2185 1214 2249 manduca-

187 2287 291 2363 nbis²,
309 2315 322 2348 r
338 2299 410 2375 post
433 2286 599 2376 paululum
620 2287 757 2353 inserens
785 2311 929 2376 capream
956 2303 992 2354 et
1019 2313 1162 2356 cervum.
1191 2291 1222 2354 la

186 2397 334 2485 praesenti
351 2417 479 2482 quoque
494 2395 576 2460 libro
594 2395 712 2482 pariter
727 2397 909 2460 nominatur
923 2421 1041 2463 corvus
1058 2412 1091 2465 et
1108 2421 1223 2488 caprea.

189 2501 436 2581 Quodammodo
448 2501 535 2565 enim
554 2510 688 2588 cognata
705 2499 763 2564 silai
775 2513 866 2576 sunl,
879 2513 912 2566 et
926 2502 1031 2568 vicine
1045 2505 1106 2570 ista
1119 2505 1228 2570 anima·

188 2605 238 2673 liu.
260 2609 401 2695 Caprea,
419 2606 450 2672 id
462 2618 528 2681 est,
541 2607 672 2681 dorcas,
692 2607 872 2672 acutissime
883 2608 976 2674 videt.
995 2611 1122 2676 Cervus
1136 2612 1230 2676 inler-

188 2713 290 2779 fector
305 2726 487 2802 serpentum
507 2727 565 2778 est.
585 2713 665 2792 Quis
686 2726 780 2802 putas
798 2726 846 2780 est
866 2715 978 2804 dignus
1000 2741 1020 2780 e
1041 2720 1158 2793 nobis,
1182 2719 1229 2806 qui

189 2823 276 2909 juxta
286 2821 472 2910 dignitatem
482 2819 544 2885 loci
557 2832 651 2908 utque
662 2821 803 2906 mysterii
811 2871 820 2897 ‚
829 2820 954 2911 plenam
962 2824 1066 2911 possit
1076 2825 1233 2914 explicaro

189 2929 368 2995 rationem?
383 2927 721 3004 OremusDominum,
739 2940 774 2992 ut
789 2929 880 2994 nobis
892 2927 1047 3018 largiatur
1059 2935 1232 2999 seusumad

192 3037 376 3125 aperiendas
391 3037 592 3124 Scripturas,
609 3046 641 3098 et
655 3036 812 3123 possimus
828 3037 932 3102 dicere
948 3061 956 3102 a
973 3040 1152 3119 Quomodo
1165 3063 1233 3129 ape

191 3145 255 3209 ruit
276 3144 367 3208 nobis
390 3142 483 3209 «lesus
505 3143 684 3230 Scripturas
698 3143 721 3206 ⁸.
747 3142 834 3222 Quid
857 3144 975 3232 igitur?
1001 3147 1140 3214 dicimus
1159 3149 1234 3237 quia

191 3252 303 3316 dorcas
316 3300 324 3327 ,
339 3250 403 3316 hoo
416 3262 482 3325 est,
495 3273 606 3338 caprea
620 3250 797 3316 seeundum
808 3275 919 3318 eorum
932 3253 1171 3345 physiologiam
1183 3256 1236 3344 qui

191 3361 231 3426 de
245 3360 366 3425 naturis
389 3361 532 3424 omnium
550 3358 733 3425 animalium
757 3359 936 3450 disputant,
956 3385 997 3428 ex
1012 3363 1106 3430 insita
1126 3366 1238 3431 sibiri
1294 3379 1295 3382 ’

191 3490 310 3534 nomen
322 3467 492 3554 acceperit.
512 3466 561 3533 Ab
582 3489 621 3531 eo
636 3467 721 3534 euim
740 3468 827 3554 quod
842 3470 965 3535 acutius
981 3472 1105 3547 videat,
1122 3473 1160 3539 id
1172 3486 1238 3546 eat.

190 3587 260 3662 παρὰ
273 3581 303 3640 τὸ
319 3585 393 3651 ὀξέως
408 3582 502 3662 dipsas
512 3573 642 3650 ,dorcas
655 3573 872 3663 appellalaest.
888 3577 1094 3646 Cervusvero
1105 3603 1243 3669 sor-peu-
1293 3601 1295 3608 ⁴

192 3693 262 3746 tum
280 3680 425 3746 inimicus
445 3704 483 3746 ao
498 3679 673 3748 debellator
693 3693 761 3758 est,
785 3683 829 3748 ita
848 3694 883 3747 ut
901 3685 1013 3772 spiritu
1032 3687 1163 3754 uarium
1185 3711 1241 3753 eos
1293 3743 1295 3788 l

229 3825 315 3878 ¹Grm.
327 3844 359 3889 rr,
373 3846 397 3894 9.
414 3856 431 3862 -
444 3824 543 3908 {Deua
559 3845 616 3889 ιιι,
630 3839 653 3886 4.
671 3857 696 3866 —
713 3827 793 3876 ⁸Lnr.
806 3845 878 3880 xxiv.
