2706 4624
244 255 308 318 268
466 323 472 328 ,
685 270 830 315 oxvaaats

244 393 400 457 borestsi
412 413 477 456 non
488 403 607 454 temere
618 392 792 464 obtrectes,
805 391 871 477 jam
882 409 967 452 nuno
978 385 1085 450 audies
1100 385 1173 470 quia
1186 403 1272 447 «non

244 529 258 563 ι
272 513 375 590 potest
390 502 485 565 arbor
500 501 581 564 bona
598 499 697 564 malos
709 500 832 565 fruetus
843 497 958 572 faeere,
971 519 1074 582 neque
1085 497 1180 560 arbor
1191 491 1273 558 mala

245 605 394 670 structus
408 606 512 670 bonos
525 605 627 669 laoere
638 605 661 667 ³.
673 634 686 664 ι
698 606 860 670 Habemus
874 625 950 691 ergo
965 603 1092 667 arbores
1109 601 1190 662 intra
1205 620 1273 672 nos,

244 715 308 779 sive
322 714 435 787 bonas,
449 715 512 776 sive
528 711 643 784 malas;
657 725 691 776 et
705 737 775 800 quae
792 714 884 776 bonae
898 723 972 774 sunt
986 710 1108 773 fructus
1120 705 1222 771 malos
1234 704 1275 768 al·

174 875 181 887 .
245 822 327 886 serre
346 845 410 888 non
428 834 571 910 possunt,
588 823 670 888 sicut
683 845 755 908 quar
769 819 861 886 malae
880 831 954 884 sunt
972 818 1094 882 fructus
1112 836 1177 879 non
1201 813 1275 878 affe·

245 939 318 992 rent
328 929 439 994 bonos.
453 928 508 994 Vis
522 928 579 993 tibi
595 941 628 993 et
643 931 792 993 arborum
811 930 949 1016 ipsarum
958 947 1029 1013 quse
1039 926 1121 989 intra
1134 944 1195 987 nos
1206 933 1276 985 sunt

246 1034 399 1101 vocabula
414 1047 448 1100 et
462 1035 688 1124 appellationes
702 1035 891 1124 expediam?
907 1035 977 1099 Non
995 1043 1043 1098 est
1063 1032 1157 1104 licus,
1175 1053 1275 1118 neque

248 1142 361 1218 malus,
375 1167 435 1210 neo
449 1145 538 1217 vities
556 1146 611 1210 sed
631 1167 692 1211 una
709 1146 805 1210 arbor
819 1144 938 1231 justitia
957 1153 1101 1218 vocatur,
1121 1140 1182 1206 alia
1203 1163 1275 1227 pru·

246 1251 366 1327 dantia,
379 1252 438 1317 alia
450 1252 616 1328 fortitudo,
629 1251 688 1317 alia
706 1253 913 1341 temperantia
928 1253 1120 1317 nominatur.
1131 1251 1173 1314 Et
1184 1249 1210 1313 si
1222 1249 1273 1323 vis,

248 1361 402 1447 majorem
422 1361 528 1426 adhuc
550 1364 701 1427 arborum
716 1360 953 1428 multitudinem
971 1361 1070 1436 disee,
1088 1359 1207 1448 quibus
1221 1357 1274 1420 lor

247 1469 337 1533 tassis
354 1469 477 1557 dignius
492 1471 657 1556 putabitur
675 1471 816 1536 consitus
837 1471 932 1535 etiam
953 1469 1115 1558 paradisus
1137 1468 1208 1534 Dei.
1226 1467 1276 1531 Est

247 1576 334 1640 enim
351 1578 392 1641 ibi
413 1578 508 1642 arbor
528 1579 665 1663 pietatis,
685 1589 780 1642 estet
794 1576 854 1643 alia
873 1579 968 1643 arbor
986 1577 1161 1665 sapientise,
1181 1587 1229 1639 est
1247 1583 1277 1636 et

247 1682 308 1751 alie
323 1684 508 1772 disciplinae,
520 1696 570 1750 est
582 1699 615 1750 et
629 1685 688 1750 alie
704 1688 844 1752 mentiar
858 1687 934 1752 boni
950 1697 983 1750 et
996 1683 1081 1750 mali.
1096 1684 1202 1772 Super
1215 1703 1277 1746 om·

248 1796 299 1859 nia
314 1819 389 1860 vero
405 1808 452 1859 est
467 1797 562 1862 arbor
576 1797 657 1860 vitae.
674 1797 745 1864 Non
760 1797 818 1862 tihi
834 1795 931 1883 magis
945 1794 1071 1859 videtur
1088 1793 1174 1880 quod
1190 1789 1275 1855 Pater

249 1902 385 1968 caelestis
402 1903 537 1993 agricola
555 1904 738 1992 hujusmodi
759 1907 890 1969 arbores
904 1905 937 1969 in
955 1903 1060 1968 anima
1076 1915 1130 1966 tua
1145 1898 1274 1974 excolat,

248 2021 282 2074 et
296 2010 648 2100 hujusmodi'plantaria
670 2013 703 2076 in
724 2025 779 2075 tua
798 2023 906 2077 mente
924 2009 1118 2075 constituet?
1131 2007 1181 2072 ste
1199 2027 1272 2092 erge

251 2121 330 2186 dicit
350 2119 517 2188 Salvator:
535 2149 548 2182 ι
567 2123 635 2190 Non
651 2133 756 2210 potest
771 2125 866 2187 arbor
881 2119 963 2212 mala
983 2122 1085 2185 bonos
1103 2120 1220 2184 l'ruotus
1234 2113 1277 2180 ta·

252 2256 265 2289 a
280 2251 367 2306 cere,
386 2253 489 2318 noque
510 2233 594 2297 bona
616 2233 738 2296 fructus
754 2231 861 2296 malos·
875 2230 978 2295 lacere
988 2228 1011 2294 ².
1024 2257 1037 2290 ι
1052 2231 1123 2294 Hoe
1136 2239 1185 2292 est
1198 2225 1280 2315 quod

251 2338 355 2405 docet.
371 2341 477 2406 Arbor
491 2342 651 2429 pudicitiae
666 2343 749 2405 hona
762 2351 822 2414 est,
836 2363 900 2404 non
913 2351 1019 2427 potest
1035 2339 1149 2404 offerre
1164 2337 1280 2403 fructus

250 2448 464 2538 impudicitiae.
480 2451 585 2516 Arbor
599 2451 727 2537 justitias
745 2451 828 2514 bonu
844 2461 905 2522 est.
917 2462 950 2513 et
967 2448 1080 2516 all‘erre
1099 2448 1221 2513 fructus
1235 2447 1281 2511 in-

253 2559 379 2645 justitiae
394 2582 458 2625 nou
474 2571 587 2648 potest.
601 2560 655 2625 Sic
666 2572 699 2624 et
710 2583 729 2624 e
742 2559 902 2624 contrario
914 2560 940 2623 si
956 2537 1073 2624 lrabeas
1089 2555 1182 2622 malae
1198 2558 1282 2622 arbo

252 2669 295 2734 ris
306 2669 447 2736 radicem
461 2669 560 2733 intua
576 2681 684 2734 mente
694 2668 882 2756 plantatam,
895 2671 995 2734 bonos
1010 2668 1146 2733 reddere
1158 2689 1222 2733 non
1234 2687 1285 2753 po·

252 2789 313 2840 test
329 2776 461 2843 sauctus.
481 2777 514 2842 Si
537 2779 623 2843 enim
645 2779 685 2842 sit
707 2776 739 2844 in
762 2790 795 2843 te
816 2778 904 2843 radix
925 2775 1064 2852 malitiae,
1082 2775 1205 2840 fruetus
1222 2797 1286 2839 non

253 2886 341 2952 dabit
351 2888 462 2953 bonos.
476 2886 510 2951 Si
522 2887 561 2951 sit
572 2887 653 2952 intra
666 2899 825 2953 cortuum
839 2886 978 2952 stultitiae
990 2885 1112 2975 planta‚·
1124 2903 1288 2970 nunquam

253 2993 392 3081 prolerot
407 2993 565 3081 sapientise
579 2993 703 3060 florem.
718 2996 752 3060 Si
767 2995 943 3083 injustitiae,
959 2995 983 3059 si
1004 2994 1180 3082 iniquitatis
1195 2994 1290 3058 arbor

254 3101 307 3174 sit,
324 3123 486 3187 nunquam
503 3102 686 3190 hujusmodi
704 3101 786 3191 ligna
799 3103 937 3192 gaudem
949 3103 1041 3168 bonis
1052 3101 1211 3167 fructibus
1223 3121 1289 3189 pos-

195 3255 200 3266 ,
255 3221 339 3275 sunt.
357 3209 390 3274 si
405 3233 480 3298 ergo
495 3234 654 3277 servemus
671 3202 820 3278 mandata
833 3212 904 3288 Dei,
917 3223 1061 3299 suscepta
1081 3208 1186 3299 pluvia
1203 3205 1290 3272 verbi

260 3319 331 3395 Dei,
344 3318 384 3384 de
398 3342 460 3408 que
481 3321 623 3408 superius
641 3322 791 3400 diximus,
804 3323 898 3388 etiem
916 3323 1045 3386 arbores
1065 3344 1135 3407 quae
1155 3321 1187 3384 in
1203 3339 1291 3383 cam-

260 3428 308 3516 pis
323 3429 435 3494 animae
450 3443 563 3494 nostras
577 3442 609 3495 et
623 3432 728 3497 cordis
744 3433 843 3497 nostri
860 3429 1026 3496 latitudine
1041 3429 1190 3520 plantatas
1205 3439 1291 3501 sunt,

257 3536 364 3603 laetum
379 3549 413 3603 et
427 3540 519 3604 bonae
540 3541 699 3606 suavitatis
715 3541 849 3609 afferent
864 3542 1015 3607 fructum.
1031 3540 1085 3606 Vis
1103 3550 1212 3604 autem
1235 3537 1292 3604 tibi

257 3652 297 3716 de
312 3649 484 3738 scripturis
498 3651 663 3717 ostendum
679 3653 807 3719 arbores
824 3651 873 3718 vel
889 3649 972 3740 ligna
989 3646 1138 3738 appellari
1156 3647 1216 3712 has
1232 3645 1294 3710 sin·

257 3757 346 3847 gulas
360 3781 502 3849 quasque
514 3759 656 3836 virtutes,
669 3785 746 3849 quas
761 3761 904 3849 superius
915 3757 1184 3826 memoravimus?
1196 3753 1294 3823 Adhi-

290 3889 297 3922 ¹
311 3891 401 3938 llluttlr.
418 3905 461 3948 vu,
477 3892 553 3941 18.-
564 3889 575 3924 ²
588 3893 655 3940 lbid.
