2692 4610
379 301 411 346 ιιι
434 301 605 346 usvrrrcuu
627 301 756 346 ιιοιιιιιι
781 302 848 346 ιιιιι.
1055 266 1111 347 ι5ι

78 432 203 509 lumen,
212 443 248 497 et
260 429 336 519 quin
348 429 464 498 defecit
475 431 508 496 in
519 433 564 496 eis
576 431 681 496 oleum
693 432 929 508 misericordius,
943 431 1118 497 necessario

79 544 220 609 extinctu
240 540 374 606 lucerne
387 553 446 605 est.
463 541 525 606 Sed
542 542 620 630 quid
640 542 782 608 dicemus
797 543 870 631 quin
889 540 949 607 illis
967 542 1035 607 haec
1049 563 1120 606 cve-

84 663 214 724 nerunt3
229 672 249 714 a
265 649 360 715 nohis
381 671 456 714 vcro
471 648 570 716 eliens
588 662 662 715 sunt
683 651 766 715 isto?
782 653 851 718 lmo
866 651 969 736 mnjor
984 671 1059 714 curs
1072 659 1120 713 est

88 761 269 824 Christiano
280 755 343 822 olei
360 758 580 845 conquirendi.
595 757 676 826 Vide
688 760 773 824 enim
789 757 951 846 quomodo
966 757 1120 822 Dominus

91 870 123 934 io
135 864 309 956 Evangeliis
319 889 379 956 per
395 865 579 953 parabolem
597 866 707 932 stultos
728 867 863 955 virgines
883 865 1037 940 nominat,
1050 887 1122 951 quae

90 976 193 1042 oleum
211 997 277 1040 non
294 976 466 1062 portabunt
483 976 515 1040 in
532 973 666 1040 vasculis
682 975 759 1050 suis,
771 987 805 1038 et
821 975 979 1040 intantum
996 971 1119 1046 stultus,

90 1095 125 1150 ut
146 1085 298 1172 quoniam
321 1082 421 1148 deluit
442 1084 488 1148 eis
510 1082 617 1148 oleum
639 1084 679 1148 sd
701 1082 938 1148 succendendus
960 1081 1123 1169 lampades

87 1217 168 1269 suns,
177 1189 329 1258 thalamis
340 1188 475 1257 excluso
487 1193 550 1258 sint
560 1193 757 1279 nuptiarum,
770 1213 830 1256 nec
841 1190 1038 1280 pulsantibus
1050 1213 1123 1277 quae

84 1302 145 1367 olei
158 1323 274 1367 curem
288 1297 506 1389 neglexerunt,
519 1299 601 1365 ultro
613 1300 727 1388 aperiri
738 1301 866 1388 jusserit
882 1298 1033 1387 sponsus¹
1037 1345 1119 1364 ......

91 1454 187 1474 .......
203 1406 355 1494 Splendet
370 1429 446 1495 ergo
460 1407 631 1495 uuicuique
649 1419 795 1472 nostrum
818 1407 948 1473 lucerne
969 1406 1050 1481 hoec,
1070 1408 1121 1472 in·

92 1525 251 1601 quantum
269 1512 335 1578 oleo
357 1515 518 1580 honorum
535 1537 669 1603 operum
684 1515 780 1580 fuerit
802 1537 945 1582 accensu.
961 1514 994 1578 Si
1016 1527 1122 1580 sutem

92 1617 177 1684 mule
190 1641 330 1707 agamus,
342 1628 376 1684 et
386 1641 482 1706 opero
496 1633 603 1686 nostru
615 1619 697 1685 mols
714 1623 789 1695 sint,
803 1643 867 1685 non
878 1619 982 1685 solum
997 1644 1062 1686 non
1073 1644 1123 1687 oc·

89 1731 269 1804 condimus,
283 1729 339 1794 sod
350 1729 562 1816 extinguimus
574 1729 665 1794 nobis
683 1729 774 1794 istam
794 1727 959 1795 lucernum
972 1751 980 1794 ι
994 1744 1027 1795 et
1038 1753 1124 1796 com-

85 1838 193 1929 pletur
210 1840 244 1904 in
257 1839 352 1904 nobis
370 1836 449 1903 illud
460 1839 546 1925 quod
565 1838 729 1926 Scriptura
744 1837 834 1914 dicit,
847 1840 918 1927 quis
936 1839 1026 1919 sQui
1041 1839 1123 1905 mele

86 1949 183 2038 »ugit
199 1949 234 2014 in
248 1947 390 2014 tenebris
405 1957 467 2021 est,
477 1958 511 2012 et
526 1947 580 2036 qui
599 1947 665 2010 odit
679 1946 810 2014 fratrem
825 1971 918 2014 suum
935 1949 967 2014 io
984 1949 1122 2016 tenebris

85 2088 98 2119 ι
113 2055 262 2124 ambulat
272 2055 295 2121 ².
319 2056 483 2122 «Extinxit
494 2057 578 2122 enim
599 2054 762 2123 lucernam
774 2058 948 2133 charitatis,
960 2071 994 2122 et
1007 2059 1078 2124 ideo
1088 2059 1123 2123 in

87 2165 233 2230 tenebris
245 2161 397 2230 ambulet.
412 2165 526 2230 Annon
547 2164 603 2230 tihi
619 2164 744 2230 videtur
760 2166 927 2231 extinxisse
945 2165 1121 2240 lucernum.

92 2273 150 2361 qui
166 2273 275 2338 lumen
285 2273 445 2340 charitatis
456 2273 610 2339 extinxit?
623 2274 687 2353 Qui
700 2285 806 2340 eutem
821 2274 920 2363 diligit
934 2274 1077 2350 fratrem,
1090 2277 1122 2340 in

1 2431 2 2464 3
92 2381 259 2448 charitatis
269 2379 335 2448 luce
346 2382 511 2470 perduret,
522 2393 555 2446 et
567 2404 641 2447 cum
654 2381 771 2448 fiducia
784 2395 886 2469 potest
898 2384 1003 2450 dicere
1015 2405 1023 2447 ι
1037 2383 1122 2472 eligo

84 2520 100 2553 ι
116 2504 230 2557 sutem
245 2491 326 2558 sicut
339 2490 420 2556 olivo
435 2490 596 2556 fructifera
611 2492 643 2557 in
659 2491 756 2556 domo
771 2491 885 2566 uer„
900 2503 945 2568 et,
962 2490 1038 2556 «filii
1053 2493 1123 2578 ejus

1 2666 5 2676 ,
81 2600 200 2668 »sicut
214 2598 346 2666 novellae
361 2600 514 2665 clivorum
530 2601 710 2666 incircuitu
731 2623 847 2666 mensas
857 2599 893 2662 *ι
913 2602 992 2689 ejus.
1008 2599 1123 2667 Oleum

1 2769 7 2806 ἶ,
80 2735 161 2800 ergo
178 2709 289 2775 oll'erri
306 2710 464 2795 jubetura
482 2706 614 2798 populo,
626 2722 658 2774 et
673 2708 777 2776 oleum
795 2733 858 2776 non
877 2708 1122 2798 qualecumque,

1 2909 3 2918 Ι
79 2823 137 2888 sed
154 2818 336 2890 mundum.
349 2830 381 2882 et
396 2841 460 2883 non
472 2843 511 2884 ex
522 2819 777 2908 quibuscumque
794 2821 968 2886 seminibus
983 2821 1038 2906 (ut
1054 2819 1123 2885 lieri

0 3006 12 3022 -,
78 2928 220 2996 diversis
236 2927 271 2992 iu
288 2926 468 3016 regionibus
480 2949 549 2992 mos
561 2939 608 2992 est
618 2929 645 3015 ),
657 2928 713 2993 sed
725 2927 765 2992 de
778 2928 867 2994 olivis
878 2953 1073 3018 expressum,
1090 2931 1124 2995 in
1208 2925 1212 2938 '

1 3106 13 3130 ,ι
74 3041 203 3127 quibus
214 3035 371 3102 indicium
382 3035 468 3123 pacis
479 3037 667 3102 ostenditur.
683 3036 792 3124 Neque
804 3037 889 3103 enim
901 3051 1031 3127 accepts
1047 3061 1122 3127 pos-

1 3187 13 3232 ι
76 3162 155 3216 sunt
175 3169 250 3212 esse
268 3146 337 3210 Deo
349 3169 443 3233 opere
455 3158 524 3222 tus,
537 3147 595 3211 nisi
616 3148 648 3213 in
665 3169 744 3234 pace
764 3160 954 3236 peraguntur
968 3171 977 3212 ι
991 3149 1074 3214 sicut
1091 3163 1123 3215 et

75 3260 230 3325 lacobus
246 3254 417 3344 Apostolus
431 3254 530 3320 dicit:
551 3256 710 3322 «Fructus
725 3268 831 3321 eutem
848 3258 974 3344 justitie
993 3258 1024 3323 in
1045 3280 1123 3346 pace

7 3431 13 3441 ,
82 3395 96 3427 ι
111 3362 350 3434 semiustur⁸.»
365 3365 406 3429 Et
417 3364 549 3440 idcirco,
563 3364 674 3439 credo,
687 3364 783 3430 etium
794 3367 949 3432 Dominus
961 3367 1123 3455 discipulis

0 3447 2 3468 ¹
86 3477 153 3539 suis
168 3474 319 3539 trudebat
339 3469 434 3536 tidele
451 3471 629 3559 depositum
648 3472 757 3537 dicens
776 3495 784 3537 ι
804 3473 939 3539 «Pacem
957 3497 1061 3539 mecm
1083 3476 1125 3542 do

1 3632 16 3694 h
84 3613 100 3646 ι
114 3585 216 3660 voltu,
233 3605 349 3672 pacem
366 3603 471 3646 meam
489 3580 634 3669 relinquo
653 3583 798 3649 vobis⁸.»
813 3583 859 3648 De
875 3584 937 3650 hec
952 3607 1028 3673 ergo
1044 3583 1123 3648 clius

6 3758 21 3796 ι,
79 3693 193 3760 oleum
213 3713 402 3782 premamus
414 3712 546 3778 operum
561 3705 754 3768 nostrorum,
772 3717 811 3758 ex
830 3717 894 3781 quo
912 3693 1040 3761 lucerne
1059 3696 1124 3760 Do·

1 3868 20 3916 p·
113 3853 123 3885 ¹
138 3853 235 3902 Mssih.
251 3867 310 3900 xxv.
322 3847 393 3897 -ἰ
408 3849 485 3898 Jonn.
497 3867 525 3906 ιι,
538 3866 576 3898 ιι.
589 3851 637 3889 -³
652 3850 713 3900 Psal.
727 3869 768 3908 ιιι,
779 3848 841 3900 8.-
854 3851 862 3883 ⁴
876 3835 939 3900 l’snl.
952 3865 1043 3906 cxxvii,
1057 3847 1079 3895 3.
1094 3875 1124 3886 -

78 3929 164 3978 Hac.
180 3945 219 3988 ιιι,
234 3925 543 3988 18.-⁶Joou.xrs‚27.
