2660 4610
301 285 332 327 ιιι
358 284 522 326 ιιιιιιιιιιι
547 283 748 328 nauricorum
773 286 835 327 ιιι.
863 287 897 327 ιι.
1056 267 1119 349 457

79 429 225 476 seorsum
237 415 345 494 pascat
360 428 367 467 :
382 417 415 468 ut
428 427 492 470 non
504 403 607 470 solum
619 427 733 492 sponsa
746 425 810 470 non
823 406 966 472 videatur
979 408 1016 472 ab
1032 407 1098 472 aliis
1111 457 1119 481 ‚

79 515 138 580 sed
161 525 194 578 et
218 512 336 578 areanis
357 511 633 599 ineffabilibusque
655 513 811 598 mysteriis
836 515 941 601 sponsi
968 514 1120 580 secretius

81 626 271 712 perfruatur.

133 732 223 797 Nunc
234 752 308 818 ergo
319 730 480 794 videamus
492 753 550 818 per
560 729 680 818 singula
693 755 701 794 :
715 745 747 796 et
758 732 861 818 primo
872 733 1000 819 quidem
1013 733 1083 798 vide
1095 735 1122 799 si

80 861 246 924 possumus
258 837 382 911 dicere,
395 837 481 923 quod
492 838 646 903 Dominus
664 840 755 924 cujus
767 839 871 924 portio
887 838 945 903 luit
957 839 1075 914 Jacob,
1089 855 1122 906 et

79 943 239 1010 funiculus
254 943 445 1010 haereditatis
460 945 529 1031 ejus
546 943 658 1020 lsrael,
679 944 900 1032 intelligendus
913 947 951 1010 sit
963 970 1096 1035 sponsus
1111 999 1120 1022 ,

77 1051 204 1118 sodales
216 1050 486 1140 veroejusAngeli
499 1051 543 1117 illi
556 1052 740 1139 adquorum
753 1075 923 1118 numerum
939 1077 1034 1119 «cum
1047 1055 1122 1120 divi-

78 1157 805 1248 nderetexcelsusgentes‚etdispergeretfilios
816 1159 1122 1236 Adam,statuittcr-

79 1267 206 1334 »minos
233 1265 374 1354 gentium
399 1267 574 1332 secundum
598 1289 767 1332 numerum
784 1268 838 1350 (ut
859 1269 923 1360 uit)
939 1268 1122 1357 angelorum

77 1374 176 1440 »Dav
191 1397 198 1439 :
217 1403 230 1434 ι
245 1385 278 1438 et
292 1373 342 1438 isti
354 1373 415 1440 sint
427 1373 565 1440 fortassis
576 1397 685 1462 greges
701 1373 855 1440 soladium
871 1377 976 1464 sponsi
989 1426 998 1450 ,
1011 1389 1121 1466 gentes

78 1480 201 1548 scilicet
214 1492 336 1547 cunctae
345 1531 354 1555 ,
363 1501 433 1567 quae
441 1479 525 1546 velut
533 1505 646 1569 peoora
657 1481 719 1546 suh
726 1481 852 1571 Angelis
860 1484 1038 1570 pastoribus
1047 1506 1124 1549 oon-

1 1659 2 1670 *
80 1591 199 1654 stitutae
211 1601 284 1654 sunt
295 1612 302 1653 ε
317 1611 392 1676 grex
403 1611 478 1652 vero
490 1588 594 1676 sponsi
607 1587 667 1652 illae
680 1588 875 1654 dieanturde
887 1590 1001 1677 quibus
1012 1589 1122 1676 ipsein

82 1691 250 1780 Evangelio
261 1693 357 1758 dixit:
375 1691 479 1756 «Oves
496 1714 574 1756 rneae
589 1713 702 1756 vocem
713 1714 817 1756 meam
831 1691 1021 1758 audiunt².a
1041 1692 1121 1758 Vide

81 1801 170 1866 enim
178 1812 208 1866 et
215 1802 418 1866 observanter
425 1799 571 1875 intende,
582 1799 732 1886 quoniam
739 1799 836 1874 dixit,
848 1800 924 1864 Oves
931 1821 1020 1873 areo,
1029 1802 1118 1888 quasi

0 1979 1 2006 ¹
76 1908 145 1974 sint
160 1920 192 1972 et
204 1906 270 1974 aliae
279 1930 353 1972 oves
364 1929 434 1992 quae
446 1929 508 1972 non
520 1906 677 1992 sintejus,
692 1906 773 1971 sicut
782 1906 927 1994 etipsein
941 1906 1008 1973 aliis
1021 1909 1118 1973 dixit:

86 2015 269 2082 «Vosenim
283 2014 429 2080 nonestis
440 2013 478 2079 de
490 2014 601 2078 ovibus
612 2012 721 2080 meis⁸.
736 2042 748 2075 ι
768 2013 1061 2102 Quaesingulahuic
1070 2039 1123 2081 oc-

1 2170 8 2183 .
78 2122 167 2188 culto
189 2121 340 2210 mysterio
355 2121 581 2186 convenienter
593 2121 787 2184 videbuntur
802 2121 913 2208 aptari.
937 2123 1017 2201 Qnae
1033 2122 1059 2184 si
1079 2123 1121 2186 ita

0 2201 1 2226 i
73 2255 113 2298 se
137 2232 281 2308 habent,
309 2240 527 2318 competenter
549 2251 663 2316 sponsa
695 2228 945 2315 uniuscujusque
966 2227 1127 2294 soladium

74 2361 209 2426 gregem
230 2359 377 2425 sponsam
406 2337 474 2422 ejus
502 2333 635 2422 intelligi
660 2332 759 2398 voluit
782 2381 791 2409 ,
816 2358 912 2421 quam
937 2334 1127 2423 adopertam

2 2442 6 2451 ’
75 2445 269 2510 nominavit.
287 2443 352 2510 Sed
367 2443 521 2531 quoniam
532 2451 619 2508 certa
636 2452 704 2505 orat
720 2441 808 2528 quod
824 2464 917 2528 super
929 2464 1040 2508 omnes
1054 2441 1124 2506 illas

4 2523 11 2561 ⁸
2 2555 147 2670 ipsa
170 2565 277 2628 esset,
300 2573 365 2616 non
384 2549 449 2616 vult
472 2548 582 2614 similis
612 2547 709 2614 videri
736 2547 827 2616 alicui
848 2547 994 2624 illarum,
1014 2561 1131 2638 utpote

2 2629 151 2782 :quse
177 2660 273 2726 sciret
299 2670 452 2732 tantum,
470 2680 503 2722 se
528 2656 645 2724 debere
667 2653 847 2742 praecellere
876 2654 944 2722 illas
966 2655 1122 2722 soladium

10 2791 212 2859 sponsas
232 2789 309 2854 quas
326 2789 439 2852 sponsa
461 2764 605 2830 nominat
631 2761 716 2828 velut
744 2762 937 2850 adopertas,
968 2776 1123 2849 quantum

3 2877 6 2891 ’
69 2874 262 2944 eminentiae
277 2895 410 2960 sponsus
426 2895 500 2936 suus
515 2870 656 2936 habebat
670 2868 711 2936 ad
724 2867 858 2934 sodales
874 2870 980 2935 Sedet
991 2892 1048 2958 pro
1061 2869 1124 2935 hoe

4 2965 189 3054 adhuc
211 2981 368 3047 ridebitur
386 2975 594 3067 percontandi
614 3000 724 3044 causas
740 2975 905 3051 habuisse,
922 2977 1125 3065 quandoqui-

4 3077 17 3114 ”
69 3094 154 3158 dem
171 3089 249 3156 boni
266 3088 398 3175 pastoris
414 3087 473 3150 scit
484 3108 552 3150 esse
568 3084 725 3157 studium,
745 3094 779 3147 ut
795 3083 911 3170 optima
929 3085 1040 3149 ovibus
1056 3108 1124 3173 pas-

4 3187 13 3282 ‡¹
70 3223 142 3266 cna
163 3195 318 3282 requirat,
339 3205 370 3258 et
385 3204 422 3257 ut
438 3192 600 3258 viridantia
620 3202 714 3276 atque
730 3211 827 3275 opaea
846 3211 978 3276 quaeque
993 3215 1124 3257 nemora

5 3287 20 3334 ’ί
70 3305 124 3370 nd
146 3302 287 3389 requiem
309 3301 473 3368 meridiani
492 3311 584 3364 aestus
604 3297 751 3362 inveniat.
778 3296 875 3375 Quod
889 3297 1020 3383 quidem
1035 3300 1125 3362 soda-

5 3397 20 3492 a
74 3411 130 3474 les
156 3409 258 3495 sponsi
283 3408 387 3472 facere
408 3407 576 3479 nesciunt,
596 3426 656 3468 nec
679 3403 712 3466 in
734 3399 885 3489 eligendis
904 3405 1048 3492 pascuis,
1071 3415 1126 3467 ant

6 3506 19 3552 ’ἱ
68 3516 222 3584 scientiae
233 3526 358 3580 tantum
376 3562 387 3586 ,
403 3525 456 3580 aut
469 3509 686 3576 sollicitudinis
695 3521 812 3595 gerunt
827 3532 834 3572 :
852 3521 884 3573 et
903 3509 1016 3576 ohhoc
1028 3509 1123 3574 dicit:

7 3613 21 3651 '⁵
78 3653 95 3685 ι
105 3622 282 3690 Annuncia
293 3619 371 3686 mihi
386 3619 438 3682 ubi
454 3617 567 3705 pascis,
581 3617 635 3682 ubi
647 3613 752 3680 cubile
763 3615 862 3680 habes
874 3616 907 3680 in
922 3615 1053 3680 meridie
1064 3614 1074 3648 ⁶
1085 3637 1118 3678 :s

6 3724 17 3768 ²²
63 3731 213 3819 cupiens
233 3741 359 3816 tempus
381 3724 501 3792 scilicet
518 3722 597 3788 illud
619 3746 681 3810 quo
702 3721 859 3808 copiosius
876 3721 998 3788 mundo
1014 3719 1124 3787 lumen

7 3842 22 3880 ’Φ
114 3873 319 3932 mentum,
335 3872 359 3920 8.
382 3901 389 3904 -
411 3863 1004 3934 ²Jouu.x,27.-¹1bicl.ali.—-⁴Cant.1,7.
