<?xml version="1.0" encoding="UTF-8"?>
<!DOCTYPE html PUBLIC "-//W3C//DTD XHTML 1.0 Transitional//EN"
    "http://www.w3.org/TR/xhtml1/DTD/xhtml1-transitional.dtd">
<html xmlns="http://www.w3.org/1999/xhtml" xml:lang="en" lang="en">
 <head>
  <title>
</title>
<meta http-equiv="Content-Type" content="text/html;charset=utf-8" />
  <meta name='ocr-system' content='tesseract 3.04.00' />
  <meta name='ocr-capabilities' content='ocr_page ocr_carea ocr_par ocr_line ocrx_word'/>
</head>
<body>
  <div class='ocr_page' id='page_1' title='image "./collectioselect01guilgoog_0047.png"; bbox 0 0 2744 4624; ppageno 0'>
   <div class='ocr_carea' id='block_1_1' title="bbox 424 275 1142 356">
    <p class='ocr_par' dir='ltr' id='par_1_1' title="bbox 424 275 1142 356">
     <span class='ocr_line' id='line_1_1' title="bbox 424 275 1142 356; baseline -0.017 -4"><span class='ocrx_word' id='word_1_1' title='bbox 424 313 454 354; x_wconf 69' lang='grc' dir='ltr'>ιη</span> <span class='ocrx_word' id='word_1_2' title='bbox 480 310 612 356; x_wconf 82' lang='lat' dir='ltr'>cussssu</span> <span class='ocrx_word' id='word_1_3' title='bbox 636 306 763 352; x_wconf 81' lang='lat' dir='ltr'>stoursss</span> <span class='ocrx_word' id='word_1_4' title='bbox 788 305 829 346; x_wconf 83' lang='lat' dir='ltr'>rx.</span> <span class='ocrx_word' id='word_1_5' title='bbox 1102 275 1142 354; x_wconf 76' lang='grc'>45</span> 
     </span>
    </p>
   </div>
   <div class='ocr_carea' id='block_1_2' title="bbox 106 412 1146 956">
    <p class='ocr_par' dir='ltr' id='par_1_2' title="bbox 106 412 1146 956">
     <span class='ocr_line' id='line_1_2' title="bbox 107 412 1143 523; baseline -0.023 -22"><span class='ocrx_word' id='word_1_6' title='bbox 107 446 250 523; x_wconf 73' lang='lat' dir='ltr'>pretatur</span> <span class='ocrx_word' id='word_1_7' title='bbox 264 433 307 498; x_wconf 85' lang='lat' dir='ltr'>sd</span> <span class='ocrx_word' id='word_1_8' title='bbox 322 432 475 498; x_wconf 73' lang='lat' dir='ltr'>Hebraeos</span> <span class='ocrx_word' id='word_1_9' title='bbox 490 428 630 496; x_wconf 83' lang='lat' dir='ltr'>scribens</span> <span class='ocrx_word' id='word_1_10' title='bbox 645 435 773 492; x_wconf 82' lang='lat' dir='ltr'>structus</span> <span class='ocrx_word' id='word_1_11' title='bbox 784 415 958 507; x_wconf 72' lang='lat' dir='ltr'>spostolus</span> <span class='ocrx_word' id='word_1_12' title='bbox 972 415 1035 486; x_wconf 84' lang='lat' dir='ltr'>hoc</span> <span class='ocrx_word' id='word_1_13' title='bbox 1049 412 1143 480; x_wconf 86' lang='lat' dir='ltr'>modo</span> 
     </span>
     <span class='ocr_line' id='line_1_3' title="bbox 106 523 1144 622; baseline -0.021 -12"><span class='ocrx_word' id='word_1_14' title='bbox 106 543 241 610; x_wconf 85' lang='lat' dir='ltr'>diceus:</span> <span class='ocrx_word' id='word_1_15' title='bbox 265 537 428 612; x_wconf 75' lang='lat' dir='ltr'>«Volesus,</span> <span class='ocrx_word' id='word_1_16' title='bbox 458 538 579 622; x_wconf 73' lang='lat' dir='ltr'>inquit,</span> <span class='ocrx_word' id='word_1_17' title='bbox 604 535 690 602; x_wconf 84' lang='lat' dir='ltr'>Deus</span> <span class='ocrx_word' id='word_1_18' title='bbox 716 530 884 598; x_wconf 87' lang='lat' dir='ltr'>ostendere</span> <span class='ocrx_word' id='word_1_19' title='bbox 911 523 1144 616; x_wconf 70' lang='lat' dir='ltr'>pollicitationis</span> 
     </span>
     <span class='ocr_line' id='line_1_4' title="bbox 108 633 1146 730; baseline -0.026 -8"><span class='ocrx_word' id='word_1_20' title='bbox 108 652 317 720; x_wconf 65' lang='lat' dir='ltr'>»heredibus</span> <span class='ocrx_word' id='word_1_21' title='bbox 337 645 593 718; x_wconf 69' lang='lat' dir='ltr'>immobilitatem</span> <span class='ocrx_word' id='word_1_22' title='bbox 616 641 738 730; x_wconf 83' lang='lat' dir='ltr'>consilii</span> <span class='ocrx_word' id='word_1_23' title='bbox 758 641 819 714; x_wconf 85' lang='lat' dir='ltr'>sui.</span> <span class='ocrx_word' id='word_1_24' title='bbox 838 635 1026 726; x_wconf 75' lang='lat' dir='ltr'>interposuit</span> <span class='ocrx_word' id='word_1_25' title='bbox 1046 633 1146 720; x_wconf 84' lang='lat' dir='ltr'>jusju-</span> 
     </span>
     <span class='ocr_line' id='line_1_5' title="bbox 111 741 1144 836; baseline -0.019 -9"><span class='ocrx_word' id='word_1_26' title='bbox 111 790 126 824; x_wconf 84' lang='lat' dir='ltr'>s</span> <span class='ocrx_word' id='word_1_27' title='bbox 141 761 286 826; x_wconf 81' lang='lat' dir='ltr'>rendum.</span> <span class='ocrx_word' id='word_1_28' title='bbox 297 757 490 826; x_wconf 74' lang='lat' dir='ltr'>»miserum</span> <span class='ocrx_word' id='word_1_29' title='bbox 503 777 511 820; x_wconf 86' lang='lat' dir='ltr'>s</span> <span class='ocrx_word' id='word_1_30' title='bbox 525 753 711 827; x_wconf 77' lang='lat' dir='ltr'>«Homines,</span> <span class='ocrx_word' id='word_1_31' title='bbox 723 751 918 836; x_wconf 68' lang='lat' dir='ltr'>inquis-per</span> <span class='ocrx_word' id='word_1_32' title='bbox 929 744 1083 831; x_wconf 78' lang='lat' dir='ltr'>majorem</span> <span class='ocrx_word' id='word_1_33' title='bbox 1097 741 1144 808; x_wconf 88' lang='lat' dir='ltr'>sui</span> 
     </span>
     <span class='ocr_line' id='line_1_6' title="bbox 115 857 1144 956; baseline -0.017 -20"><span class='ocrx_word' id='word_1_34' title='bbox 115 871 257 954; x_wconf 71' lang='lat' dir='ltr'>nicrum,</span> <span class='ocrx_word' id='word_1_35' title='bbox 276 869 361 934; x_wconf 83' lang='lat' dir='ltr'>Deus</span> <span class='ocrx_word' id='word_1_36' title='bbox 380 878 488 933; x_wconf 84' lang='lat' dir='ltr'>nutem</span> <span class='ocrx_word' id='word_1_37' title='bbox 504 865 656 956; x_wconf 81' lang='lat' dir='ltr'>quonium</span> <span class='ocrx_word' id='word_1_38' title='bbox 670 861 830 930; x_wconf 83' lang='lat' dir='ltr'>nemiuem</span> <span class='ocrx_word' id='word_1_39' title='bbox 845 857 958 928; x_wconf 80' lang='lat' dir='ltr'>hubeis</span> <span class='ocrx_word' id='word_1_40' title='bbox 974 877 1030 943; x_wconf 88' lang='lat' dir='ltr'>per</span> <span class='ocrx_word' id='word_1_41' title='bbox 1048 873 1144 940; x_wconf 88' lang='lat' dir='ltr'>quem</span> 
     </span>
    </p>
   </div>
   <div class='ocr_carea' id='block_1_3' title="bbox 57 961 1225 3788">
    <p class='ocr_par' dir='ltr' id='par_1_3' title="bbox 57 961 1225 3460">
     <span class='ocr_line' id='line_1_7' title="bbox 113 961 1136 1064; baseline -0.014 -24"><span class='ocrx_word' id='word_1_42' title='bbox 113 1007 127 1040; x_wconf 79' lang='grc' dir='ltr'>ι</span> <span class='ocrx_word' id='word_1_43' title='bbox 140 978 434 1064; x_wconf 73' lang='lat' dir='ltr'>jurenetmsjorem,</span> <span class='ocrx_word' id='word_1_44' title='bbox 447 975 508 1042; x_wconf 84' lang='lat' dir='ltr'>Pur</span> <span class='ocrx_word' id='word_1_45' title='bbox 519 961 1136 1060; x_wconf 70' lang='lat' dir='ltr'>memetipsumjurmdicitllomiuus‘.s</span> 
     </span>
     <span class='ocr_line' id='line_1_8' title="bbox 110 1071 1145 1172; baseline -0.013 -20"><span class='ocrx_word' id='word_1_46' title='bbox 110 1084 180 1152; x_wconf 88' lang='lat' dir='ltr'>llun</span> <span class='ocrx_word' id='word_1_47' title='bbox 191 1085 278 1172; x_wconf 89' lang='lat' dir='ltr'>quod</span> <span class='ocrx_word' id='word_1_48' title='bbox 294 1084 399 1152; x_wconf 86' lang='lat' dir='ltr'>Deum</span> <span class='ocrx_word' id='word_1_49' title='bbox 413 1081 621 1169; x_wconf 76' lang='lat' dir='ltr'>jurisjurandi</span> <span class='ocrx_word' id='word_1_50' title='bbox 632 1078 801 1148; x_wconf 82' lang='lat' dir='ltr'>necessitus</span> <span class='ocrx_word' id='word_1_51' title='bbox 818 1085 958 1163; x_wconf 75' lang='lat' dir='ltr'>urgeret:</span> <span class='ocrx_word' id='word_1_52' title='bbox 978 1073 1047 1159; x_wconf 85' lang='lat' dir='ltr'>quis</span> <span class='ocrx_word' id='word_1_53' title='bbox 1058 1071 1145 1140; x_wconf 86' lang='lat' dir='ltr'>onim</span> 
     </span>
     <span class='ocr_line' id='line_1_9' title="bbox 106 1183 1145 1277; baseline -0.01 -22"><span class='ocrx_word' id='word_1_54' title='bbox 106 1193 147 1260; x_wconf 85' lang='lat' dir='ltr'>sls</span> <span class='ocrx_word' id='word_1_55' title='bbox 158 1215 198 1258; x_wconf 92' lang='lat' dir='ltr'>eo</span> <span class='ocrx_word' id='word_1_56' title='bbox 205 1191 348 1277; x_wconf 79' lang='lat' dir='ltr'>exigeret</span> <span class='ocrx_word' id='word_1_57' title='bbox 355 1186 675 1258; x_wconf 74' lang='lat' dir='ltr'>sacromentumlsed</span> <span class='ocrx_word' id='word_1_58' title='bbox 683 1186 996 1270; x_wconf 84' lang='lat' dir='ltr'>sicutinterpretutus</span> <span class='ocrx_word' id='word_1_59' title='bbox 1005 1192 1053 1248; x_wconf 87' lang='lat' dir='ltr'>est</span> <span class='ocrx_word' id='word_1_60' title='bbox 1061 1183 1145 1267; x_wconf 78' lang='lat' dir='ltr'>Apo—</span> 
     </span>
     <span class='ocr_line' id='line_1_10' title="bbox 108 1287 1144 1384; baseline -0.011 -18"><span class='ocrx_word' id='word_1_61' title='bbox 108 1298 209 1366; x_wconf 84' lang='lat' dir='ltr'>stulus</span> <span class='ocrx_word' id='word_1_62' title='bbox 226 1297 356 1373; x_wconf 73' lang='lat' dir='ltr'>Paulus,</span> <span class='ocrx_word' id='word_1_63' title='bbox 372 1320 436 1384; x_wconf 87' lang='lat' dir='ltr'>quo</span> <span class='ocrx_word' id='word_1_64' title='bbox 450 1320 508 1384; x_wconf 88' lang='lat' dir='ltr'>per</span> <span class='ocrx_word' id='word_1_65' title='bbox 521 1297 587 1364; x_wconf 85' lang='lat' dir='ltr'>lsuc</span> <span class='ocrx_word' id='word_1_66' title='bbox 606 1293 860 1364; x_wconf 80' lang='lat' dir='ltr'>immobilitatem</span> <span class='ocrx_word' id='word_1_67' title='bbox 879 1289 1000 1362; x_wconf 85' lang='lat' dir='ltr'>consilii</span> <span class='ocrx_word' id='word_1_68' title='bbox 1015 1289 1063 1358; x_wconf 88' lang='lat' dir='ltr'>sui</span> <span class='ocrx_word' id='word_1_69' title='bbox 1079 1287 1144 1355; x_wconf 57' lang='lat' dir='ltr'>cule</span> 
     </span>
     <span class='ocr_line' id='line_1_11' title="bbox 114 1379 1225 1492; baseline -0.013 -17"><span class='ocrx_word' id='word_1_70' title='bbox 114 1407 241 1474; x_wconf 85' lang='lat' dir='ltr'>toribus</span> <span class='ocrx_word' id='word_1_71' title='bbox 256 1406 441 1492; x_wconf 68' lang='lat' dir='ltr'>designaret.</span> <span class='ocrx_word' id='word_1_72' title='bbox 455 1404 552 1473; x_wconf 78' lang='lat' dir='ltr'>Siout</span> <span class='ocrx_word' id='word_1_73' title='bbox 562 1402 638 1472; x_wconf 80' lang='lat' dir='ltr'>olibi</span> <span class='ocrx_word' id='word_1_74' title='bbox 651 1426 707 1490; x_wconf 88' lang='lat' dir='ltr'>por</span> <span class='ocrx_word' id='word_1_75' title='bbox 717 1400 909 1488; x_wconf 87' lang='lat' dir='ltr'>Prophetum</span> <span class='ocrx_word' id='word_1_76' title='bbox 922 1398 1055 1467; x_wconf 88' lang='lat' dir='ltr'>dicitur:</span> <span class='ocrx_word' id='word_1_77' title='bbox 1069 1397 1145 1464; x_wconf 82' lang='lat' dir='ltr'>«Ju-</span> <span class='ocrx_word' id='word_1_78' title='bbox 1212 1379 1225 1405; x_wconf 70' lang='lat'>⁸</span> 
     </span>
     <span class='ocr_line' id='line_1_12' title="bbox 115 1506 1144 1600; baseline -0.008 -22"><span class='ocrx_word' id='word_1_79' title='bbox 115 1512 230 1580; x_wconf 76' lang='lat' dir='ltr'>»ravit</span> <span class='ocrx_word' id='word_1_80' title='bbox 249 1513 414 1586; x_wconf 83' lang='lat' dir='ltr'>Dominus.</span> <span class='ocrx_word' id='word_1_81' title='bbox 426 1532 482 1580; x_wconf 85' lang='lat' dir='ltr'>uec</span> <span class='ocrx_word' id='word_1_82' title='bbox 502 1511 668 1600; x_wconf 83' lang='lat' dir='ltr'>poenitebit</span> <span class='ocrx_word' id='word_1_83' title='bbox 692 1534 766 1579; x_wconf 89' lang='lat' dir='ltr'>eum</span> <span class='ocrx_word' id='word_1_84' title='bbox 784 1508 856 1576; x_wconf 83' lang='lat' dir='ltr'>:Tu</span> <span class='ocrx_word' id='word_1_85' title='bbox 880 1531 916 1576; x_wconf 84' lang='lat' dir='ltr'>es</span> <span class='ocrx_word' id='word_1_86' title='bbox 940 1507 1087 1578; x_wconf 86' lang='lat' dir='ltr'>secordes</span> <span class='ocrx_word' id='word_1_87' title='bbox 1112 1506 1144 1570; x_wconf 93' lang='lat' dir='ltr'>in</span> 
     </span>
     <span class='ocr_line' id='line_1_13' title="bbox 119 1617 1204 1692; baseline -0.006 -4"><span class='ocrx_word' id='word_1_88' title='bbox 119 1635 301 1692; x_wconf 80' lang='lat' dir='ltr'>sseternum</span> <span class='ocrx_word' id='word_1_89' title='bbox 314 1623 486 1692; x_wconf 84' lang='lat' dir='ltr'>secundum</span> <span class='ocrx_word' id='word_1_90' title='bbox 504 1623 650 1692; x_wconf 80' lang='lat' dir='ltr'>ordinem</span> <span class='ocrx_word' id='word_1_91' title='bbox 670 1621 903 1691; x_wconf 83' lang='lat' dir='ltr'>Melchisedech</span> <span class='ocrx_word' id='word_1_92' title='bbox 911 1619 934 1686; x_wconf 88' lang='lat'>².</span> <span class='ocrx_word' id='word_1_93' title='bbox 951 1647 963 1682; x_wconf 77' lang='lat' dir='ltr'>s</span> <span class='ocrx_word' id='word_1_94' title='bbox 980 1619 1072 1688; x_wconf 88' lang='lat' dir='ltr'>Tuuc</span> <span class='ocrx_word' id='word_1_95' title='bbox 1086 1617 1143 1684; x_wconf 90' lang='lat' dir='ltr'>de·</span> <span class='ocrx_word' id='word_1_96' title='bbox 1173 1679 1176 1688; x_wconf 92' lang='grc'>,</span> <span class='ocrx_word' id='word_1_97' title='bbox 1201 1675 1204 1682; x_wconf 88' lang='grc'>.</span> 
     </span>
     <span class='ocr_line' id='line_1_14' title="bbox 114 1731 1144 1820; baseline -0.003 -26"><span class='ocrx_word' id='word_1_98' title='bbox 114 1731 190 1798; x_wconf 87' lang='lat' dir='ltr'>inde</span> <span class='ocrx_word' id='word_1_99' title='bbox 202 1733 234 1796; x_wconf 84' lang='lat' dir='ltr'>in</span> <span class='ocrx_word' id='word_1_100' title='bbox 246 1732 348 1819; x_wconf 83' lang='lat' dir='ltr'>prims</span> <span class='ocrx_word' id='word_1_101' title='bbox 362 1733 603 1820; x_wconf 70' lang='lat' dir='ltr'>repromissione</span> <span class='ocrx_word' id='word_1_102' title='bbox 615 1755 680 1798; x_wconf 90' lang='lat' dir='ltr'>non</span> <span class='ocrx_word' id='word_1_103' title='bbox 692 1731 789 1798; x_wconf 84' lang='lat' dir='ltr'>hehet</span> <span class='ocrx_word' id='word_1_104' title='bbox 801 1732 933 1819; x_wconf 86' lang='lat' dir='ltr'>positum</span> <span class='ocrx_word' id='word_1_105' title='bbox 944 1752 1073 1797; x_wconf 77' lang='lat' dir='ltr'>causum</span> <span class='ocrx_word' id='word_1_106' title='bbox 1086 1751 1144 1794; x_wconf 91' lang='lat' dir='ltr'>cur</span> 
     </span>
     <span class='ocr_line' id='line_1_15' title="bbox 110 1833 1142 1931; baseline -0.003 -23"><span class='ocrx_word' id='word_1_107' title='bbox 110 1841 184 1908; x_wconf 75' lang='lat' dir='ltr'>dau</span> <span class='ocrx_word' id='word_1_108' title='bbox 205 1842 248 1906; x_wconf 89' lang='lat' dir='ltr'>sit</span> <span class='ocrx_word' id='word_1_109' title='bbox 263 1843 477 1930; x_wconf 73' lang='lat' dir='ltr'>repromissio,</span> <span class='ocrx_word' id='word_1_110' title='bbox 499 1842 558 1911; x_wconf 89' lang='lat' dir='ltr'>nisi</span> <span class='ocrx_word' id='word_1_111' title='bbox 581 1833 705 1910; x_wconf 80' lang='lat' dir='ltr'>tautum</span> <span class='ocrx_word' id='word_1_112' title='bbox 726 1844 812 1931; x_wconf 89' lang='lat' dir='ltr'>quod</span> <span class='ocrx_word' id='word_1_113' title='bbox 828 1843 937 1910; x_wconf 84' lang='lat' dir='ltr'>eduxit</span> <span class='ocrx_word' id='word_1_114' title='bbox 952 1865 1027 1907; x_wconf 91' lang='lat' dir='ltr'>eum</span> <span class='ocrx_word' id='word_1_115' title='bbox 1046 1840 1142 1915; x_wconf 82' lang='lat' dir='ltr'>forus,</span> 
     </span>
     <span class='ocr_line' id='line_1_16' title="bbox 57 1951 1145 2038; baseline -0.004 -20"><span class='ocrx_word' id='word_1_116' title='bbox 57 1965 61 1978; x_wconf 94' lang='lat'><em>&#39;</em></span> <span class='ocrx_word' id='word_1_117' title='bbox 115 1976 132 2010; x_wconf 76' lang='lat' dir='ltr'>s</span> <span class='ocrx_word' id='word_1_118' title='bbox 141 1960 176 2018; x_wconf 78' lang='lat' dir='ltr'>st</span> <span class='ocrx_word' id='word_1_119' title='bbox 187 1951 339 2026; x_wconf 86' lang='lat' dir='ltr'>ostendit,</span> <span class='ocrx_word' id='word_1_120' title='bbox 352 1952 475 2038; x_wconf 74' lang='lat' dir='ltr'>lupuit,</span> <span class='ocrx_word' id='word_1_121' title='bbox 487 1954 517 2018; x_wconf 92' lang='lat' dir='ltr'>ei</span> <span class='ocrx_word' id='word_1_122' title='bbox 529 1951 633 2020; x_wconf 83' lang='lat' dir='ltr'>stelles</span> <span class='ocrx_word' id='word_1_123' title='bbox 645 1951 729 2028; x_wconf 87' lang='lat' dir='ltr'>cmli,</span> <span class='ocrx_word' id='word_1_124' title='bbox 741 1963 775 2018; x_wconf 84' lang='lat' dir='ltr'>et</span> <span class='ocrx_word' id='word_1_125' title='bbox 785 1953 863 2018; x_wconf 79' lang='lat' dir='ltr'>dixit</span> <span class='ocrx_word' id='word_1_126' title='bbox 875 1975 883 2016; x_wconf 80' lang='lat' dir='ltr'>r</span> <span class='ocrx_word' id='word_1_127' title='bbox 900 1952 954 2017; x_wconf 88' lang='lat' dir='ltr'>Sic</span> <span class='ocrx_word' id='word_1_128' title='bbox 965 1951 1025 2017; x_wconf 79' lang='lat' dir='ltr'>erit</span> <span class='ocrx_word' id='word_1_129' title='bbox 1036 1973 1145 2016; x_wconf 87' lang='lat' dir='ltr'>semen</span> 
     </span>
     <span class='ocr_line' id='line_1_17' title="bbox 109 2059 1144 2148; baseline -0.001 -26"><span class='ocrx_word' id='word_1_130' title='bbox 109 2087 123 2122; x_wconf 81' lang='lat' dir='ltr'>s</span> <span class='ocrx_word' id='word_1_131' title='bbox 137 2069 240 2128; x_wconf 88' lang='lat' dir='ltr'>tuum.</span> <span class='ocrx_word' id='word_1_132' title='bbox 255 2059 371 2128; x_wconf 73' lang='lat' dir='ltr'>»Nunc</span> <span class='ocrx_word' id='word_1_133' title='bbox 384 2084 458 2130; x_wconf 82' lang='lat' dir='ltr'>sero</span> <span class='ocrx_word' id='word_1_134' title='bbox 473 2061 562 2130; x_wconf 87' lang='lat' dir='ltr'>uddit</span> <span class='ocrx_word' id='word_1_135' title='bbox 574 2085 703 2133; x_wconf 68' lang='lat' dir='ltr'>causum</span> <span class='ocrx_word' id='word_1_136' title='bbox 715 2073 950 2148; x_wconf 80' lang='lat' dir='ltr'>propterquam</span> <span class='ocrx_word' id='word_1_137' title='bbox 963 2060 1144 2146; x_wconf 76' lang='lat' dir='ltr'>juramento</span> 
     </span>
     <span class='ocr_line' id='line_1_18' title="bbox 110 2164 1144 2257; baseline -0.004 -23"><span class='ocrx_word' id='word_1_138' title='bbox 110 2167 1007 2257; x_wconf 73' lang='lat' dir='ltr'>confirmutprumissionemllrmumsuturam-Dicitenim</span> <span class='ocrx_word' id='word_1_139' title='bbox 1017 2164 1051 2231; x_wconf 77' lang='grc' dir='ltr'>εἰ</span> <span class='ocrx_word' id='word_1_140' title='bbox 1061 2166 1144 2246; x_wconf 89' lang='lat' dir='ltr'>Quiu</span> 
     </span>
     <span class='ocr_line' id='line_1_19' title="bbox 116 2275 1144 2368; baseline 0 -30"><span class='ocrx_word' id='word_1_141' title='bbox 116 2276 243 2344; x_wconf 75' lang='lat' dir='ltr'>»iecisti</span> <span class='ocrx_word' id='word_1_142' title='bbox 257 2279 387 2346; x_wconf 71' lang='lat' dir='ltr'>uerbum</span> <span class='ocrx_word' id='word_1_143' title='bbox 402 2279 480 2354; x_wconf 81' lang='lat' dir='ltr'>hou,</span> <span class='ocrx_word' id='word_1_144' title='bbox 495 2292 529 2348; x_wconf 90' lang='lat' dir='ltr'>et</span> <span class='ocrx_word' id='word_1_145' title='bbox 542 2303 606 2349; x_wconf 81' lang='lat' dir='ltr'>nou</span> <span class='ocrx_word' id='word_1_146' title='bbox 623 2279 790 2368; x_wconf 74' lang='lat' dir='ltr'>pepercisti</span> <span class='ocrx_word' id='word_1_147' title='bbox 805 2277 871 2346; x_wconf 88' lang='lat' dir='ltr'>lilio</span> <span class='ocrx_word' id='word_1_148' title='bbox 886 2287 953 2344; x_wconf 84' lang='lat' dir='ltr'>tuo.</span> <span class='ocrx_word' id='word_1_149' title='bbox 968 2305 981 2342; x_wconf 79' lang='lat' dir='ltr'>r</span> <span class='ocrx_word' id='word_1_150' title='bbox 995 2275 1144 2344; x_wconf 86' lang='lat' dir='ltr'>Ostendit</span> 
     </span>
     <span class='ocr_line' id='line_1_20' title="bbox 115 2385 1142 2476; baseline -0.001 -23"><span class='ocrx_word' id='word_1_151' title='bbox 115 2407 194 2472; x_wconf 82' lang='lat' dir='ltr'>ergo</span> <span class='ocrx_word' id='word_1_152' title='bbox 208 2385 292 2472; x_wconf 78' lang='lat' dir='ltr'>quod</span> <span class='ocrx_word' id='word_1_153' title='bbox 305 2400 433 2476; x_wconf 86' lang='lat' dir='ltr'>propter</span> <span class='ocrx_word' id='word_1_154' title='bbox 445 2387 642 2458; x_wconf 74' lang='lat' dir='ltr'>oblationem</span> <span class='ocrx_word' id='word_1_155' title='bbox 657 2388 705 2456; x_wconf 86' lang='lat' dir='ltr'>ml</span> <span class='ocrx_word' id='word_1_156' title='bbox 726 2388 903 2476; x_wconf 82' lang='lat' dir='ltr'>passionem</span> <span class='ocrx_word' id='word_1_157' title='bbox 918 2385 989 2460; x_wconf 85' lang='lat' dir='ltr'>lilii,</span> <span class='ocrx_word' id='word_1_158' title='bbox 1004 2385 1142 2473; x_wconf 86' lang='lat' dir='ltr'>promis-</span> 
     </span>
     <span class='ocr_line' id='line_1_21' title="bbox 111 2492 1142 2588; baseline 0.002 -30"><span class='ocrx_word' id='word_1_159' title='bbox 111 2493 160 2560; x_wconf 89' lang='lat' dir='ltr'>sio</span> <span class='ocrx_word' id='word_1_160' title='bbox 172 2492 264 2564; x_wconf 76' lang='lat' dir='ltr'>duos</span> <span class='ocrx_word' id='word_1_161' title='bbox 279 2497 338 2564; x_wconf 87' lang='lat' dir='ltr'>sit:</span> <span class='ocrx_word' id='word_1_162' title='bbox 353 2496 517 2566; x_wconf 76' lang='lat' dir='ltr'>evidenter</span> <span class='ocrx_word' id='word_1_163' title='bbox 531 2496 698 2588; x_wconf 74' lang='lat' dir='ltr'>designans</span> <span class='ocrx_word' id='word_1_164' title='bbox 716 2496 803 2585; x_wconf 88' lang='lat' dir='ltr'>quod</span> <span class='ocrx_word' id='word_1_165' title='bbox 820 2507 950 2583; x_wconf 90' lang='lat' dir='ltr'>propter</span> <span class='ocrx_word' id='word_1_166' title='bbox 964 2493 1142 2580; x_wconf 77' lang='lat' dir='ltr'>pensionem</span> 
     </span>
     <span class='ocr_line' id='line_1_22' title="bbox 111 2599 1144 2692; baseline -0.002 -26"><span class='ocrx_word' id='word_1_167' title='bbox 111 2602 230 2669; x_wconf 81' lang='lat' dir='ltr'>Christi</span> <span class='ocrx_word' id='word_1_168' title='bbox 242 2604 410 2691; x_wconf 81' lang='lat' dir='ltr'>populeos</span> <span class='ocrx_word' id='word_1_169' title='bbox 420 2607 580 2692; x_wconf 80' lang='lat' dir='ltr'>gentibus,</span> <span class='ocrx_word' id='word_1_170' title='bbox 596 2605 650 2691; x_wconf 85' lang='lat' dir='ltr'>qui</span> <span class='ocrx_word' id='word_1_171' title='bbox 661 2627 701 2674; x_wconf 82' lang='lat' dir='ltr'>es</span> <span class='ocrx_word' id='word_1_172' title='bbox 712 2603 775 2672; x_wconf 87' lang='lat' dir='ltr'>lide</span> <span class='ocrx_word' id='word_1_173' title='bbox 788 2613 837 2672; x_wconf 83' lang='lat' dir='ltr'>est</span> <span class='ocrx_word' id='word_1_174' title='bbox 852 2599 1001 2674; x_wconf 79' lang='lat' dir='ltr'>Abrshae.</span> <span class='ocrx_word' id='word_1_175' title='bbox 1016 2611 1144 2668; x_wconf 79' lang='lat' dir='ltr'>manent</span> 
     </span>
     <span class='ocr_line' id='line_1_23' title="bbox 108 2708 1146 2804; baseline -0.001 -27"><span class='ocrx_word' id='word_1_176' title='bbox 108 2711 202 2778; x_wconf 82' lang='lat' dir='ltr'>lirms</span> <span class='ocrx_word' id='word_1_177' title='bbox 221 2714 398 2802; x_wconf 86' lang='lat' dir='ltr'>promissio.</span> <span class='ocrx_word' id='word_1_178' title='bbox 414 2717 453 2782; x_wconf 84' lang='lat' dir='ltr'>Et</span> <span class='ocrx_word' id='word_1_179' title='bbox 470 2715 625 2804; x_wconf 86' lang='lat' dir='ltr'>numquid</span> <span class='ocrx_word' id='word_1_180' title='bbox 640 2715 674 2781; x_wconf 87' lang='lat' dir='ltr'>in</span> <span class='ocrx_word' id='word_1_181' title='bbox 689 2714 753 2780; x_wconf 89' lang='lat' dir='ltr'>hoc</span> <span class='ocrx_word' id='word_1_182' title='bbox 767 2712 835 2780; x_wconf 84' lang='lat' dir='ltr'>solo</span> <span class='ocrx_word' id='word_1_183' title='bbox 851 2712 990 2780; x_wconf 84' lang='lat' dir='ltr'>secunde</span> <span class='ocrx_word' id='word_1_184' title='bbox 1003 2708 1146 2778; x_wconf 80' lang='lat' dir='ltr'>lirmiors</span> 
     </span>
     <span class='ocr_line' id='line_1_24' title="bbox 107 2819 1143 2912; baseline -0.002 -26"><span class='ocrx_word' id='word_1_185' title='bbox 107 2833 183 2888; x_wconf 81' lang='lat' dir='ltr'>sunt</span> <span class='ocrx_word' id='word_1_186' title='bbox 205 2822 341 2910; x_wconf 79' lang='lat' dir='ltr'>primis?</span> <span class='ocrx_word' id='word_1_187' title='bbox 361 2825 398 2894; x_wconf 90' lang='lat' dir='ltr'>lu</span> <span class='ocrx_word' id='word_1_188' title='bbox 421 2823 529 2895; x_wconf 89' lang='lat' dir='ltr'>multis</span> <span class='ocrx_word' id='word_1_189' title='bbox 548 2824 771 2912; x_wconf 82' lang='lat' dir='ltr'>hcjsueemudi</span> <span class='ocrx_word' id='word_1_190' title='bbox 792 2825 981 2894; x_wconf 84' lang='lat' dir='ltr'>sdumhrete</span> <span class='ocrx_word' id='word_1_191' title='bbox 1005 2819 1143 2886; x_wconf 81' lang='lat' dir='ltr'>invenies</span> 
     </span>
     <span class='ocr_line' id='line_1_25' title="bbox 109 2928 1143 3020; baseline -0.006 -20"><span class='ocrx_word' id='word_1_192' title='bbox 109 2943 322 3000; x_wconf 69' lang='lat' dir='ltr'>enemente.</span> <span class='ocrx_word' id='word_1_193' title='bbox 333 2931 452 3000; x_wconf 74' lang='lat' dir='ltr'>Primos</span> <span class='ocrx_word' id='word_1_194' title='bbox 460 2932 582 3000; x_wconf 80' lang='lat' dir='ltr'>tubulos</span> <span class='ocrx_word' id='word_1_195' title='bbox 594 2933 685 3020; x_wconf 74' lang='lat' dir='ltr'>Legis</span> <span class='ocrx_word' id='word_1_196' title='bbox 697 2934 728 2998; x_wconf 91' lang='lat' dir='ltr'>in</span> <span class='ocrx_word' id='word_1_197' title='bbox 737 2931 843 2998; x_wconf 84' lang='lat' dir='ltr'>littere</span> <span class='ocrx_word' id='word_1_198' title='bbox 856 2930 1010 3017; x_wconf 78' lang='lat' dir='ltr'>confregit</span> <span class='ocrx_word' id='word_1_199' title='bbox 1019 2928 1143 3014; x_wconf 83' lang='lat' dir='ltr'>Moyses</span> 
     </span>
     <span class='ocr_line' id='line_1_26' title="bbox 108 3037 1145 3132; baseline -0.006 -24"><span class='ocrx_word' id='word_1_200' title='bbox 108 3043 294 3130; x_wconf 70' lang='lat' dir='ltr'>stantem:</span> <span class='ocrx_word' id='word_1_201' title='bbox 309 3045 484 3110; x_wconf 87' lang='lat' dir='ltr'>secundem</span> <span class='ocrx_word' id='word_1_202' title='bbox 494 3043 610 3132; x_wconf 79' lang='lat' dir='ltr'>Legem</span> <span class='ocrx_word' id='word_1_203' title='bbox 626 3044 658 3114; x_wconf 87' lang='lat' dir='ltr'>iu</span> <span class='ocrx_word' id='word_1_204' title='bbox 670 3043 780 3130; x_wconf 85' lang='lat' dir='ltr'>&#39;spiritu</span> <span class='ocrx_word' id='word_1_205' title='bbox 793 3041 944 3128; x_wconf 84' lang='lat' dir='ltr'>suscepit.</span> <span class='ocrx_word' id='word_1_206' title='bbox 956 3047 989 3104; x_wconf 85' lang='lat' dir='ltr'>et</span> <span class='ocrx_word' id='word_1_207' title='bbox 1001 3051 1077 3104; x_wconf 89' lang='lat' dir='ltr'>suut</span> <span class='ocrx_word' id='word_1_208' title='bbox 1091 3037 1145 3104; x_wconf 82' lang='lat' dir='ltr'>fir-</span> 
     </span>
     <span class='ocr_line' id='line_1_27' title="bbox 109 3152 1143 3241; baseline -0.007 -23"><span class='ocrx_word' id='word_1_209' title='bbox 109 3155 209 3219; x_wconf 82' lang='lat' dir='ltr'>miore</span> <span class='ocrx_word' id='word_1_210' title='bbox 225 3154 368 3220; x_wconf 77' lang='lat' dir='ltr'>soccoth</span> <span class='ocrx_word' id='word_1_211' title='bbox 383 3175 478 3239; x_wconf 81' lang='lat' dir='ltr'>qusm</span> <span class='ocrx_word' id='word_1_212' title='bbox 493 3155 605 3241; x_wconf 79' lang='lat' dir='ltr'>primo.</span> <span class='ocrx_word' id='word_1_213' title='bbox 615 3153 741 3218; x_wconf 80' lang='lat' dir='ltr'>Rursus</span> <span class='ocrx_word' id='word_1_214' title='bbox 752 3153 837 3220; x_wconf 87' lang='lat' dir='ltr'>idem</span> <span class='ocrx_word' id='word_1_215' title='bbox 848 3152 915 3238; x_wconf 84' lang='lat' dir='ltr'>ipse</span> <span class='ocrx_word' id='word_1_216' title='bbox 928 3172 1003 3215; x_wconf 89' lang='lat' dir='ltr'>cum</span> <span class='ocrx_word' id='word_1_217' title='bbox 1014 3169 1143 3212; x_wconf 87' lang='lat' dir='ltr'>omnem</span> 
     </span>
     <span class='ocr_line' id='line_1_28' title="bbox 109 3258 1142 3350; baseline -0.01 -19"><span class='ocrx_word' id='word_1_218' title='bbox 109 3260 210 3350; x_wconf 68' lang='lat' dir='ltr'>legem</span> <span class='ocrx_word' id='word_1_219' title='bbox 226 3263 259 3330; x_wconf 88' lang='lat' dir='ltr'>in</span> <span class='ocrx_word' id='word_1_220' title='bbox 276 3274 414 3349; x_wconf 76' lang='lat' dir='ltr'>quotuor</span> <span class='ocrx_word' id='word_1_221' title='bbox 428 3261 516 3328; x_wconf 81' lang='lat' dir='ltr'>libris</span> <span class='ocrx_word' id='word_1_222' title='bbox 535 3263 841 3350; x_wconf 83' lang='lat' dir='ltr'>comprehendisset,</span> <span class='ocrx_word' id='word_1_223' title='bbox 858 3258 1142 3324; x_wconf 85' lang='lat' dir='ltr'>Deuteronomium</span> 
     </span>
     <span class='ocr_line' id='line_1_29' title="bbox 114 3371 798 3460; baseline 0 -24"><span class='ocrx_word' id='word_1_224' title='bbox 114 3373 247 3458; x_wconf 80' lang='lat' dir='ltr'>scripsit.</span> <span class='ocrx_word' id='word_1_225' title='bbox 263 3372 353 3460; x_wconf 85' lang='lat' dir='ltr'>quod</span> <span class='ocrx_word' id='word_1_226' title='bbox 367 3371 505 3438; x_wconf 75' lang='lat' dir='ltr'>mcundn</span> <span class='ocrx_word' id='word_1_227' title='bbox 520 3371 586 3442; x_wconf 74' lang='lat' dir='ltr'>Lex</span> <span class='ocrx_word' id='word_1_228' title='bbox 600 3372 716 3437; x_wconf 85' lang='lat' dir='ltr'>dicitur</span> <span class='ocrx_word' id='word_1_229' title='bbox 718 3417 798 3436; x_wconf 88' lang='grc'><strong>......</strong></span> 
     </span>
    </p>

    <p class='ocr_par' dir='ltr' id='par_1_4' title="bbox 116 3476 1147 3788">
     <span class='ocr_line' id='line_1_30' title="bbox 161 3476 1145 3568; baseline -0.001 -23"><span class='ocrx_word' id='word_1_230' title='bbox 161 3479 219 3545; x_wconf 79' lang='lat' dir='ltr'>llud</span> <span class='ocrx_word' id='word_1_231' title='bbox 232 3481 404 3548; x_wconf 73' lang='lat' dir='ltr'>sedeamus</span> <span class='ocrx_word' id='word_1_232' title='bbox 415 3505 502 3547; x_wconf 87' lang='lat' dir='ltr'>nunc</span> <span class='ocrx_word' id='word_1_233' title='bbox 517 3481 558 3546; x_wconf 91' lang='lat' dir='ltr'>ud</span> <span class='ocrx_word' id='word_1_234' title='bbox 575 3479 816 3568; x_wconf 81' lang='lat' dir='ltr'>nosmetipsos⁸,</span> <span class='ocrx_word' id='word_1_235' title='bbox 828 3477 1026 3544; x_wconf 82' lang='lat' dir='ltr'>otmomlem</span> <span class='ocrx_word' id='word_1_236' title='bbox 1037 3476 1145 3544; x_wconf 90' lang='lat' dir='ltr'>lucum</span> 
     </span>
     <span class='ocr_line' id='line_1_31' title="bbox 118 3589 1143 3680; baseline -0.005 -23"><span class='ocrx_word' id='word_1_237' title='bbox 118 3607 175 3672; x_wconf 78' lang='lat' dir='ltr'>pot</span> <span class='ocrx_word' id='word_1_238' title='bbox 188 3589 327 3680; x_wconf 69' lang='lat' dir='ltr'>singulos</span> <span class='ocrx_word' id='word_1_239' title='bbox 349 3613 491 3678; x_wconf 86' lang='lat' dir='ltr'>quosque</span> <span class='ocrx_word' id='word_1_240' title='bbox 507 3603 679 3656; x_wconf 80' lang='lat' dir='ltr'>tractemus</span> <span class='ocrx_word' id='word_1_241' title='bbox 681 3633 1139 3655; x_wconf 88' lang='grc'><strong>.......................</strong></span> <span class='ocrx_word' id='word_1_242' title='bbox 1141 3631 1143 3634; x_wconf 94' lang='grc'>-</span> 
     </span>
     <span class='ocr_line' id='line_1_32' title="bbox 116 3697 1147 3788; baseline -0.004 -22"><span class='ocrx_word' id='word_1_243' title='bbox 116 3741 178 3762; x_wconf 84' lang='lat'><strong>·····</strong></span> <span class='ocrx_word' id='word_1_244' title='bbox 183 3697 310 3768; x_wconf 75' lang='lat' dir='ltr'>idcirco</span> <span class='ocrx_word' id='word_1_245' title='bbox 325 3721 403 3787; x_wconf 75' lang='lat' dir='ltr'>crgo</span> <span class='ocrx_word' id='word_1_246' title='bbox 419 3699 640 3788; x_wconf 70' lang='lat' dir='ltr'>promissiones</span> <span class='ocrx_word' id='word_1_247' title='bbox 654 3723 727 3765; x_wconf 86' lang='lat' dir='ltr'>suso</span> <span class='ocrx_word' id='word_1_248' title='bbox 742 3700 979 3774; x_wconf 78' lang='lat' dir='ltr'>renovstlleus,</span> <span class='ocrx_word' id='word_1_249' title='bbox 993 3711 1028 3764; x_wconf 87' lang='lat' dir='ltr'>ut</span> <span class='ocrx_word' id='word_1_250' title='bbox 1038 3709 1147 3762; x_wconf 75' lang='lat' dir='ltr'>ostem·</span> 
     </span>
    </p>
   </div>
   <div class='ocr_carea' id='block_1_4' title="bbox 144 3851 616 3999">
    <p class='ocr_par' dir='ltr' id='par_1_5' title="bbox 144 3851 616 3999">
     <span class='ocr_line' id='line_1_33' title="bbox 144 3851 616 3922; baseline 0.011 -20"><span class='ocrx_word' id='word_1_251' title='bbox 144 3851 232 3904; x_wconf 82' lang='lat' dir='ltr'>¹llels.</span> <span class='ocrx_word' id='word_1_252' title='bbox 245 3874 280 3916; x_wconf 82' lang='lat' dir='ltr'>vr,</span> <span class='ocrx_word' id='word_1_253' title='bbox 297 3857 339 3916; x_wconf 77' lang='lat'>15,</span> <span class='ocrx_word' id='word_1_254' title='bbox 352 3875 388 3922; x_wconf 85' lang='lat'>¹7·</span> <span class='ocrx_word' id='word_1_255' title='bbox 402 3857 451 3896; x_wconf 70' lang='lat'>-2</span> <span class='ocrx_word' id='word_1_256' title='bbox 463 3857 528 3907; x_wconf 79' lang='lat' dir='ltr'>l’ssl.</span> <span class='ocrx_word' id='word_1_257' title='bbox 539 3875 579 3918; x_wconf 81' lang='lat' dir='ltr'>cx,</span> <span class='ocrx_word' id='word_1_258' title='bbox 591 3859 616 3917; x_wconf 73' lang='grc'>4.</span> 
     </span>
     <span class='ocr_line' id='line_1_34' title="bbox 144 3927 327 3999; baseline 0.027 -19"><span class='ocrx_word' id='word_1_259' title='bbox 144 3927 195 3982; x_wconf 76' lang='lat' dir='ltr'>³ll.</span> <span class='ocrx_word' id='word_1_260' title='bbox 209 3950 233 3983; x_wconf 80' lang='lat'>2.</span> <span class='ocrx_word' id='word_1_261' title='bbox 247 3951 272 3999; x_wconf 88' lang='lat' dir='ltr'>p.</span> <span class='ocrx_word' id='word_1_262' title='bbox 285 3935 327 3985; x_wconf 81' lang='grc'>85.</span> 
     </span>
    </p>
   </div>
   <div class='ocr_carea' id='block_1_5' title="bbox 0 0 1376 4624">
    <p class='ocr_par' dir='ltr' id='par_1_6' title="bbox 0 0 1376 4624">
     <span class='ocr_line' id='line_1_35' title="bbox 0 0 1376 4624; baseline 0 0"><span class='ocrx_word' id='word_1_263' title='bbox 0 0 1376 4624; x_wconf 95' lang='lat' dir='ltr'> </span> 
     </span>
    </p>
   </div>
  </div>
 </body>
</html>
