2776 4616
504 287 536 331 IN
559 285 707 332 nonnos.

92 545 136 565 wc
144 535 404 564 nima-smnus
408 543 539 564 §uuum
546 543 948 564 mmmmnummmus
952 545 995 564 ns
999 545 1038 563 uz
1044 548 1070 564 u
1074 548 1117 566 n·

410 735 635 814 HOMILIA
659 739 798 812 xlx&

370 947 434 1024 vDe
451 950 557 1008 visione
576 953 673 1032 qurista
692 950 821 1008 Balaam.

142 1169 167 1234 l.
187 1165 385 1246 Quintahaec
402 1164 492 1230 nobis
510 1163 685 1252 eademque
698 1162 806 1228 ultima
822 1160 949 1228 balaam
961 1163 1036 1228 risio
1053 1164 1116 1229 dis-

94 1276 230 1352 cutitur,
247 1275 288 1341 de
306 1297 367 1362 qua
382 1270 524 1340 similiter
539 1285 575 1338 ut
590 1273 621 1339 in
643 1272 762 1339 caeteris
782 1271 953 1340 Dominum
972 1273 1119 1363 deprece-

13 1437 14 1474 ,
98 1407 186 1459 mur,
206 1383 258 1471 qui
281 1383 312 1448 in
332 1381 396 1448 fine
413 1405 477 1448 non
496 1382 631 1459 deserat,
652 1393 688 1446 ut
703 1382 857 1471 possimus
876 1381 971 1470 hujus
993 1405 1119 1471 quoque

13 1547 15 1586 ἱ
102 1494 227 1558 visionis
246 1513 372 1558 sensum
391 1491 476 1558 haud
496 1491 608 1580 procul
629 1515 647 1558 a
668 1491 796 1558 veritate
812 1505 949 1580 captare.
974 1493 1029 1557 Est
1043 1515 1119 1582 orgo

103 1603 227 1668 initium
241 1604 307 1689 ejus
326 1603 358 1667 in
377 1601 413 1668 iis
432 1602 534 1668 verbis
554 1625 562 1668 ε
588 1629 600 1662 s
619 1603 659 1668 Et
680 1624 753 1668 cum
767 1602 899 1678 rideret,
916 1602 1040 1688 inquit,
1058 1602 1121 1668 Ba·

105 1709 212 1777 »loam
223 1709 387 1786 Amalech,
399 1711 561 1778 assumens
575 1709 757 1801 parabolam
772 1734 860 1777 suam
876 1710 973 1775 dixit:
992 1711 1120 1776 Initium

101 1820 272 1908 »gentium
283 1817 448 1894 Amalech,
464 1832 496 1884 et
514 1843 621 1886 semen
641 1844 752 1886 eorum
770 1821 884 1910 peribit
896 1821 918 1885 ².
937 1847 949 1883 r
971 1820 1122 1887 Necessa-

101 1930 183 1996 rium
200 1927 278 1995 mihi
300 1929 423 1994 videtur
443 1929 603 2017 requirere
618 1931 650 1996 in
671 1929 842 2019 Scripturis
862 1931 985 2008 divinis,
1006 1931 1120 2020 quibus

102 2041 135 2106 in
162 2037 237 2105 locis
264 2037 314 2104 rel
342 2060 405 2126 quo
431 2038 463 2106 in
490 2048 631 2126 temporo
655 2060 771 2104 nomen
791 2035 943 2105 Amalech
968 2039 1121 2127 scriptum

105 2149 159 2224 sit,
181 2171 280 2236 quorc
296 2169 335 2212 ex
348 2170 463 2236 genere
477 2125 553 2237 gens
571 2148 629 2222 ista
645 2147 855 2214 descenderit.
880 2148 1015 2216 Facilius
1036 2150 1121 2215 enim

107 2256 193 2344 quod
207 2257 352 2346 quaeritur
362 2269 562 2347 agnoscetur,
577 2258 602 2322 si
619 2255 814 2347 expluribus
830 2257 907 2324 locis
924 2283 993 2346 quar.
1013 2259 1053 2324 de
1072 2282 1123 2325 ea-

105 2365 181 2430 dem
192 2387 225 2430 re
239 2365 349 2453 scripta
361 2379 434 2432 sunt
451 2365 659 2455 proferantur.
674 2366 774 2454 lgitur
785 2367 815 2431 in
830 2366 959 2432 Genesis
985 2365 1120 2434 lectione

105 2475 160 2541 ubi
171 2474 307 2563 quinque
321 2498 410 2563 reges
426 2487 640 2541 convenerunt
656 2487 691 2539 ut
705 2487 920 2564 expugnarent
931 2486 1065 2564 quatuor
1076 2499 1123 2541 re-

100 2609 157 2676 ges
168 2586 223 2673 qui
239 2588 412 2675 regnabant
426 2587 458 2650 in
473 2585 632 2661 Sodomis,
644 2599 715 2674 post
730 2583 889 2673 aliquanta
905 2589 947 2651 ita
963 2585 1096 2653 refertur
1110 2609 1119 2650 τ

111 2681 325 2784 «Etregressi,
339 2695 462 2780 inquit,
475 2694 676 2759 veneruntad
686 2694 805 2760 sontem
812 2695 935 2782 judicii,
945 2695 996 2760 hic
1008 2707 1055 2760 est
1064 2695 1121 2760 Ca·

101 2835 115 2868 ι
131 2806 199 2880 des,
211 2816 243 2869 ct
254 2802 479 2870 interfecerant
496 2826 604 2869 omnes
620 2804 778 2893 principes
794 2802 958 2880 Amalech,
968 2815 1001 2869 et
1013 2806 1123 2870 Amor-

101 2914 232 2980 srhaeos
244 2914 298 3002 qui
309 2914 493 2980 habitabant
507 2913 539 2978 in
556 2912 800 2979 Sasentbem⁸.»
820 2913 856 2978 ln
873 2913 922 2978 his
933 2913 1036 3002 primo
1046 2911 1122 2979 locis
1232 2929 1238 2943 ‘

102 3022 256 3090 Amalech
263 3023 391 3088 memini
398 3024 605 3088 nominatum.
616 3021 679 3088 Sed
688 3021 865 3111 requiratur
872 3021 1009 3088 fortassis
1017 3035 1122 3088 utrum

103 3133 174 3198 duae
190 3142 299 3222 gentes
315 3132 457 3220 ejusdem
476 3131 611 3197 nominis
625 3131 813 3206 habeantur,
830 3131 1122 3221 quoniamquidem

104 3255 137 3307 et
151 3243 183 3307 in
195 3240 337 3331 catalogo
349 3239 487 3308 filiorum
498 3243 592 3316 Esaii,
609 3253 641 3306 et
655 3240 774 3308 ducum
789 3241 842 3329 qui
861 3263 900 3306 ex
919 3243 989 3329 ejus
1007 3265 1122 3331 genere

106 3351 345 3426 descenderant,
366 3350 500 3416 refertur
514 3348 677 3418 Amalech.
699 3351 745 3416 lta
764 3351 849 3418 enim
868 3351 1018 3440 scriptum
1037 3362 1085 3417 est
1112 3375 1120 3416 :

117 3441 290 3526 «lstaesunt
300 3473 406 3526 autem
417 3462 633 3551 generationes
643 3462 725 3527 Esaii
736 3463 833 3549 patris
845 3460 959 3536 Edom‚
969 3460 1003 3526 in
1014 3471 1122 3527 monto

105 3600 120 3634 a
136 3569 256 3648 Seir,et
266 3571 466 3639 manamine
474 3569 611 3637 filiorum
619 3572 701 3639 Esaii
712 3595 720 3637 ε
731 3568 958 3660 Eliphas,lilius
970 3569 1038 3638 ads
1050 3593 1123 3636 uxo-

104 3712 116 3744 »
132 3682 174 3748 ris
185 3683 285 3754 Esaiit
297 3679 470 3770 etRaguel,
482 3680 565 3748 lilius
576 3681 743 3748 Basemath
756 3682 859 3748 uxoris
870 3682 963 3748 Esaii.
979 3679 1122 3748 Fuerunt

136 3841 145 3874 ¹
158 3841 234 3890 Tum.
246 3841 284 3902 ll,
295 3859 321 3908 p.
330 3843 378 3901 543
389 3853 415 3894 ct
424 3861 496 3910 seqq.

135 3915 146 3948 ²
159 3916 236 3966 Nam.
251 3933 319 3979 xxiv,
332 3936 372 3968 ao.
385 3947 415 3958 -
426 3919 436 3953 ⁸
447 3921 510 3970 Gen.
528 3935 579 3978 nv,
591 3936 616 3982 7.
