2692 4610
401 317 431 358 tu
456 315 624 359 tet'tttctttt
645 317 775 358 nutatura
800 315 867 358 vnt.
946 345 952 355 ·
1074 319 1135 382 ssltJ

103 431 178 496 sicut
193 429 274 494 dicit
292 429 325 493 in
342 431 518 519 Evangeliis
536 455 544 494 :
566 431 662 498 allon
678 432 820 520 indigent
835 435 901 497 sani
923 434 1061 506 medico,
1078 435 1134 498 sed

7 573 8 580 κ
102 539 175 626 aqui
192 536 275 603 male
287 537 418 604 habant.
437 539 506 606 Non
518 543 603 606 enim
618 543 688 606 veni
701 566 813 608 vocare
827 547 940 630 justos,
954 543 1009 607 sed
1023 565 1134 631 pecca·

103 660 213 710 »tores
226 647 259 709 in
274 648 549 733 penitentiam.»
566 649 678 714 Omnis
689 664 795 716 autem
811 651 951 716 medicus
963 674 1001 714 ex
1015 652 1133 718 herba-

106 778 176 820 rum
195 753 293 820 succis
308 754 353 820 vel
373 760 539 834 arborum,
559 757 606 823 vel
626 760 721 824 ctiam
745 757 945 826 metallorum
964 761 1062 833 venis,
1083 760 1131 825 vel

62 941 69 953 ·
107 863 305 928 animantium
331 867 465 940 naturis,
493 867 657 954 profutura
687 870 875 958 corporibus
900 871 1128 936 medicamenta

109 973 273 1059 componit.
286 971 350 1035 Sed
360 971 476 1038 herbas
488 961 562 1039 istas
573 965 598 1039 si
611 965 681 1062 qais¹
692 977 773 1042 sorte
784 987 952 1064 antequam
963 999 1022 1064 pra
1032 978 1129 1041 ratio-

105 1103 141 1146 ne
151 1082 224 1145 artis
237 1092 472 1166 componantur
483 1084 612 1170 aspiciat
623 1085 648 1147 si
661 1086 791 1171 quidem
805 1087 838 1151 in
849 1087 996 1174 agriaaut
1011 1086 1128 1150 monti-

99 1189 464 1264 ltus,velntloenamr1le
477 1191 644 1256 conculcat
653 1201 685 1257 et
696 1195 834 1280 praeterit
842 1215 851 1264 t
863 1195 887 1257 ai
900 1215 974 1257 vero
984 1216 1037 1257 aas
1048 1195 1128 1259 intra

97 1297 211 1364 medici
222 1298 365 1364 scholam
377 1301 542 1388 dispositas
554 1321 612 1388 per
623 1300 767 1366 ordinem
781 1301 903 1376 viderit,
916 1292 990 1366 licet
1000 1303 1130 1398 moram

99 1407 234 1479 tristem,
244 1406 394 1472 lartemet
405 1419 567 1474 austerum
580 1409 727 1484 reddant,
737 1421 843 1474 tamen
857 1410 1068 1496 suspicabitur
1077 1431 1129 1473 aas

103 1535 186 1578 curae
202 1512 249 1577 rel
267 1517 391 1581 remedii
412 1501 530 1605 aliquid
547 1519 721 1591 continere,
739 1512 860 1583 etiamsi
881 1517 1023 1582 nondum
1042 1539 1127 1604 qum,

103 1619 149 1684 vel
166 1619 264 1707 qualis
282 1623 319 1686 ait
336 1626 476 1689 sanitatis
491 1647 529 1690 ac
545 1625 674 1690 remedii
689 1626 798 1698 virtus,
811 1624 983 1714 agnoverit.
998 1625 1073 1689 llaec
1089 1625 1128 1689 de

99 1732 318 1796 communibus
331 1733 463 1798 medicis
479 1735 625 1799 diximus.
641 1733 721 1799 Veni
733 1755 817 1799 nunc
829 1733 868 1798 ad
880 1734 1002 1807 lesum,
1016 1732 1128 1797 coeles·

96 1852 157 1904 tem
165 1841 329 1906 medicum
336 1865 346 1912 ς
357 1842 439 1906 iutra
448 1841 490 1906 ud
501 1842 759 1908 macerationem
767 1841 1010 1928 medicinaeajus
1023 1838 1130 1906 Eccle-

93 1950 182 2023 siam,
194 1948 267 2013 ride
282 1947 325 2013 ibi
342 1947 560 2037 languentium
572 1951 677 2035 jacere
691 1946 939 2014 multitudinem.
952 1945 1047 2012 Venit
1058 1969 1127 2013 mu-

95 2056 150 2123 lier
165 2080 237 2145 quaa
251 2080 290 2121 ex
304 2067 398 2146 partu
420 2057 583 2123 immunda
599 2055 710 2122 ell'ecta
728 2065 788 2131 est,
809 2057 893 2120 venit
912 2055 1054 2143 leprosus
1072 2056 1125 2141 qui

98 2179 184 2230 extra
200 2179 298 2230 castra
316 2177 481 2253 separatus
498 2177 546 2230 est
565 2187 623 2252 pra
637 2161 964 2252 immunditialaprae‚
982 2173 1128 2249 querunt

106 2272 263 2337 amadico
286 2270 462 2339 remedium
484 2273 644 2361 quomodo
669 2283 832 2347 sanentur,
856 2271 1016 2359 quomodo
1037 2293 1128 2334 mun-

105 2379 238 2444 dentur:
248 2389 280 2444 et
293 2383 360 2469 quia
372 2381 466 2446 Jesus
484 2381 548 2456 uia,
561 2383 615 2470 qui
631 2382 772 2448 medicus
784 2390 844 2455 ast,
862 2381 927 2468 ipse
943 2391 991 2444 est
1001 2389 1034 2443 et
1047 2378 1127 2443 Ver-

100 2489 177 2552 lrum
192 2489 262 2562 Dei,
278 2491 366 2578 aegris
389 2487 454 2556 auis
474 2513 539 2556 non
561 2491 732 2556 herbarum
749 2489 866 2564 succis,
885 2473 943 2554 sed
959 2490 1128 2552 verboram

97 2599 301 2664 sacramentis
324 2600 556 2665 medicamenta
577 2601 746 2688 conquirit.
772 2600 852 2680 Quae
873 2599 1042 2663 verborum
1062 2619 1129 2660 me-

96 2705 276 2770 dicamenta
293 2705 319 2770 si
339 2707 408 2793 quia
428 2704 579 2771 incultius
600 2727 656 2792 per
673 2705 770 2776 libras
791 2715 943 2793 tanquam
962 2725 1019 2792 per
1039 2725 1132 2792 agros

96 2813 201 2877 rideat
216 2835 287 2879 csse
305 2813 458 2901 dispersa,
478 2814 624 2901 ignoraris
641 2813 839 2901 singulorum
853 2815 1012 2878 dictorum
1028 2813 1128 2876 virtu-

93 2934 173 2996 tem,
196 2933 232 2986 ut
248 2919 319 2986 vilia
341 2923 421 2996 haec,
445 2933 478 2985 et
500 2919 623 2985 nullum
643 2923 797 2988 sermonis
818 2909 941 2986 cultum
963 2919 1126 2992 habentia,

92 3032 280 3121 praeteribit.
304 3030 367 3108 Qui
386 3049 460 3094 vero
482 3052 521 3093 cx
543 3017 646 3116 aliqua
670 3039 759 3118 parte
782 3029 927 3095 didicerit
948 3028 1128 3094 animarum

92 3141 179 3229 apud
195 3139 361 3204 Christum
380 3158 449 3203 essa
470 3139 672 3213 medicinam,
692 3138 844 3227 intelliget
861 3135 1004 3226 proiecto
1022 3159 1061 3202 ex
1078 3138 1129 3202 his

93 3247 180 3314 libris
196 3249 300 3335 quiin
316 3245 458 3313 Ecclesia
473 3247 658 3321 recitantur,
672 3259 823 3335 tanquam
837 3269 876 3311 ex
888 3248 968 3334 agris
987 3255 1019 3310 et
1035 3268 1128 3310 moa-

95 3356 191 3432 tiltus,
217 3354 372 3420 salutares
392 3355 506 3419 herbas
529 3377 689 3420 assumere
713 3375 973 3442 unumquemque
997 3355 1127 3428 debere,

100 3485 278 3530 sermonum
291 3464 446 3528 duntaxat
458 3462 521 3528 vim
532 3486 539 3526 ε
551 3474 586 3526 ut
597 3464 622 3526 si
634 3464 703 3550 quis
713 3461 758 3528 illi
767 3476 814 3527 ast
825 3463 969 3527 inanima
983 3459 1130 3550 languor,

98 3593 162 3636 non
178 3583 237 3638 tam
252 3571 421 3638 exterioris
434 3570 553 3636 frondis
565 3584 597 3634 et
610 3571 749 3646 corticis,
763 3595 857 3658 quam
871 3573 958 3638 succi
975 3573 1132 3639 interioris

94 3680 204 3746 hausta
221 3683 339 3746 virtute
362 3691 504 3744 sanetur.
524 3678 693 3744 Videamus
714 3701 789 3768 ergo
812 3680 977 3746 adversum
997 3682 1132 3745 immun-

91 3789 201 3854 ditiam
222 3801 346 3878 partus,
363 3800 396 3854 et
413 3790 635 3878 contagionem
658 3787 764 3875 leprtc,
783 3811 917 3876 praesens
944 3787 1012 3853 haea
1035 3787 1130 3853 lectio

127 3919 237 3970 ’iterun
254 3937 287 3982 rx,
305 3919 397 3980 12,15.
