2706 4624
213 237 275 302 510
659 223 803 300 antonius

211 375 301 463 origo
322 375 388 463 ipsa
407 373 536 438 luminis
558 372 637 438 nihil
653 375 760 439 damni
776 397 817 439 ex
838 373 1032 456 commercio
1051 371 1253 438 derivationis

212 483 382 573 acceperit.
399 483 439 548 Et
457 483 519 549 hoc
540 483 635 548 modo
649 485 702 573 pie
717 481 904 572 intelligitur
920 483 1007 572 quod
1020 484 1174 572 scriptum
1190 496 1249 558 est,

221 594 320 682 «quia
340 591 471 658 abstulit
491 593 646 659 Dominus
661 593 702 658 de
718 593 830 682 spiritu
845 593 958 681 Moysi,
972 606 1006 659 et
1021 593 1108 658 dedit
1123 604 1253 681 septua-

214 733 227 764 ι
241 704 327 792 ginta
339 703 518 769 senioribus
527 703 551 770 ¹.
566 733 579 766 ι

258 811 336 878 Sed·
357 813 517 880 videamus
548 815 624 903 quid
650 827 699 880 est
725 815 811 903 quod
838 815 882 880 ait
906 815 940 881 in
966 815 1246 902 consequentibus.
1351 799 1352 824 ¹

224 925 289 989 «Et
304 925 470 1012 requievit,
487 927 612 1011 iuquit,
634 949 800 1014 superaus
815 925 956 1014 spiritus,
974 936 1007 990 et
1023 924 1256 1013 prophetarunt

215 1061 227 1091 ι
240 1030 382 1106 omnrs’.
400 1031 634 1118 »Requiescere
649 1031 795 1120 spiritum
810 1055 875 1096 non
887 1032 920 1097 in
932 1033 1186 1119 quibuscumque
1198 1032 1256 1097 lro-

214 1139 352 1206 minibus
366 1138 512 1228 legimus,
533 1141 637 1206 sedin
655 1142 772 1206 sanctis
793 1153 826 1206 et
842 1142 951 1207 beatis.
970 1141 1148 1230 Requiescit
1165 1143 1248 1206 enim

215 1249 343 1337 spiritus
356 1249 459 1345 Dei-in
471 1250 508 1324 iis
520 1250 574 1338 q'ui
590 1251 711 1315 mundo
722 1263 798 1315 'sunt
810 1249 921 1326 corde,
935 1263 967 1315 et
982 1251 1019 1316 in
1032 1252 1070 1315 iis
1081 1253 1132 1339 qui
1143 1249 1246 1338 purili-

215 1371 289 1424 cant
301 1358 420 1424 animas
431 1382 503 1424 suas
518 1383 535 1422 a
548 1371 680 1447 peccato
695 1382 704 1423 ε
718 1360 801 1424 sicut
814 1385 834 1428 e
847 1361 1008 1426 contrario
1020 1383 1085 1426 non
1097 1360 1252 1426 inhabitat

212 1468 247 1532 in
263 1461 398 1556 corpore
412 1466 542 1536 subdito¹
556 1467 710 1555 peccatis,
728 1469 851 1533 etiamsi
867 1469 1022 1536 habitarit
1035 1467 1206 1556 aliquando
1223 1470 1257 1533 in

217 1602 265 1643 eo.
288 1577 359 1644 Non
381 1577 466 1642 enirn
488 1589 592 1665 potest
613 1577 749 1668 Spiritus
770 1590 898 1646 sanctus
921 1581 1113 1646 consortium
1132 1581 1200 1668 pati
1226 1593 1260 1646 et

218 1688 402 1754 societatem
417 1687 546 1777 spiritus
562 1685 648 1753 mali.
668 1689 799 1754 Certum
814 1701 864 1753 est
877 1690 961 1753 enim
976 1689 1095 1776 peccati
1112 1699 1261 1776 tempore

217 1798 325 1864 adesse
347 1799 379 1862 in
400 1797 501 1862 'corde
523 1798 771 1887 uniuscujusque
793 1800 938 1888 spiritum
955 1798 1088 1874 malum,
1108 1812 1140 1864 et
1162 1823 1258 1888 agere

217 1922 322 1997 partes
340 1932 421 1972 suas.
452 1908 510 1972 Cui
535 1908 644 1995 utiquc
668 1932 743 1975 cum
766 1906 857 1973 loeus
883 1909 989 1984 dalur,
1012 1921 1044 1974 et
1066 1908 1256 1996 recipitura

218 2019 308 2085 nobis
323 2043 381 2108 per
397 2018 603 2107 cogitationes
623 2017 734 2094 malas,
750 2031 783 2082 et
799 2019 1071 2107 concupiscentias
1086 2020 1252 2107 pessimas,

218 2130 421 2196 contristatus
436 2141 468 2194 et
489 2127 541 2214 (ut
557 2130 598 2195 ita
615 2129 740 2217 dicam)
759 2140 983 2218 coangustatus
999 2129 1126 2218 sugatur
1144 2131 1187 2196 de
1204 2153 1254 2196 no

217 2240 265 2306 bis
282 2239 418 2328 Spiritus
431 2253 570 2304 sanctus
580 2221 723 2327 'Propter
737 2240 823 2328 quod
839 2252 872 2304 et
887 2237 1055 2330 Apostolus
1069 2239 1174 2304 sciens
1189 2239 1258 2305 haec

221 2353 262 2415 ito
277 2351 436 2426 accidere,
453 2351 603 2416 monebat
616 2341 724 2415 dicens
737 2373 746 2414 2
760 2376 772 2409 ι
784 2350 810 2416 N
813 2349 888 2415 olite
900 2351 1087 2416 contristare
1103 2349 1255 2440 Spiritum

218 2489 230 2521 s
244 2472 402 2535 sanctum,
419 2460 450 2524 in
468 2482 531 2548 quo
547 2444 659 2548 signati
674 2459 748 2524 estis
764 2461 796 2523 in
812 2460 863 2524 die
877 2460 1118 2549 redemptionis.
1135 2461 1248 2548 ›lgitur

218 2581 386 2658 peccantes
398 2569 622 2634 contristamus
636 2567 789 2656 Spiritum
802 2581 948 2634 sanctum
961 2594 969 2634 :
982 2571 1066 2658 juste
1081 2592 1248 2658 veroageu-

218 2693 277 2754 tes‚
295 2691 327 2746 et
343 2692 463 2752 sancte,
482 2680 623 2768 requiem
639 2680 668 2744 ei
683 2703 832 2768 paramus
847 2681 879 2743 in
897 2680 996 2746 nobis.
1019 2681 1110 2747 Unde
1124 2694 1155 2747 et
1168 2679 1254 2767 quod

220 2814 306 2857 rruno
328 2791 370 2858 ait
390 2791 430 2854 de
450 2790 645 2878 septuaginta
668 2789 874 2878 presbyteris,
898 2793 970 2878 quia
991 2792 1146 2878 requievit
1165 2792 1196 2856 iu
1213 2791 1260 2855 eis

220 2901 367 2990 Spiritus,
386 2898 513 2965 laudem
530 2900 600 2966 vitae
615 2924 727 2966 eorum
742 2912 773 2965 et
789 2900 918 2966 virtutes
936 2902 1091 2991 exposuit.
1111 2903 1259 2989 Denique
1303 2929 1307 2939 ³

222 3013 295 3100 quia
312 3013 448 3100 puritate
464 3011 568 3077 cordis
583 3035 694 3077 eorum
709 3025 741 3076 et
756 3012 937 3077 sinceritate
952 3012 1079 3088 mentis,
1096 3025 1189 3100 atque
1206 3013 1261 3077 iu-

221 3121 400 3211 telligentiae
417 3123 591 3210 capacitate
608 3122 762 3210 requievit
775 3119 912 3211 Spiritus
923 3135 1050 3188 sanctus
1063 3119 1210 3187 continuo
1222 3131 1258 3183 et

223 3245 373 3320 operatur
391 3233 422 3297 in
446 3231 507 3328 eis.
527 3255 588 3296 nec
609 3232 711 3298 otium
731 3232 862 3319 patitur,
880 3231 932 3296 ubi
953 3231 1104 3321 operandi
1126 3230 1259 3294 materia

224 3343 317 3430 digna
335 3342 524 3429 suppeditat.
544 3343 597 3408 Ait
613 3343 698 3408 enim
714 3339 875 3431 Scriptura
897 3341 983 3408 :aut
998 3340 1152 3429 requievit
1166 3340 1199 3405 in
1213 3339 1265 3405 eis

225 3481 237 3511 a
253 3451 388 3540 Spiritus
399 3463 432 3516 et
443 3453 722 3541 prophetaverunt.
740 3454 798 3517 »ln
813 3453 960 3518 omnibus
972 3476 1047 3541 ergo
1059 3455 1114 3538 qui
1125 3451 1267 3541 propho-

226 3575 371 3628 tavorunt
382 3564 534 3650 requierit
546 3563 680 3651 Spiritus
694 3574 833 3638 sanctus,
848 3586 907 3628 nec
926 3563 1077 3628 tamenin
1089 3560 1200 3651 aliquo
1217 3565 1263 3652 ip-

223 3696 330 3738 sorum
343 3673 385 3738 ita
398 3673 551 3762 requievit
563 3673 644 3738 sicut
659 3674 691 3738 in
704 3671 875 3739 Salvatore'.
891 3673 1023 3762 Propter
1036 3674 1122 3760 quod
1137 3685 1172 3736 et
1187 3674 1264 3740 scri-

223 3799 312 3878 ptum
326 3796 372 3848 est
385 3783 423 3846 do
436 3807 487 3856 eo,
501 3785 595 3871 quial
611 3773 722 3851 Exibit
732 3784 814 3874 virga
829 3786 868 3850 de
882 3784 984 3850 radice
997 3783 1086 3850 desso
1102 3795 1135 3850 et
1152 3783 1212 3850 llos
1225 3783 1261 3846 de

256 3913 592 3972 1λίιιιι.11,·1.ἰ,--ΗΙ»111.
