2744 4600
1 468 16 531 ti

1 603 16 647 r

4 688 16 750 b

1 821 15 864 tt

1 909 14 997 r‘

1 1034 14 1080 d

1 1152 12 1201 ,ι

384 326 415 370 ru
440 321 584 370 nouenos.
604 305 735 369 uoutcrs
759 326 829 366 xxv.
1059 303 1130 388 519,

95 467 130 510 ox
150 446 262 533 quibus
283 461 390 534 posset
412 449 652 514 resurrectionis
671 425 873 514 mortuorum
893 445 987 513 iatius
1006 469 1122 535 appro-

97 555 168 628 bari,
183 577 223 621 ex
243 554 280 619 iis
299 553 412 620 saitem
426 556 523 621 Mosei
547 556 635 623 tibris
654 581 733 644 quos
749 557 919 645 rccipiunt,
935 567 969 620 et
984 573 1121 643 quorum
1192 573 1196 581 ·

96 665 309 730 auctoritatem
327 665 478 742 fatentur,
495 666 703 732 convincendi
726 677 800 732 sunt
815 676 847 730 et
862 664 1006 740 curandi,
1026 663 1052 728 si
1071 675 1122 728 ta-
1189 675 1191 682 ⁴

98 795 166 837 men
181 785 305 861 oportet
323 773 532 861 Babylonium
547 775 663 840 curari.
679 775 734 839 Est
752 797 827 863 ergo
841 771 932 839 locus
948 772 1002 838 hic
1018 771 1124 836 resub-

99 883 266 946 vectionem
283 894 484 948 mortuorum
497 884 661 948 evidenter
675 881 854 950 ostendens.
874 879 1024 970 Designat
1038 879 1125 946 enim

98 1001 162 1056 esso
182 991 335 1080 poputum
357 994 408 1058 cui
425 1004 496 1080 post
511 993 635 1058 obitum
650 1015 744 1058 suum
765 992 890 1081 Moyses
905 990 1125 1079 adjungendus

96 1101 146 1176 sit,
158 1111 188 1166 et
203 1101 245 1166 ad
259 1124 337 1188 quos
355 1124 413 1189 pro
429 1090 492 1166 suis
508 1101 627 1167 meritis
641 1101 886 1168 transferendus.

137 1207 230 1274 «Post
242 1209 311 1275 boec
323 1207 448 1275 locutus
460 1221 507 1274 est
515 1209 639 1296 Moyses
652 1211 691 1274 ad
700 1209 969 1300 populum'dicens
980 1233 987 1274 τ
999 1211 1127 1276 Armate

99 1340 160 1382 »cx
174 1318 262 1382 vobis
279 1316 373 1391 viros,
393 1329 425 1380 et
448 1315 632 1404 belligerate
646 1318 815 1383 adversum
836 1316 975 1392 Madian,
994 1317 1126 1384 reddero
1206 1367 1210 1374 .

5 1485 10 1523 ξ
99 1425 291 1491 ινίιιᾶἰοιειω
310 1425 342 1490 in
362 1425 486 1491 Madian
503 1449 519 1490 a
535 1425 673 1491 Domino
691 1449 699 1490 ε
717 1425 804 1491 milio
818 1449 856 1492 cx
872 1427 971 1502 tribu,
988 1438 1021 1491 ot
1037 1424 1123 1510 mille

100 1553 163 1596 »ex
175 1531 270 1607 tribu,
285 1553 324 1596 ex
334 1533 482 1598 omnibus
492 1535 641 1599 tribubus
654 1534 750 1600 lsraiii
762 1536 877 1640 mittite
889 1535 930 1600 ad
941 1533 1128 1624 belligeran-

100 1640 261 1706 tdum¹.s
280 1641 441 1706 Attendite
460 1640 598 1707 lectioni.
618 1641 688 1709 Nou
705 1640 808 1708 solum
825 1643 911 1709 onim
926 1643 968 1707 ad
983 1641 1126 1724 auditum

2 1800 3 1804 ,
97 1771 290 1825 sermonum,
303 1751 359 1816 sod
369 1752 534 1816 adrerum
550 1751 837 1817 considerationem
853 1750 1066 1819 intendendus
1080 1760 1129 1819 est

93 1970 232 2036 adverte.
247 1967 364 2033 Confer
375 1969 479 2056 priora
491 1969 732 2056 posterioribus,
741 1979 773 2033 et
786 1967 964 2034 divinarum
977 1967 1130 2033 virtutum
1220 2021 1226 2031 .

97 1860 227 1926 unimus.
237 1857 417 1924 Recordare
426 1859 680 1948 praeteritarum
689 1859 867 1947 praesentia,
874 1879 945 1948 quse
953 1871 1130 1947 sequuntur

1 2070 3 2073 ⁵
97 2079 366 2167 magnificentiam
385 2077 612 2166 contemplare.
635 2076 705 2144 Filii
727 2075 823 2145 lsrael
841 2078 963 2144 dudum
983 2090 1130 2145 sexcenta

98 2186 196 2254 millia
215 2188 340 2253 fumant
353 2200 562 2262 armatorum,
580 2187 634 2275 qui
650 2199 871 2275 processerant
886 2189 1053 2253 adversum
1068 2187 1131 2252 Ma-

103 2297 190 2372 dian,
205 2307 238 2360 et
250 2295 285 2380 bi
298 2319 407 2363 omnes
420 2297 494 2362 victi
507 2307 593 2372 suut,
607 2295 758 2383 quoniam
774 2307 943 2383 peccatum
955 2307 1023 2359 oret
1035 2296 1067 2360 in
1081 2295 1132 2383 ip-

97 2406 152 2472 sis.
168 2404 259 2472 Nunc
271 2429 344 2471 vero
357 2407 490 2472 victores
501 2405 692 2479 Madianitae,
705 2405 759 2491 qui
774 2416 921 2470 sexcenta
938 2401 1034 2469 miliia
1047 2401 1134 2492 fuga-

95 2523 220 2586 veruut,
239 2513 441 2579 vincunture
458 2512 627 2579 duodecim
644 2511 800 2585 millibus3
825 2521 859 2577 ut
881 2511 960 2576 scias
979 2497 1133 2597 quianon

94 2624 131 2688 in
156 2621 372 2697 multitudine,
393 2645 452 2689 nec
473 2623 505 2688 in
528 2645 662 2688 numero
681 2621 818 2687 militurn
835 2621 931 2687 vincit
947 2619 1057 2696 lsrael,
1078 2619 1134 2685 sed

93 2728 216 2817 justitia
232 2717 265 2794 et
281 2730 379 2817 pietas
392 2742 441 2795 est
456 2731 488 2794 in
503 2730 548 2795 eis
564 2753 634 2816 quae
648 2730 754 2795 vincit.
768 2729 939 2816 Propterea
952 2729 1090 2816 donique
1102 2740 1134 2794 ot

92 2839 130 2902 in
143 2837 419 2903 benedictionibus
433 2860 547 2903 eorum
562 2836 680 2902 dicitur
694 2837 767 2924 quia
784 2837 809 2901 s'r
826 2837 1019 2902 servaverint
1030 2835 1132 2926 legem

90 2946 240 3021 Domini,
263 2969 347 3011 unus
365 2969 406 3012 ex
424 2947 497 3035 ipsis
520 2957 730 3034 persequatur
752 2943 851 3020 mille,
870 2958 902 3010 et
924 2945 988 3012 duo
1011 2959 1134 3013 vertant

92 3054 210 3119 decem
223 3051 350 3118 mittut
369 3053 464 3120 Vides
477 3076 565 3148 orgo,
581 3055 653 3141 quin
671 3052 772 3119 multo
783 3055 854 3143 plus
870 3054 952 3120 valet
969 3079 1051 3121 unus
1063 3077 1134 3122 san·

91 3174 171 3228 ctus
184 3160 318 3236 orando,
333 3183 431 3248 quam
447 3171 632 3249 peccatores
647 3162 806 3228 innumeri
822 3163 1003 3252 praeliando.
1024 3166 1135 3252 Oratio

91 3269 202 3336 sancti
217 3280 361 3357 penetret
377 3268 506 3360 coslum,
525 3269 686 3358 quomodo
702 3293 767 3336 nou
781 3281 814 3347 et
835 3271 960 3356 hostem
976 3274 1081 3340 vincat
1102 3276 1134 3340 in

93 3376 218 3443 terris?
231 3378 270 3442 Et
284 3376 357 3443 ideo
377 3377 562 3443 omnimode
587 3379 780 3446 studendum
798 3394 846 3447 est
861 3405 1002 3469 quaerore
1017 3385 1134 3471 primo,

90 3499 132 3553 et
148 3486 307 3553 custodiro
321 3488 476 3577 justitiam
490 3489 559 3554 Dei.
580 3489 686 3568 Qu'am
700 3489 726 3554 si
742 3491 931 3568 obtinueris,
947 3502 979 3558 et
994 3515 1137 3559 servavo-

90 3595 157 3670 ris‚
172 3617 279 3662 omnes
294 3595 351 3661 tibi
364 3593 470 3662 hostes
485 3596 552 3684 ipsa
568 3597 739 3685 subjiciett
754 3601 780 3664 si
791 3597 886 3665 fueris
898 3599 1042 3677 indutus,
1054 3603 1137 3669 sicut

84 3701 272 3794 Apostolus
289 3703 378 3780 dicit,
393 3704 525 3773 loricam
539 3706 680 3794 justitie,
693 3719 725 3772 et
738 3709 902 3775 accinctus
918 3711 1096 3786 veritatem,
1110 3713 1135 3776 si

81 3812 223 3908 galeam
233 3809 343 3892 salutis
355 3813 528 3903 acceperis,
540 3825 573 3879 et
585 3812 728 3903 gladium
742 3815 883 3903 spiritus,
900 3829 933 3884 et
945 3829 1017 3884 ante
1030 3819 1135 3904 omniu

126 3937 135 3972 ¹
149 3935 231 3987 Num.
247 3951 317 3996 mr,
329 3937 354 3996 ὅ,
364 3937 389 3996 4.
402 3937 545 3988 -tbsvtn
557 3955 627 3988 xxvi.

1240 3743 1255 3790 Ι
