2744 4600
274 280 337 346 5¹6
402 302 406 310 ’
662 329 673 342 .,
715 271 858 344 ostentus

274 420 348 486 tutte
363 416 518 484 elllcleris.
534 413 673 501 Tempus
688 415 784 502 igitur
796 413 869 480 belli
881 415 973 480 nobis
985 427 1033 480 est
1049 416 1081 482 in
1093 416 1157 482 hue
1170 415 1297 493 muodo,

271 553 377 618 pugna
396 527 545 592 adversus
567 524 750 590 Madianitas
768 538 828 601 est,
847 526 911 590 sive
926 526 1094 590 adversum
1110 526 1186 590 vitia
1201 527 1297 590 caruis

271 651 400 712 nostrae,
421 637 485 702 sive
506 635 673 700 adversum
696 636 868 700 contraries
890 648 1071 722 potestates.
1095 633 1227 722 Spectat
1248 657 1297 700 uos

272 738 616 834 Angelorum'chorus,
633 743 786 808 virtutum
801 741 977 808 eoelestium
992 745 1043 830 pia
1057 766 1131 831 erga
1150 765 1208 807 uos
1222 765 1295 830 peu-

249 941 254 946 ·
273 855 326 920 det
341 852 531 940 expectatio,
548 852 676 938 quando
696 850 743 916 vel
764 851 925 938 quomodo
942 852 981 916 de
995 851 1058 916 hcc
1073 849 1184 939 praelio
1201 873 1296 916 rever-

271 976 388 1036 tamur,
408 963 485 1047 quid
506 961 720 1047 unusquisque
736 973 880 1025 nostrum
897 961 1120 1026 manubiarum
1137 972 1294 1046 reportet:

178 1087 183 1104 ⁸
270 1082 303 1136 ot
328 1070 491 1134 intuentur
517 1068 684 1142 curiosius,
710 1091 748 1133 ac
770 1067 933 1134 sollicitius
957 1081 1213 1157 perscrutantur,
1234 1070 1298 1156 quit

270 1189 415 1244 nostrum
430 1176 499 1240 auri
515 1174 591 1241 hinc
607 1174 741 1262 amplias
757 1177 849 1250 serat,
870 1178 940 1264 quis
961 1179 1056 1242 etiam
1080 1179 1205 1266 urgenti
1229 1176 1298 1241 illud

269 1285 393 1374 pondus
414 1283 574 1356 exhibeat,
591 1284 701 1370 quisve
721 1283 839 1371 lapides
859 1284 979 1349 deserat
995 1289 1159 1374 pretiosos.
1188 1286 1298 1372 Requi-

269 1407 344 1460 runt
358 1395 453 1459 etiam
469 1393 493 1482 si
510 1393 580 1478 qais
591 1415 633 1457 aas
644 1390 764 1456 delerat
776 1405 830 1458 aut
842 1392 974 1466 serrum,
986 1406 1040 1458 aut
1052 1392 1237 1480 plumbum,
1250 1393 1297 1458 sed

268 1518 300 1572 et
317 1527 369 1570 vas
388 1502 528 1590 ligneum
542 1502 568 1564 si
585 1500 666 1564 sorte
681 1499 805 1586 aliquis,
820 1513 875 1569 aut
890 1499 1000 1574 fictile,
1013 1513 1069 1565 aut
1083 1500 1173 1564 aliud
1190 1501 1297 1588 hujus-

268 1615 355 1678 modi
371 1634 492 1698 maguae
510 1610 623 1675 domus
640 1609 748 1672 usibus
764 1608 988 1672 necessarium.
1003 1608 1064 1674 «ln
1080 1629 1198 1696 magna
1218 1611 1301 1674 eata

269 1749 281 1782 ι
297 1722 406 1794 ιΙοιιιο,
419 1741 484 1784 nou
499 1727 574 1782 sunt
590 1715 810 1782 tantammodo
826 1738 898 1780 vasa
913 1739 1008 1782 aurea
1024 1728 1056 1782 et
1073 1729 1238 1804 argentea,
1252 1719 1301 1784 sed

146 1905 152 1914 ,
268 1841 328 1894 »et
348 1827 449 1915 lignea
472 1838 504 1892 et
527 1822 634 1890 fictilia
645 1824 667 1888 ¹.
688 1852 700 1885 ι
724 1823 908 1912 Requiritur
933 1847 1009 1912 ergo
1038 1823 1210 1912 diligenter
1232 1849 1303 1891 cum

267 1936 436 2002 abierimus
451 1933 539 2009 illuc,
554 1933 632 2022 quid
652 1933 868 2020 uuusquisque
889 1942 1035 2017 npatram
1051 1933 1192 2008 deferat,
1207 1947 1241 1999 et
1257 1957 1302 1999 se-

268 2045 408 2114 cundum
424 2067 460 2110 aa
476 2067 546 2131 quoe
562 2040 722 2116 detulerit,
739 2041 918 2107 secundum
937 2040 1024 2128 quod
1044 2038 1136 2105 labor
1151 2041 1227 2128 ejus
1249 2063 1302 2130 pm

267 2153 534 2243 contemplatione
559 2152 743 2218 exuviarum
767 2151 933 2238 probatur,
959 2150 1054 2214 etiam
1077 2148 1254 2214 mansionis
1276 2151 1303 2215 ei

254 2265 415 2330 meritum
437 2261 654 2350 deputabitur.
679 2258 859 2326 Probantur
880 2269 987 2324 tamen
1008 2257 1115 2322 omnia
1135 2256 1223 2332 haec,
1242 2281 1305 2346 que

267 2395 323 2461 per
345 2372 463 2461 ignem,
480 2393 549 2457 quaa
564 2391 621 2457 per
641 2390 755 2455 aquam
776 2390 785 2431 a
804 2395 816 2428 a
836 2365 1089 2452 Uniuscu'jusque
1113 2366 1210 2428 enim
1232 2390 1305 2454 epm

266 2510 278 2544 a
294 2481 386 2570 quale
397 2482 449 2556 sit,
465 2480 544 2568 ignis
560 2473 741 2566 probabit².
758 2504 771 2538 a
962 2465 966 2472 ’

311 2591 479 2678 Propterea
491 2611 567 2675 ergo
580 2587 624 2652 ait
637 2610 645 2651 :
658 2613 670 2646 ι
683 2587 758 2652 ttaec
770 2597 818 2651 est
832 2584 1016 2672 justificatio
1031 2583 1108 2672 legis
1120 2605 1226 2670 qnam
1239 2608 1308 2650 cun-

268 2701 395 2768 astituit
418 2699 572 2764 Dominus
588 2696 687 2782 Moysi
708 2717 717 2758 ι
739 2695 856 2760 Praeter
875 2714 1002 2768 aurum,
1017 2703 1050 2756 et
1069 2703 1261 2778 argentum,
1281 2705 1310 2758 et

267 2837 281 2873 a
295 2815 515 2881 aeramentum,
528 2818 559 2870 et
575 2806 707 2878 serrum,
722 2816 755 2868 et
769 2802 951 2891 plumbum,
964 2815 996 2867 et
1012 2814 1181 2876 stannum,
1195 2813 1234 2866 et
1250 2824 1311 2866 om

268 2947 281 2980 a
296 2921 401 2984 nisres
410 2941 479 3003 quae
492 2916 603 2981 transit
613 2937 670 3002 per
680 2914 799 3001 ignem,
810 2911 966 2978 traducite
979 2912 1156 2998 perignem
1169 2921 1205 2974 et
1218 2933 1312 2975 muu-

268 3054 280 3087 ι
295 3026 430 3092 dabitur.
446 3023 510 3088 Sed
521 3035 553 3088 et
564 3024 597 3088 in
608 3043 688 3108 aqua
701 3018 929 3107 purificationis
943 3017 1218 3106 purificabuntur.
1239 3017 1314 3082 Om

269 3136 345 3200 »nia
362 3155 570 3222 quaecumque
585 3151 652 3196 non
667 3140 833 3194 transeunt
847 3128 1034 3214 perignem,
1049 3125 1244 3190 transibunt
1259 3147 1313 3213 per

202 3280 204 3282 ·
268 3274 281 3308 ι
295 3255 459 3334 uquam,et
469 3241 611 3309 lavabitis
624 3239 807 3305 vestimenta
819 3247 921 3302 vestra
932 3237 983 3301 die
993 3233 1314 3322 septima,etmundi

269 3355 394 3430 seritis,
410 3363 524 3441 etpost
538 3350 607 3416 haee
622 3348 792 3416 introibitis
807 3347 840 3412 in
856 3344 988 3411 castra⁸.
1004 3342 1121 3410 »Vides
1137 3343 1313 3432 quomodo

266 3459 486 3548 purificatione
505 3459 623 3547 indiget
642 3455 745 3523 omnis
765 3455 818 3542 qui
834 3453 945 3518 exierit
959 3452 998 3516 de
1018 3449 1127 3539 praelio
1152 3453 1235 3518 vitae
1253 3453 1315 3518 bu-

268 3569 327 3656 jus.
353 3569 448 3647 Quod
470 3569 495 3634 si
516 3569 558 3632 ita
574 3579 633 3642 est,
651 3579 685 3631 ut
701 3563 975 3652 aliquidaudeam
995 3561 1101 3628 dicere
1122 3564 1316 3630 secundun

268 3675 439 3762 Scripturas
453 3675 567 3740 divinae
585 3675 819 3752 auctoritatem,
843 3673 945 3738 omnis
967 3672 1021 3759 qui
1044 3672 1158 3736 exierit
1179 3673 1230 3737 de
1255 3674 1318 3740 hae

267 3786 329 3852 vita
353 3807 417 3850 non
437 3795 542 3873 potest
562 3808 630 3852 ease
653 3786 800 3851 mundus.
825 3783 996 3850 Considera
1019 3783 1107 3848 enim
1133 3779 1321 3870 diligenter

301 3915 310 3950 ¹
325 3933 334 3964 ι
346 3915 416 3967 Tim.
427 3933 455 3974 ιι,
466 3929 505 3964 ιο.
520 3943 550 3951 -
562 3912 573 3947 ²
586 3929 595 3960 ι
608 3913 668 3964 Cor.
680 3933 717 3970 ιιι,
731 3914 768 3964 15.
782 3938 814 3958 u·-
826 3913 835 3947 ⁸
846 3914 926 3964 Nara.
939 3929 1005 3970 ιιιι,
1018 3929 1058 3969 ιι,
1070 3929 1112 3972 ιι,
1124 3911 1167 3970 ιδ,
1180 3917 1213 3972 at
1224 3941 1236 3964 .
