2744 4600
411 289 442 332 ιιι
468 287 607 333 nouenos
630 289 760 332 ιιοιιιιιι
784 290 833 330 xx.
1061 269 1126 354 475

93 421 313 502 ergopecostu
331 405 388 474 filii
403 418 478 472 suot
492 403 653 480 adulterii,
667 417 701 469 et
715 403 771 470 tilii
791 405 1018 472 fornicationis.
1037 407 1131 474 Unde

92 537 125 590 et
139 521 332 592 ostenditur,
345 515 433 610 quad
448 538 505 604 per
523 512 644 604 singula
658 519 792 602 quaeque
807 537 878 602 quse
895 517 1034 604 gerimus
1049 519 1131 605 perit

93 635 199 702 anima
218 640 371 696 nostrast
386 639 516 718 generet
527 625 622 701 filios,
636 649 746 692 sensus
766 624 887 696 scilicet
901 639 934 691 ct
949 649 1045 714 opera
1060 649 1131 714 quae

94 745 188 832 gerit.
207 742 248 806 Et
264 741 287 806 si
302 738 433 826 quidem
450 736 627 802 secundum
641 735 745 824 legem
759 735 906 824 estquod
922 737 1016 825 gerit,
1033 748 1066 802 et
1079 761 1133 802 se-

97 854 242 920 eundum
258 851 392 916 terbum
407 849 477 920 Dei,
491 847 647 936 ,spiritum
662 847 745 936 parit
764 843 887 923 salotis,
909 860 942 912 et
964 860 1131 937 propterea

96 965 269 1050 salvabitur
284 983 342 1050 per
358 959 498 1026 filiorum
518 957 755 1048 generationem
767 963 780 1033 ς’
796 971 829 1024 et
849 960 901 1024 isti
922 971 995 1024 sunt
1016 958 1073 1025 filii
1093 961 1132 1024 de

95 1076 212 1162 quibus
233 1071 391 1160 Propheta
408 1070 487 1135 dicit
501 1092 509 1134 ε
523 1067 617 1134 «Filii
633 1071 678 1134 tui
692 1070 775 1134 sicut
789 1065 921 1136 novellae.
932 1067 1088 1136 olivarum
1100 1069 1131 1133 in

93 1215 106 1246 ι
120 1185 260 1250 circuitu
271 1179 496 1248 mensaetuse‘.
508 1179 564 1244 »si
573 1197 650 1243 cero
662 1179 748 1266 quod
759 1180 825 1266 egit
837 1188 947 1244 contra
960 1177 1063 1267 legem
1071 1191 1131 1251 est,

93 1305 126 1358 et
140 1303 311 1380 peccatum
326 1300 388 1363 est,
404 1289 473 1357 sine
487 1286 587 1352 dubio
600 1309 641 1352 ex
656 1289 865 1376 conceptione
880 1289 1030 1355 contrarii
1046 1288 1133 1376 spiri-

95 1415 148 1468 tus
164 1400 334 1490 malignam
351 1397 494 1464 sobolem
511 1398 632 1486 gignit:
651 1400 733 1486 parit
748 1399 834 1463 enim
851 1399 932 1464 lilios
945 1399 1079 1488 pcccati.
1093 1398 1133 1462 Et

96 1515 165 1577 istae
177 1523 250 1580 sunt
260 1509 439 1576 maledicte
452 1508 672 1597 generationes
685 1509 716 1572 in
729 1509 843 1596 quibos
852 1533 869 1574 a
878 1507 1038 1574 nonnullis
1047 1531 1134 1576 sanc·

96 1633 204 1686 taram
223 1616 423 1686 maledicitur
437 1615 616 1682 etiamdies
630 1617 665 1680 la
680 1639 744 1703 quo
765 1618 830 1684 nati
846 1627 921 1682 sant
923 1665 1017 1685 .......
1036 1618 1135 1697 Quod

94 1729 170 1796 etsi
187 1729 269 1794 laste
285 1727 455 1813 aliquando
470 1726 612 1791 evenerit
634 1726 725 1813 (quis
744 1727 830 1791 enim
847 1727 1026 1791 invenietur
1043 1726 1134 1793 facile

93 1842 149 1928 qni
165 1841 205 1906 ab
220 1838 406 1926 hujusmodi
427 1838 653 1924 generatione,
671 1831 705 1900 id
726 1847 776 1902 est
798 1835 954 1924 peccandi
972 1833 1135 1902 voluntate

94 1949 255 2018 habeatnr
270 1946 423 2012 immunis
433 1946 466 2035 l)
481 1946 505 2012 si
517 1967 594 2035 ergo
606 1946 758 2012 acciderit
774 1945 836 2012 tale
847 1945 978 2034 allquid,
995 1944 1072 2034 qnid
1084 1969 1134 2012 re·

95 2059 193 2124 medii
204 2059 312 2133 detur,
322 2056 485 2123 erutonis
498 2054 713 2121 voluminibus
724 2057 933 2142 requiramus.
952 2057 1135 2123 invenimus

96 2191 177 2256 ergo
192 2168 226 2232 irl
238 2165 425 2233 Psalmisda
439 2165 502 2230 liae
512 2167 667 2253 scriptum
681 2187 689 2228 ι
704 2163 806 2228 «Filia
824 2165 994 2254 Babylonis
1006 2166 1133 2240 misera,

99 2279 242 2342 rbentus
257 2277 311 2362 qui
325 2277 478 2342 retribuet
499 2275 556 2340 tibi
578 2275 822 2340 retributionem
844 2297 939 2362 quam
961 2275 1134 2341 retribuisti

0 2458 1 2473 2
96 2387 232 2451 »nobis
252 2386 364 2450 beatas
381 2386 433 2472 qui
453 2385 574 2450 tenebit
589 2395 621 2450 et
636 2384 744 2450 allidet
767 2383 913 2472 parvulos
928 2396 1000 2450 tuos
1017 2385 1058 2449 ad
1078 2409 1135 2472 pe-

0 2564 1 2585 *
91 2508 210 2575 stram
218 2494 239 2560 ².
256 2496 317 2560 »llt
335 2495 361 2559 si
378 2494 521 2560 nondum
537 2492 655 2582 aliquid
671 2494 774 2581 operis
786 2493 881 2582 gessit
894 2493 1089 2582 Babylonius
1102 2495 1134 2558 in

91 2606 190 2671 nobis
209 2606 266 2671 iste
282 2617 471 2692 conceptas,
493 2604 570 2670 dum
591 2604 696 2670 adhuc
715 2603 864 2691 parvulus
880 2615 940 2678 est,
959 2627 1023 2670 non
1040 2604 1133 2669 mise·

91 2715 195 2779 rearis
213 2715 283 2801 ejus
296 2735 357 2778 nec
368 2731 480 2800 pareas
491 2712 533 2788 ei,
546 2713 719 2778 serlstatim
737 2713 891 2780 interfice.
903 2699 1038 2780 Odibilis
1050 2715 1137 2780 enim

90 2838 157 2900 est,
169 2821 424 2913 perime,oecide
436 2821 557 2889 elidens
569 2824 609 2889 nd
620 2837 753 2912 petram.
768 2821 859 2889 Petra
872 2836 979 2890 autem
989 2836 1037 2890 est
1047 2825 1137 2890 Chri-

88 2933 174 3004 stu's.
190 2937 271 3015 Quis
282 2959 358 3024 ergo
371 2947 478 3000 tentas
494 2958 532 3000 ac
548 2933 691 3010 tulisset,
708 2947 742 2998 ut
760 2955 825 3000 non
843 2943 989 3022 expectet
1003 2935 1135 3000 omnino

1 3035 12 3129 J
90 3067 261 3135 usquequo
283 3055 406 3117 crescat
429 3043 462 3108 in
488 3067 526 3108 eo
553 3041 727 3132 babylonia
754 3041 892 3118 soboles,
918 3067 977 3111 nec
1001 3069 1136 3135 augean-

6 3142 12 3152 ’
87 3172 149 3223 tur
157 3157 197 3221 in
211 3179 251 3221 eo
265 3177 361 3244 opera
378 3153 583 3228 confusionis,
596 3153 695 3220 sedin
711 3154 820 3241 primis
831 3155 938 3218 statim
949 3155 1060 3230 initiis,
1074 3156 1131 3220 ubi

89 3265 186 3333 nasci
201 3265 370 3354 ceperint,
387 3276 475 3329 etex
492 3260 661 3328 voluntatis
680 3264 820 3328 motibus
832 3262 1022 3340 coalescere,
1039 3277 1135 3351 atque

93 3377 159 3462 (ut
175 3375 217 3439 ita
233 3375 356 3462 (licam)
375 3374 429 3438 ubi
454 3384 551 3462 eaput
575 3373 731 3462 coeperint
752 3373 791 3436 de
814 3371 905 3438 vulva
925 3374 1039 3440 enimae
1060 3395 1134 3462 pro-

4 3544 7 3554 .
91 3488 186 3553 serre
200 3485 374 3573 perniciosa
389 3484 544 3550 desideria
560 3482 688 3573 maligni
700 3484 827 3573 spiritus
840 3484 1044 3572 inspiratione
1056 3507 1135 3551 con-

87 3605 204 3682 cepta,
222 3596 351 3683 arripiat
368 3594 474 3660 stetim
492 3606 524 3658 et
540 3589 637 3659 elidat
652 3595 692 3659 a‘d
709 3605 832 3684 petram
845 3617 854 3666 ι
869 3595 902 3659 id
917 3608 978 3670 est,
996 3595 1136 3661 adducat

87 3707 136 3774 ed
161 3704 339 3782 Christum,
357 3717 391 3768 ut
407 3705 438 3769 in
453 3695 627 3792 conspeetu
644 3705 799 3771 tremendi
816 3703 927 3794 judieii
942 3705 1013 3793 ejus
1033 3703 1135 3793 posita

5 3881 7 3888 s
88 3815 282 3884 exolescant
301 3827 334 3879 et
355 3815 513 3904 pereunti
529 3815 604 3881 llaec
623 3815 707 3882 dicta
729 3827 803 3882 suat
821 3818 912 3883 nobis
937 3818 975 3882 de
998 3813 1135 3904 generali

126 3946 133 3977 ¹
148 3945 217 3995 mat.
232 3961 327 4006 aure,
340 3946 363 3995 5.
377 3946 426 3985 --²
440 3947 504 3997 Pral.
515 3963 625 4006 anun,
641 3948 666 4004 8,
678 3967 701 4012 9.
