2660 4610
179 188 244 263 440
286 236 290 244 ,
628 205 770 248 ottrunms

92 309 94 312 ¹
179 324 311 392 celsiora
334 325 513 400 desiderat,
533 324 744 390 meridianum
771 323 910 390 scientiae
930 323 1039 392 lumen
1060 325 1223 414 exposcit.

172 434 264 520 ¹Hinc
281 445 359 522 puto
377 445 410 497 et
425 431 561 498 Abrabae
578 422 651 520 post
671 429 787 498 multas
811 432 1005 497 eruditiones
1024 433 1149 519 quibus
1171 453 1229 518 ap-

180 564 293 630 parens
316 541 344 604 ei
367 540 451 604 Deus
476 539 589 603 imbuit
619 562 693 604 eum
718 539 758 604 de
781 537 911 628 singulis
933 552 965 606 et
986 541 1130 612 docuit,
1158 549 1231 626 post

181 648 318 712 refertur
333 647 405 733 qnia
421 647 504 712 visus
521 646 561 710 sit
572 647 601 710 ei
616 647 702 712 Deus
718 646 758 712 ad
769 670 925 734 quercum
940 647 1086 713 Mambre
1104 644 1228 709 sedenti

184 755 224 820 ad
236 755 353 820 ostium
364 751 560 818 tabernaculi
577 753 623 817 sui
643 753 786 818 meridie.
806 781 819 816 v
834 755 874 819 Et
889 754 1063 844 respiciens
1083 751 1226 839 (inquit)

183 859 304 926 »oculis
320 861 403 936 suis,
420 859 517 936 vidit,
534 871 566 924 et
580 881 657 926 ecce
672 871 735 924 tres
750 861 809 928 viri
823 863 948 926 stabant
966 883 1065 950 super
1080 883 1165 924 eum
1175 858 1221 922 ’.ι

184 968 281 1050 Quod
295 968 321 1032 si
343 968 500 1033 credimus
515 967 584 1033 haec
602 990 659 1056 per
674 967 828 1057 Spiritum
840 980 990 1040 ‚sanctum
1007 968 1154 1056 scripta,
1169 989 1228 1031 non

183 1087 261 1164 puto
283 1077 397 1170 frustra
412 1073 567 1164 placuisse
586 1075 693 1140 divino
714 1075 864 1164 Spiritui,
883 1089 917 1140 ut
930 1077 1029 1141 etiam
1046 1087 1180 1163 tompus
1200 1086 1228 1137 et
1271 1131 1274 1135 .

183 1183 264 1250 bora
286 1183 410 1248 visionis
434 1183 605 1271 Scripturae
622 1183 743 1272 paginis
761 1183 987 1259 mandaretur,
1004 1183 1066 1250 nisi
1091 1195 1129 1247 et
1147 1182 1224 1247 bore

185 1291 294 1366 istius,
310 1272 342 1354 et
358 1289 508 1377 temporis
521 1290 600 1356 ratio
614 1288 732 1376 aliquid
747 1289 907 1356 conlerret
920 1291 961 1356 ad
969 1291 1147 1355 scientiam
1163 1287 1223 1353 liliis

187 1397 345 1472 Abrahae,
368 1397 483 1484 quibus
504 1396 613 1483 utique
633 1394 716 1461 sicut
732 1419 829 1484 opera
844 1397 981 1464 Abrahae
1002 1397 1173 1473 facienda,
1187 1398 1222 1462 ita

187 1517 219 1571 et
230 1505 421 1570 visitationes
438 1504 505 1570 istae
517 1505 679 1591 sperande
697 1516 781 1570 sunt.
802 1505 866 1585 Qui
881 1505 967 1570 enim
981 1517 1091 1594 potest
1103 1505 1219 1570 dicere:

116 1655 119 1661 -
197 1612 291 1678 «Nox
308 1611 484 1700 praecessit,
509 1610 574 1676 dies
594 1622 702 1675 autem
718 1611 1004 1698 appropinquavit,
1026 1613 1114 1677 sicut
1133 1614 1161 1676 in
1175 1611 1218 1675 dio

191 1717 344 1784 »honeste
363 1714 579 1793 ambulemus,
598 1739 663 1781 non
677 1717 710 1780 in
722 1718 1006 1783 comessationibus
1018 1731 1056 1782 et
1070 1718 1217 1784 ebrietati-

190 1827 288 1900 »bus‚
304 1824 411 1889 nonin
423 1821 581 1888 cubilibus
600 1834 631 1887 et
650 1823 873 1910 impudicitiis,
889 1839 954 1891 n'on
970 1825 1006 1889 in
1026 1825 1209 1890 contentione

192 1945 247 1997 »et
261 1929 459 1996 aemulatione
473 1927 483 1961 ²
500 1953 507 1994 τ
530 1942 589 1994 »et
605 1953 679 1994 cum
697 1929 766 1995 baec
787 1931 892 1996 omnia
913 1932 1098 2004 transierit,
1113 1953 1205 2018 super-

193 2062 316 2128 gressus
337 2037 493 2102 videbitur
510 2048 635 2124 tempus
651 2038 712 2104 boc
734 2037 820 2124 quod
840 2061 903 2104 nox
917 2040 1100 2125 praecessit,
1113 2052 1143 2104 ot
1158 2039 1212 2104 dios

193 2144 479 2236 appropinquavit,
499 2155 531 2208 et
548 2144 695 2209 festinare
717 2166 781 2208 non
805 2143 846 2209 ad
865 2145 991 2212 initium
1011 2145 1097 2221 diei,
1120 2144 1215 2210 sedsd

193 2252 379 2328 meridiem,
395 2263 429 2317 ut
441 2249 551 2338 etipse
563 2251 602 2316 ad
612 2251 745 2339 gratiam
757 2252 918 2338 perveniat
930 2251 1083 2318 Abrabae.
1102 2254 1136 2319 si
1145 2253 1221 2318 enim

195 2360 250 2425 lux
264 2383 334 2447 quae
348 2360 380 2424 in
395 2365 464 2447 ipso
480 2370 527 2424 est
544 2358 676 2433 mentis,
693 2369 725 2422 et
736 2359 854 2445 puritas
871 2359 976 2425 cordis
988 2359 1076 2426 clara
1093 2361 1184 2425 luerit
1197 2371 1225 2424 et

194 2467 374 2556 splendida,
387 2467 446 2531 iste
461 2465 671 2530 meridianum
683 2475 807 2552 tempus
822 2465 854 2529 in
867 2464 1037 2554 semetipso
1050 2465 1171 2530 hebere
1184 2466 1227 2530 vi-

196 2576 348 2642 debitur:
369 2586 402 2638 et
423 2571 582 2661 perhanc
604 2571 775 2659 puritatem
799 2573 923 2648 cordis,
941 2573 1032 2661 quasi
1051 2573 1085 2638 in
1103 2573 1229 2638 meridie

194 2683 314 2772 positus
334 2682 436 2746 Deum
455 2679 590 2753 videbit,
608 2679 721 2746 sedens
740 2679 779 2744 ad
797 2701 951 2765 quercum
966 2679 1135 2757 Mambre,
1151 2680 1231 2768 quod

199 2792 238 2857 ad
251 2789 401 2855 visionem
414 2787 648 2874 interpretatur.
664 2785 758 2873 Apud
769 2786 922 2852 visionem
933 2809 1010 2874 ergo
1022 2789 1115 2853 sedet
1126 2790 1159 2853 in
1173 2809 1233 2854 mc·

198 2896 366 2984 ridie,.qui
385 2905 476 2960 vocat
496 2892 535 2957 ad
553 2891 721 2958 videndum
733 2893 847 2958 Deum.
864 2893 942 2958 lnde
957 2894 1098 2982 denique
1114 2918 1179 2959 non
1193 2895 1234 2960 di·

200 3005 282 3070 citur
296 3005 378 3068 intra
390 2997 649 3075 tabernaculum,
667 2999 722 3064 sed
733 2999 809 3066 loris
824 2999 863 3065 ad
880 3000 995 3066 ostium
1008 3002 1121 3067 sedere
1137 3003 1235 3066 taber-

201 3106 317 3177 naculi.
339 3106 429 3171 Foris
444 3104 561 3168 etenim
578 3116 624 3168 est
639 3115 726 3169 extra
743 3107 856 3192 corpus
872 3105 973 3192 posita
984 3114 1077 3172 mens
1095 3107 1234 3195 ejusqui

199 3216 293 3304 longe
311 3226 358 3279 est
371 3237 388 3278 a
400 3209 616 3300 corporalibus
635 3211 897 3300 cogitationibus,
913 3211 1008 3301 longe
1024 3238 1039 3278 a
1056 3213 1236 3280 carnalibus

201 3325 379 3400 desideriis,
401 3337 433 3389 et
455 3323 526 3388 ideo
557 3322 596 3387 ab
621 3322 671 3387 his
697 3323 844 3388 omuibus
867 3322 943 3387 loris
972 3325 1112 3412 positum
1137 3327 1236 3392 visitat
1314 3345 1315 3384 t

200 3433 299 3500 Deus.
316 3433 467 3521 Ejusdem
478 3454 605 3518 quoque
621 3430 762 3517 mysterii
773 3441 841 3524 est,
852 3429 938 3517 quod
949 3431 1113 3521 etjdosepb
1126 3433 1237 3499 fratres

201 3565 275 3608 suos
291 3565 364 3607 cum
378 3539 564 3626 suscepisset
578 3539 610 3602 in
623 3535 779 3625 AEgypto,
799 3537 832 3602 in
847 3538 981 3604 meridie
996 3561 1051 3604 eos
1069 3541 1187 3628 pascit,
1202 3553 1235 3604 et

201 3647 235 3714 in
245 3645 377 3713 meridie
389 3642 520 3708 adorant
534 3664 607 3706 eum
620 3663 695 3706 cum
706 3640 901 3707 mimeribus.
917 3642 1087 3734 Propterea
1099 3643 1234 3732 denique

239 3791 322 3843 ¹ch
336 3809 415 3852 xvur,
429 3809 452 3844 a.
466 3785 520 3862 -J
533 3794 604 3838 Rom.
614 3806 678 3851 zur,
695 3805 743 3849 η,
758 3785 798 3838 13.
