2702 4610
248 295 307 362 rso
558 354 562 362 ,
690 315 834 362 osroenos

241 447 276 500 et
292 435 332 502 ad
347 433 502 521 quosdam
517 433 644 499 dioclet
658 457 666 498 ι
687 433 870 502 «Demisere
884 453 996 498 manus
1012 442 1045 495 et
1056 427 1208 494 dissoluta
1229 453 1282 518 ge

244 571 257 604 r
274 565 337 608 nun
353 542 476 630 crigite,
490 553 523 606 et
538 553 642 608 nectos
657 564 782 630 gressus
798 541 891 606 facito
906 540 1040 628 pedibus
1059 539 1170 604 rostris
1180 535 1231 603 ’.ι
1248 539 1284 605 si

210 695 214 701 -
244 675 321 740 ergo
333 663 439 718 serrat
453 649 590 739 populus
603 649 716 739 legem,
731 649 833 738 aleam
848 650 971 738 Moyses
986 669 1110 723 manus,
1123 659 1156 712 et
1168 649 1286 713 adser-

245 763 346 828 sarios
368 762 515 827 vincitur.
535 760 569 826 si
591 783 656 825 non
672 772 776 826 servat
791 758 907 848 legem,
925 757 1088 824 invalescit
1110 757 1280 824 Amalech.

247 869 329 949 Quia
342 869 439 958 igitur
450 878 484 934 et
501 867 593 936 nobis
608 892 713 958 pugna
727 881 777 934 est
791 868 940 934 adversus
955 867 1113 956 principes
1128 879 1161 931 et
1176 880 1285 956 potes-

244 991 338 1054 tates,
350 991 383 1044 et
398 978 509 1046 mundi
523 978 621 1066 hujus
637 991 776 1046 rectores
791 981 1007 1053 tenebrarum,
1026 979 1050 1042 si
1072 979 1116 1042 vis
1136 977 1281 1054 vincere,

246 1091 271 1156 si
287 1091 332 1156 vis
348 1090 504 1166 obtinere,
518 1088 605 1155 eleva
621 1112 747 1166 manus,
758 1101 791 1154 et
802 1088 888 1156 eleva
906 1101 995 1155 nctus
1006 1102 1089 1163 tuos,
1103 1099 1135 1154 et
1147 1110 1282 1155 conver-

246 1201 326 1266 satio
338 1211 391 1268 tua
402 1221 469 1266 non
480 1201 521 1265 sit
530 1201 563 1265 in
575 1200 678 1275 terris,
693 1199 749 1265 sod
758 1201 843 1266 sicut
855 1201 932 1265 dixit
947 1194 1116 1288 Apostolus
1129 1222 1137 1264 ι
1151 1225 1165 1258 ι
1177 1198 1284 1288 Super

249 1323 392 1376 sterrarn
407 1307 617 1385 ambulantes,
630 1311 900 1376 conversationem
917 1311 1071 1375 habemus
1086 1309 1120 1373 in
1136 1308 1222 1373 coelo
1233 1309 1273 1374 ’.ι

246 1420 287 1484 Et
298 1419 341 1484 ita
352 1418 470 1507 poteris
481 1439 631 1506 superare
643 1416 797 1506 populum
810 1418 1027 1484 adversantem
1040 1417 1097 1482 tibi
1111 1415 1278 1490 Amalech,

247 1530 289 1595 ita
312 1539 348 1594 ut
366 1528 491 1594 dicetur
505 1527 545 1592 de
560 1539 592 1592 ts
606 1527 702 1593 etiom
718 1551 752 1593 :a
768 1529 852 1608 Quia
865 1527 899 1593 in
915 1547 1011 1592 manu
1034 1523 1160 1592 occulte
1179 1544 1279 1614 expu-

203 1645 206 1653 ‘
248 1639 389 1728 »goebel
401 1637 555 1704 Dominus
567 1635 721 1704 Amalech
730 1637 753 1703 ¹.
764 1667 777 1700 ι
790 1637 883 1704 Eleva
894 1649 928 1702 et
938 1648 974 1700 tu
986 1655 1099 1701 manns
1110 1635 1152 1700 erl
1164 1636 1279 1711 Deam,

247 1746 392 1835 stimplo
406 1745 591 1812 mandatum
606 1769 671 1833 quo
687 1744 950 1834 Apostolusdioit
969 1767 978 1808 ι
998 1743 1101 1810 «Sine
1120 1745 1276 1809 intermis-

250 1857 362 1920 »sione
376 1851 487 1918 orato*
501 1865 575 1918 :set
588 1863 667 1920 tuno
681 1853 737 1920 liet
748 1853 835 1943 qnod
849 1853 1002 1942 scripturn
1013 1864 1075 1928 est,
1087 1853 1160 1941 quia
1176 1857 1278 1919 «aiom

248 1961 392 2028 rvitulus
413 1960 546 2050 ablingit
566 1962 599 2030 in
623 1962 743 2050 campis
762 1963 897 2030 herbam
912 1961 1057 2035 viridem,
1077 1960 1121 2024 ita
1143 1957 1278 2048 ablinget

249 2102 261 2133 ι
275 2069 410 2161 populus
432 2071 486 2138 hic
505 2069 659 2160 populum
675 2073 730 2160 qui
745 2095 841 2160 super
860 2084 979 2136 ternam
993 2081 1041 2135 est
1055 2069 1099 2133 ‘a
1114 2069 1178 2133 Por
1193 2071 1276 2157 qnod

253 2182 302 2266 (ut
317 2205 334 2250 a
348 2182 523 2268 majoribus
543 2182 738 2269 occepimus)
759 2181 893 2248 indicari
908 2181 1039 2256 moitura
1053 2182 1129 2267 quin
1146 2181 1273 2268 populns

249 2293 307 2357 Dei
323 2315 387 2358 non
403 2303 469 2359 tam
484 2313 580 2359 manu
602 2304 634 2359 et
653 2291 761 2365 armis,
779 2313 875 2377 quarn
893 2313 969 2358 voce
986 2303 1019 2355 et
1034 2289 1141 2379 lingna
1156 2312 1279 2379 pugna-

249 2404 305 2468 bat
319 2425 328 2466 :
341 2401 374 2467 id
388 2413 448 2475 est,
462 2401 639 2469 orationem
652 2401 788 2468 lundens
804 2400 845 2466 ad
859 2400 975 2475 Deam,
989 2402 1206 2490 prosternebat
1220 2402 1279 2465 ini·

249 2513 358 2584 nicos.
381 2514 427 2580 lta
449 2521 577 2600 ergoet
598 2521 632 2575 tu
653 2511 678 2575 ai
700 2513 744 2576 vis
761 2512 887 2577 vincere
905 2511 1063 2585 inimicos,
1085 2509 1162 2576 elem
1184 2521 1276 2574 actus

249 2634 333 2696 tuos,
346 2621 447 2688 clema
460 2619 500 2685 erl
511 2620 629 2694 Deum,
641 2633 677 2684 ut
688 2619 765 2686 (licit
777 2617 967 2706 Apostolus:
982 2618 1149 2684 «Orationi
1163 2618 1282 2681 instan-

250 2743 333 2804 »tes‚
347 2741 379 2800 ot
392 2726 554 2815 vigilantes
565 2727 598 2791 in
613 2749 650 2791 ea
659 2725 705 2790 ’.ι
720 2727 795 2792 llaec
809 2728 897 2794 enim
911 2739 959 2792 est
975 2726 1147 2793 Christiani
1160 2743 1278 2816 pugno,

250 2861 310 2925 qua
327 2847 455 2925 superet
471 2835 644 2903 inimicum.
659 2834 741 2902 Puto
756 2847 862 2900 autem
874 2836 962 2922 quod
977 2856 1035 2924 per
1049 2836 1134 2904 hanc
1147 2836 1280 2926 liguram

250 2947 346 3012 etiarn
364 2945 501 3010 duorum
520 2943 712 3034 populorum
727 2945 850 3033 Moyses
869 2945 1004 3011 sormam
1017 2945 1176 3034 designet,
1188 2957 1222 3010 et
1236 2957 1282 3010 os-

252 3054 360 3122 tendat
376 3077 475 3123 unum
494 3067 562 3124 asto
581 3052 735 3143 populum
757 3077 797 3122 ex
817 3055 964 3143 gentibus
978 3055 1035 3142 qui
1050 3053 1154 3120 elevet
1171 3074 1282 3120 manns

252 3163 364 3250 Moysi,
376 3173 410 3230 et
422 3162 524 3251 eriget
538 3186 590 3230 cas
600 3185 611 3236 a
623 3163 655 3228 id
671 3175 731 3238 est.
745 3164 800 3251 qni
815 3164 849 3228 in
864 3161 999 3230 sublime
1014 3161 1145 3230 extollat
1160 3184 1198 3229 on
1213 3185 1282 3253 «χιιι,ι

251 3273 375 3361 scripsit
389 3271 523 3358 llloyses,
536 3284 568 3336 et
581 3273 611 3336 in
627 3271 751 3338 excelso
766 3293 880 3345 eorum
895 3271 1135 3361 intelligentiam
1151 3285 1283 3346 statut.

252 3393 284 3448 at
299 3407 355 3470 per
369 3381 431 3446 lroc
448 3381 551 3449 vincat
565 3403 572 3444 :
588 3379 686 3450 alium
700 3395 807 3450 autern
820 3400 892 3452 ,esse
906 3383 960 3470 qni
977 3383 1129 3470 quoniam
1140 3399 1208 3447 non
1225 3381 1272 3447 ele

252 3503 303 3558 vat
318 3514 428 3557 manus
445 3491 556 3578 llloysi.
576 3513 635 3558 neo
650 3489 771 3558 extollit
785 3515 837 3557 eas
853 3516 870 3556 a
886 3506 982 3567 terra,
1000 3515 1060 3558 nec
1079 3491 1182 3557 altum
1197 3494 1231 3558 in
1248 3517 1287 3557 eo

252 3599 369 3688 aliquid
380 3613 412 3666 et
423 3599 538 3667 subtile
550 3601 742 3676 considerat,
757 3601 892 3668 vincitur
905 3603 945 3667 ab
956 3602 1157 3678 adversariis,
1170 3614 1204 3668 et
1217 3627 1287 3692 pro-

252 3713 412 3778 sternitur.

287 3861 293 3893 l
311 3861 378 3910 lleb.
392 3878 436 3919 ιιι,
451 3877 489 3918 ra,
505 3859 603 3909 ι3.--·2
617 3860 678 3910 Phil.
691 3879 728 3921 ιιι,
744 3879 781 3912 ιο.
792 3863 839 3900 ..t
854 3864 936 3916 Exod.
946 3873 1009 3921 xt'n,
1023 3864 1098 3912 16.··-
1110 3863 1120 3898 ⁴
1137 3865 1253 3916 tTlress.
1265 3881 1286 3920 ι,

257 3934 290 3982 ro.
306 3934 354 3971 *ὃ
369 3933 443 3984 Νιιιιι.
460 3949 520 3992 arri,
532 3933 557 3990 l.
569 3961 597 3972 -
608 3934 617 3966 ⁵
629 3934 683 3983 Col.
697 3953 731 3997 ιι,
745 3953 767 3984 2.
