2644 4612
492 287 632 334 sanaem
656 289 688 333 aa
712 286 831 332 asarta.
889 337 893 354 ¹
956 310 958 318 ,
1121 263 1179 328 551

143 403 232 483 diens'
246 407 540 501 :aquemmittam
553 404 667 494 etquis
682 404 741 470 ibit
755 428 763 469 ε
777 405 880 481 Ecce,
893 401 1007 489 inqui,
1019 385 1182 493 egotam,

145 523 257 590 »mitte
269 543 335 588 me.
352 517 512 607 »Dignum
526 525 575 582 est
584 535 660 603 ergo
676 511 868 603 spiritulibus
883 510 1033 601 spiritalia
1048 533 1184 601 compc-

143 654 234 712 rare,
247 641 281 696 et
290 626 453 716 requirere
465 622 564 712 quise
578 621 704 687 duobus
719 618 835 686 meiius
848 619 961 688 iecerit
975 642 985 684 ε
998 617 1184 708 Moyscsne,

143 739 197 827 qui
211 748 385 827 postquam
396 731 517 801 electus
531 741 599 807 est,
615 728 795 797 recusavit:
813 751 854 794 an
870 725 964 794 isaias
978 727 1034 817 qui
1047 749 1089 794 nc
1104 725 1186 794 elec-

143 859 194 914 tus
209 845 338 934 quidem
357 842 424 931 ipse
439 838 557 910 obtulit
574 849 611 905 ut
626 838 810 906 mitteretur
830 836 871 905 ad
885 836 1052 927 populum.
1072 835 1187 904 Nescio

142 955 228 1022 enim
248 953 273 1017 si
288 961 394 1042 potest
407 949 478 1038 quis
493 971 564 1014 eam
579 946 837 1015 contrarietatem
852 946 1054 1036 negotiorum
1068 967 1139 1035 quae
1153 944 1187 1011 in

143 1073 279 1149 utroque
301 1058 443 1133 videtur,
463 1056 648 1132 intendens,
672 1055 778 1122 dicere
797 1053 870 1141 quia
893 1054 926 1119 id
949 1053 1052 1143 ipsum
1075 1053 1188 1121 lecerit

142 1169 285 1258 Moyses,
310 1167 398 1256 quod
421 1165 526 1234 isaias.
546 1167 613 1254 Ego
639 1162 791 1230 audacter
811 1162 872 1230 ieci
894 1182 1082 1250 comparans
1106 1162 1186 1227 duos

146 1289 270 1348 sanctos
285 1289 318 1342 et
331 1276 443 1342 beatos
459 1273 562 1350 viros,
577 1288 610 1338 et
627 1273 823 1348 decernens,
838 1283 872 1336 et
887 1270 1016 1346 dicens,
1032 1291 1190 1338 verecun-

149 1388 218 1456 dius
235 1387 366 1476 Moysen
387 1385 515 1458 iecisse.
536 1403 633 1472 quam
647 1382 771 1448 isaiam.
790 1379 913 1470 Moyses
929 1379 1046 1470 quippe
1065 1380 1189 1470 magni·
1283 1447 1288 1458 ⁴

149 1495 294 1562 tudinem
308 1492 547 1567 considerabat,
561 1511 695 1580 preesse
708 1487 828 1579 populo
842 1488 884 1555 ad
898 1488 1100 1556 ducendum
1114 1511 1191 1554 eum

150 1605 191 1672 de
204 1616 289 1672 terra
299 1601 451 1692 AEgyptt,
463 1611 497 1666 et
506 1621 682 1689 repugnare
690 1595 914 1686 AEgyptiorum
923 1596 1191 1664 incantationibus

151 1725 184 1780 et
199 1711 374 1782 maleficiis.
389 1712 524 1799 Propter
538 1707 602 1774 hoc
616 1707 660 1774 ait
678 1730 686 1771 τ
705 1705 867 1774 «Provide
883 1705 983 1773 alium
999 1729 1095 1795 quem
1114 1706 1192 1772 mit-

154 1835 222 1890 atas
232 1822 258 1892 ¹,
275 1822 368 1890 »iste
382 1830 490 1888 autem
504 1841 571 1886 non
583 1828 753 1906 expectens
769 1815 878 1881 audire
892 1814 969 1904 quid
985 1815 1014 1880 ei
1026 1815 1192 1904 juberetur

152 1943 188 1997 ut
202 1930 340 2007 diceret,
360 1952 400 1996 ac
418 1925 579 1994 siclaetus
593 1925 704 1992 luisset
720 1947 754 1992 a«
768 1925 872 2001 Ecce,
892 1923 1005 2012 inquit,
1025 1946 1097 1990 sum
1112 1946 1189 2012 ego,

151 2037 264 2110 »mitte
278 2058 341 2103 me.
357 2064 370 2098 s
384 2034 476 2101 Unde
486 2035 559 2123 quia
574 2035 721 2123 ignorem
735 2032 858 2122 quidsei
873 2033 1039 2120 juberetur
1053 2043 1088 2097 ut
1103 2030 1192 2098 dioc·
1229 2089 1236 2096 .

152 2157 217 2222 ret,
231 2142 304 2210 acsi
319 2139 439 2208 eiectus
450 2138 559 2206 luisset
573 2160 606 2204 :a
617 2139 700 2204 Ecce
710 2137 866 2226 ,cit,.ego
882 2161 953 2204 sum
964 2187 973 2213 ,
986 2138 1077 2204 mitte
1085 2160 1156 2204 me:
1171 2166 1183 2199 a

152 2253 222 2322 baec
236 2252 367 2340 jubetur
382 2261 419 2316 at
434 2248 542 2324 dicat,
562 2258 738 2334 quaerant
755 2244 896 2334 inoptata
911 2244 1040 2313 dicenti.
1060 2248 1109 2314 An
1127 2269 1193 2313 non

153 2368 221 2424 crat
235 2352 407 2445 inoptabile
422 2351 531 2420 stetim
543 2351 666 2440 jussum
681 2348 918 2440 prophetizare,
931 2373 949 2416 a
961 2349 1194 2418 maledictioni-

155 2467 214 2534 bus
228 2463 369 2553 incipere
381 2446 540 2530 dicentem
554 2482 563 2524 s
575 2485 588 2520 ι
600 2459 686 2526 Aure
704 2457 835 2526 audietis
846 2509 856 2534 ,
867 2469 900 2524 et
913 2481 979 2525 nou
993 2457 1192 2548 intelligetis,

155 2585 213 2642 set
231 2573 371 2640 videntes
392 2569 547 2644 cernetis,
568 2581 602 2635 et
624 2590 689 2634 non
710 2567 855 2634 videbitis
880 2591 891 2632 .·
914 2568 1126 2637 incrassatum
1146 2580 1194 2636 est

155 2682 263 2748 aenim
278 2705 334 2748 cor
348 2677 456 2769 popuii
471 2675 602 2767 hujus²,
614 2688 669 2742 set
679 2674 819 2766 reliqua:
833 2676 930 2742 Forte
940 2699 1016 2768 ergo.
1028 2677 1073 2765 (si
1086 2691 1195 2745 umen

157 2784 309 2850 audenter
327 2783 454 2873 expedit
467 2783 587 2872 dicere)
607 2782 792 2850 temeritatis
809 2793 842 2850 et
857 2782 997 2852 audam-'e
1009 2784 1193 2855 mercedem

156 2904 345 2962 consecutus
356 2902 422 2969 est,
435 2904 471 2957 ut
485 2915 523 2958 ea
537 2891 686 2979 jubeatur
701 2890 892 2982 dicereque
907 2891 1127 2982 prophetizare
1137 2915 1194 2958 no-

157 3002 252 3072 lebat.
271 3000 355 3082 Quia
364 3011 477 3078 ,autem
491 3000 873 3089 comparavimmlsaiam
886 3012 919 3066 et
934 3001 1085 3090 Moysen,
1104 3023 1195 3068 com-

157 3121 352 3201 ponamuset
363 3107 461 3182 abana
468 3109 926 3198 proximamcomparationem
938 3109 1025 3176 isaie
1031 3121 1065 3176 et
1072 3107 1191 3178 Jouae¹.

157 3221 215 3289 lile
222 3220 359 3290 mittitur
372 3217 546 3308 praedicare
559 3205 759 3288 eversionem
771 3217 916 3286 Ninivitis
930 3230 1002 3308 post
1013 3231 1077 3288 tres
1095 3219 1194 3298 dies',

159 3340 191 3395 et
208 3329 293 3418 piget
311 3351 386 3395 eum
404 3325 563 3418 proficisci
578 3325 741 3394 nolentem
758 3349 855 3394 musa
872 3325 1029 3400 malorum
1047 3329 1192 3397 civitatis.

159 3436 222 3504 lste
236 3459 311 3504 vero
322 3459 387 3503 uon
398 3447 566 3526 expectans
577 3435 695 3525 quid'ei
708 3435 917 3525 imperaretur
932 3449 967 3501 ut
978 3437 1099 3503 diceret
1110 3486 1119 3513 ,
1132 3439 1194 3503 ait:

169 3545 275 3610 «Ecce
286 3567 345 3633 ego
356 3565 440 3618 sum,
452 3542 542 3609 mitte
552 3566 615 3612 me.
632 3544 784 3612 »Bonum
796 3554 845 3610 est
856 3567 921 3610 non
932 3542 1080 3634 prosilire
1092 3545 1132 3613 ad
1143 3569 1195 3612 eas

161 3677 230 3740 quae
246 3678 264 3722 a
278 3654 346 3718 Deo
360 3664 434 3727 sunt
448 3651 617 3742 dignitates
629 3665 661 3718 et
677 3653 891 3742 principatus,
905 3665 938 3718 et
953 3653 1124 3721 ministeria
1138 3655 1197 3721 Ec·

162 3761 288 3838 clasiae,
303 3761 359 3826 sed
381 3760 496 3828 imitari
517 3760 665 3848 Moysen,
680 3772 712 3826 et
727 3761 833 3828 dicere
855 3785 930 3834 cum
951 3785 1009 3838 eo,
1035 3762 1196 3834 «Provide

197 3900 347 3966 ι1Ξιοι1.ιν,
365 3901 403 3954 13.
419 3898 472 3942 ·-²
487 3901 855 3970 1sai.u,9,.1o.-⁸Jon.r.
