2776 4616
257 273 321 350 466
703 295 847 338 uuonan
904 259 906 263 ¹

257 411 359 478 David
370 412 583 499 captivarunt,
593 411 708 499 inquit,
721 411 800 476 dues
815 409 952 476 uxores&
972 409 1121 478 Judaeum
1137 419 1215 496 puto
1230 408 1296 495 pri-

257 520 585 598 mum,etaeeundnm
597 518 756 588 Gentilem
768 517 922 609 pupulum
932 519 1013 586 diei:
1023 531 1057 584 et
1067 517 1296 586 Judaeoaenim

256 645 288 698 et
308 629 451 697 Gentilee
471 653 583 696 omnes
605 643 729 699 eonem
751 632 811 696 tub
833 641 967 718 peooote
988 628 1084 696 finitae
1106 626 1292 698 mucltatus.

256 741 321 806 Sed
336 762 401 807 uon
417 740 449 809 in
465 740 513 806 his
524 723 632 806 rerum
642 741 745 809 exitus
758 742 884 812 mansit.
901 739 1179 810 Advenienaenim
1190 737 1297 804 David

255 847 331 916 audi
345 849 424 938 quid
435 849 538 916 saciat.
553 851 594 914 Et
605 849 738 924 invenit,
750 850 866 939 inquit,
879 849 979 918 David
991 849 1149 938 dispersos
1164 845 1297 916 Amak-

254 959 357 1028 cutus
373 987 386 1022 ι
401 960 644 1036 manducantes,
654 971 689 1026 et
703 961 863 1039 hibentee,
875 974 907 1028 et
918 959 1095 1030 exultentea
1107 983 1168 1048 pro
1183 959 1297 1047 pnaeda

258 1093 380 1158 »quam
395 1070 591 1144 obetoleront
608 1095 615 1136 :
634 1085 668 1140 et
682 1072 813 1162 eeoidit,
829 1071 953 1158 inquit,
971 1093 1028 1138 eoa
1043 1093 1059 1136 a
1075 1069 1180 1158 prime
1196 1079 1297 1136 noete

256 1209 269 1244 ι
285 1180 437 1270 nequead
454 1204 616 1270 vesperam
632 1183 664 1246 in
680 1182 854 1250 oraminum
864 1181 886 1246 ².
901 1209 915 1244 ι
928 1183 969 1248 Et
981 1193 1055 1269 poet
1068 1179 1153 1246 hanc
1168 1177 1296 1244 mnam

256 1289 538 1366 amalechitarum,
551 1293 1017 1381 regreatuaeueeepitregnnm.
1076 1349 1079 1354 .

300 1402 341 1468 ll.
361 1401 456 1468 lluno
470 1423 548 1488 ergo
562 1396 716 1467 Amalech
729 1400 838 1470 videno
848 1398 978 1466 Balaam
988 1397 1072 1466 lilius
1082 1399 1182 1474 Beer,
1194 1398 1298 1465 homa

252 1535 325 1578 rere
339 1511 459 1586 vident,
468 1522 501 1574 et
510 1510 744 1578 nudicoererha
755 1510 826 1586 llei,
840 1511 896 1599 qui
907 1509 968 1576 scit
979 1509 1144 1576 seientiam
1155 1509 1297 1584 lineali,

253 1633 286 1688 et
298 1621 433 1688 rieienee
443 1620 500 1686 Ilei
514 1618 612 1714 ridet,
625 1633 755 1708 accepta
768 1618 916 1707 parabola
930 1641 985 1686 tua
1005 1618 1104 1704 (siout
1120 1631 1153 1684 et
1166 1620 1198 1706 in
1212 1621 1297 1708 prio·

253 1734 342 1802 rilruo
355 1731 526 1800 titionibut
541 1730 697 1818 seriptum
710 1735 777 1820 eut)
790 1731 834 1796 ait
848 1753 856 1796 ε
869 1758 882 1792 ι
893 1730 1023 1798 Initium
1038 1731 1183 1819 gentium
1200 1731 1295 1801 Arne

254 1870 268 1904 ι
283 1840 369 1915 lech,
381 1852 414 1906 et
426 1861 533 1904 eemeo
547 1861 658 1906 eorum
674 1839 819 1927 peribit³.
835 1838 955 1918 »Quod
966 1840 1009 1906 uit
1022 1861 1031 1902 z
1043 1865 1056 1900 ι
1068 1840 1200 1907 lnitium
1211 1861 1291 1927 gm-

253 1979 267 2014 ι
283 1950 364 2015 tium
386 1945 553 2022 Amalech,
567 1958 714 2018 »centuni
726 1961 775 2016 eat
785 1950 859 2038 quia
870 1948 959 2016 nullo
971 1950 1117 2038 pautead
1129 1947 1223 2018 illum
1239 1951 1295 2039 qui

254 2071 333 2125 tuno
343 2057 455 2128 eratin
468 2079 564 2126 corno
579 2055 746 2150 Amalech,
759 2056 870 2126 referri
881 2056 999 2145 pessit:
1014 2059 1222 2146 nequeenim
1234 2059 1293 2148 pri-
1373 2063 1374 2066 ’

255 2191 326 2236 mut
344 2179 414 2234 erat
428 2166 623 2254 antiquitatis
638 2167 760 2257 origine
777 2190 786 2231 ι
806 2166 862 2232 aed
876 2165 917 2232 ad
933 2164 1288 2256 inriaibilemdmnlaelt

155 2289 159 2296 '
254 2273 367 2344 melius
378 2274 527 2350 refertur,
540 2274 593 2364 qui
604 2299 622 2340 a
635 2273 825 2354 declinando
835 2272 971 2364 populos
982 2298 1000 2342 a
1012 2273 1295 2351 Demetfnoiend)

253 2383 1067 2462 Gentileaenlleicultoribus,Amaleehnominatm.
1078 2387 1300 2454 Etideurecte

253 2495 379 2566 initium
392 2495 536 2585 gentium
551 2494 680 2569 dieitur.
696 2496 786 2581 quasi
803 2494 873 2564 tolia
885 2495 1033 2583 quedam
1048 2497 1300 2564 virtuecontrn-

254 2607 312 2683 ria,
325 2626 395 2698 quae
407 2607 509 2696 prima
522 2606 648 2674 initium
662 2605 799 2682 dederit,
810 2619 845 2672 ut
856 2607 1001 2677 hominu
1012 2606 1154 2676 Gentiles
1165 2607 1303 2684 fierent,

255 2716 431 2787 mutando«
443 2714 576 2806 gloriam
588 2714 838 2803 incorruptibilis
851 2714 909 2782 Dei
921 2715 956 2780 in
966 2713 1209 2784 similitudinem
1221 2719 1305 2784 ima·

256 2825 362 2915 »ginis
373 2823 589 2914 corruptibilis
612 2825 765 2902 hominio,
779 2838 812 2892 et
826 2823 1007 2901 voluerum,
1022 2841 1057 2914 ot
1069 2827 1253 2915 pecudum,
1268 2844 1303 2895 et

256 2961 267 2994 r
283 2934 489 3028 serpentium.
499 2934 870 3001 etaeruieudeoreaturae
882 2934 1094 3022 potiusquam
1101 2937 1297 3002 mutarit..

258 3041 349 3110 Siout
370 3043 456 3131 enim
477 3044 510 3112 in
537 3042 655 3132 populo
679 3043 737 3112 Dei
757 3044 912 3133 seriptum
928 3058 976 3110 est
991 3046 1116 3112 initium
1134 3045 1304 3137 Christum,

257 3153 303 3220 aio
317 3153 506 3220 econtrario
524 3153 558 3218 in
579 3151 699 3242 populo
720 3154 775 3242 qui
791 3151 929 3221 declinat
946 3154 1048 3221 aDeo
1059 3166 1092 3220 et
1107 3155 1306 3224 (lentiliaci-

259 3261 378 3338 ficitur,
400 3263 526 3330 initium
548 3275 595 3328 eat
618 3261 782 3332 Amalech.
795 3290 809 3324 r
821 3264 861 3329 Et
876 3287 984 3331 semen
998 3287 1109 3330 eorum
1125 3266 1258 3354 peribit.
1284 3295 1299 3330 ι

259 3371 376 3440 Semen
387 3397 499 3442 eorum
511 3385 559 3442 oet
570 3374 744 3462 portuosio,
758 3387 790 3441 et
801 3374 960 3450 doctrina,
974 3398 1035 3462 que
1044 3377 1237 3443 'docuerunt
1246 3377 1306 3442 lin·
1370 3359 1371 3400 l

261 3482 361 3550 minet
382 3482 545 3551 declinare
564 3505 581 3547 u
602 3482 680 3550 Deo.
699 3483 790 3550 latud
804 3505 880 3572 erge
900 3506 1009 3550 temen
1029 3482 1149 3566 malum
1163 3496 1198 3550 et
1220 3487 1308 3554 dot·

261 3592 341 3659 trina
357 3595 507 3682 pessima,
523 3613 588 3658 non
600 3592 659 3680 ipsi
673 3593 705 3660 in
721 3594 838 3681 quibua
848 3592 1040 3684 seminatum
1051 3605 1100 3660 eat
1103 3595 1303 3682 ,“[ιει·ἰ1ιιιιιι·
1368 3583 1370 3634 l

244 3703 318 3828 ,ipsi
333 3704 419 3770 enim
435 3725 510 3769 cum
530 3704 674 3770 converri
689 3704 914 3794 ingemuerint,
940 3677 1016 3784 mlvi
1037 3717 1140 3771 erunt.
1166 3705 1209 3770 Et
1233 3708 1370 3773 vida

260 3812 284 3880 ti
300 3837 365 3882 non
381 3811 451 3879 tolie
465 3811 620 3900 expositio
636 3812 733 3880 etiem
758 3810 817 3880 illia
837 3813 1067 3888 ¹convenienter
1085 3815 1225 3882 obsistet
1249 3819 1311 3906 qni

292 3939 459 4006 ¹10ng
430 3941 539 4000 ιι,.-5
549 3935 642 3986 tibid
657 3937 767 4003 irrupit
781 3939 922 3992 ·-⁸.Num
1019 3943 1310 4006 atu-*llom-mS.
