2644 4612
197 225 263 312 498
301 221 309 240 ‘
649 245 791 288 carnatus

198 347 305 441 lectae,
322 362 371 430 vel
387 363 555 441 Ecclesiae,
577 376 609 429 et
632 387 697 429 non
713 376 744 428 te
763 365 864 453 rapiat
884 365 1016 431 carnalis
1031 379 1064 431 et
1081 365 1232 455 passibilis

199 496 319 540 sensus.
342 473 412 561 lpse
431 472 519 538 enim
536 483 585 537 est
600 471 654 537 hic
674 472 780 560 sponsi
804 472 914 538 dextra
938 486 970 538 et
993 473 1085 550 laeva,
1114 499 1186 562 quae
1206 479 1234 542 in

200 581 378 648 Proverbiis
394 579 433 644 de
454 579 605 667 sapientia
628 578 760 654 dicitur,
782 581 836 646 ubi
849 580 937 646 situ
955 581 1138 670 Longitudo
1158 584 1234 648 enim

201 687 1231 778 svitaindexteraejus,insinistraveroejusdivitiaeetgloria¹.a
1313 765 1314 770 γ

200 797 331 863 Etsicut
343 795 590 884 hicsapientiam
602 793 748 860 nonideo
759 793 896 882 aliquam
909 796 1072 862 seminam
1083 797 1153 862 dici
1163 811 1238 886 puta-
1313 867 1314 872 ,

199 905 269 981 bis,
287 904 363 991 quia
376 903 526 969 soemineo
540 902 670 968 nomine
686 899 837 991 appellari
853 903 979 968 ridetur
993 927 1001 968 :
1015 905 1059 969 ita
1075 927 1120 970 ne
1137 905 1172 969 in
1185 905 1236 971 hoo
1313 941 1314 1000 ι

200 1011 330 1099 quidem
346 1011 496 1097 quoniam
513 1007 690 1076 masculino
701 1031 817 1098 genere
832 1033 965 1100 sponsus
977 1013 1116 1078 verbum
1134 1013 1236 1078 Deidi-

200 1120 297 1194 citur,
312 1116 519 1207 corporaliter
529 1115 703 1206 intelligere
720 1116 818 1184 debes
830 1117 940 1184 laevam
954 1120 1043 1206 ejus,
1062 1133 1121 1184 aut
1139 1121 1234 1186 dexte

200 1251 269 1295 rana
280 1277 290 1304 ,
303 1225 352 1292 rel
364 1224 526 1314 amplexus
542 1247 664 1315 sponsas
675 1275 685 1302 ,
698 1224 748 1292 vol
760 1227 873 1294 animan
887 1249 945 1316 pro
960 1228 1107 1294 foeminei
1123 1231 1231 1318 generis

198 1335 410 1403 declinatione
424 1335 607 1423 percipere:
621 1334 677 1398 sed
688 1333 822 1400 verbum
834 1335 891 1400 Dei
904 1335 1049 1423 quamvis
1061 1339 1152 1426 apud
1164 1339 1230 1404 Gra

198 1467 253 1510 cos
268 1441 463 1518 masculino,
481 1442 566 1530 apud
582 1463 640 1506 nos
661 1454 777 1507 neutro
798 1465 913 1532 genere
932 1443 1132 1533 proseratur,
1150 1468 1226 1535 super

199 1550 413 1618 masculinum
426 1563 534 1614 tamen
545 1561 577 1614 et
590 1561 740 1614 neutrum
758 1573 794 1616 ac
810 1550 996 1616 femineum
1011 1575 1133 1640 genus,
1147 1566 1176 1618 et
1186 1577 1224 1618 su

200 1683 257 1749 per
265 1682 360 1725 omne
371 1661 505 1725 omnino
518 1657 606 1745 quod
615 1657 655 1722 ad
666 1657 730 1723 hoc
741 1659 887 1746 respicit,
903 1681 971 1724 esse
986 1659 1153 1749 cogitanda
1163 1673 1220 1726 suat
1313 1739 1314 1756 χ

200 1769 259 1833 ista
274 1767 314 1832 de
329 1767 445 1854 quibus
462 1787 566 1830 sermo
582 1777 630 1829 est
646 1788 654 1828 :
671 1776 704 1828 et
719 1787 784 1830 non
803 1763 906 1831 solum
929 1768 1069 1834 verbum
1089 1770 1154 1844 ns,
1169 1769 1214 1834 sed
1313 1777 1314 1796 ¹

200 1890 233 1941 ct
247 1875 388 1942 Ecclesia
404 1877 493 1962 ejus,
510 1885 604 1962 atque
619 1875 723 1939 anima
742 1875 903 1962 perfecta,
920 1900 993 1964 quae
1003 1891 1039 1942 et
1053 1901 1143 1965 sponsa
1155 1901 1204 1942 no-

203 1985 353 2050 minatur.
369 1983 423 2048 Sic
437 1982 522 2052 enim
538 1994 571 2046 et
594 1980 765 2070 Apostolus
780 1983 876 2050 dicit:
907 1986 972 2051 eln
1004 1986 1119 2052 Christo
1139 1987 1207 2050 anina
1313 2035 1314 2038 ,

200 2112 326 2177 »neque
342 2086 520 2165 masculus,
534 2111 637 2176 neque
653 2088 800 2164 stamina,
818 2090 873 2154 sed
885 2113 999 2158 omnes
1013 2094 1047 2158 in
1059 2095 1124 2181 ipso
1136 2115 1216 2158 ιιιιιιιιι

200 2194 388 2261 asumus2.»
414 2197 489 2262 llaec
504 2209 611 2262 autem
625 2208 757 2284 propter
777 2196 922 2264 homines
943 2201 999 2287 qui
1019 2199 1112 2266 aliter
1131 2192 1217 2266 audin
1313 2187 1314 2190 Ἴ

200 2325 264 2367 ιιοιι
279 2311 430 2389 possunt,
450 2299 568 2367 nisibis
585 2299 687 2366 verbis
701 2323 772 2388 quae
784 2301 816 2367 in
826 2325 883 2367 usu
893 2302 1073 2381 habentur,
1083 2307 1114 2370 in
1128 2307 1220 2394 Scrip
1311 2345 1313 2400 p

199 2423 270 2475 tura
286 2410 390 2475 druna
402 2408 533 2478 humana
549 2431 642 2476 more
656 2409 838 2475 reseruntur
850 2411 989 2499 eloqun
1004 2427 1041 2478 ut
1057 2415 1157 2480 verbu
1169 2439 1228 2501 qur
1311 2407 1313 2448 ⁴

200 2518 273 2583 dem
289 2517 372 2581 notis
385 2540 423 2581 aa
438 2527 470 2581 et
485 2515 584 2581 solitis
599 2515 783 2592 audiamus,
797 2541 891 2584 sensu
906 2531 1013 2586 tamen
1030 2520 1084 2586 illo
1101 2545 1163 2610 quo
1173 2523 1232 2610 uig-

200 2649 279 2691 num
299 2637 348 2690 est
369 2623 409 2689 de
432 2624 544 2690 divinis
570 2625 664 2690 rebus
685 2636 718 2688 et
733 2625 930 2715 incorporeis
950 2629 1136 2695 sentiamus.
1160 2631 1234 2696 llam

201 2737 283 2802 sicut
298 2736 323 2800 is
338 2733 391 2821 qui
403 2745 577 2800 amatorem
594 2734 670 2799 dicit
682 2757 714 2798 se
726 2757 794 2801 esse
810 2733 1055 2823 pulchritudinis
1066 2741 1234 2828 sapientiae.
1311 2735 1313 2864 Ι

202 2842 265 2910 hoc
279 2842 417 2908 ostendit
432 2841 519 2927 quod
534 2841 710 2907 naturalem
729 2843 781 2928 qui
798 2844 830 2909 in
847 2865 880 2909 se
899 2857 946 2910 est
967 2845 1131 2912 charitatis
1144 2847 1239 2914 effec-

202 2964 271 3016 tum
293 2950 332 3014 ad
348 2949 450 3014 studia
466 2947 662 3014 transtulerit
677 2950 855 3037 sapienties:
873 2953 917 3018 ita
937 2965 970 3018 et
985 2952 1038 3018 hic
1053 2977 1171 3061 sponsa
1185 2957 1239 3022 de·
1302 2988 1308 3058 p

205 3057 326 3147 poscit,
344 3055 391 3122 ael
414 3057 538 3130 anima,
558 3055 605 3121 vel
626 3054 786 3132 Ecclesia,
810 3071 845 3123 ut
864 3083 997 3147 sponsus
1018 3084 1096 3126 suus
1119 3064 1174 3150 qui
1196 3078 1244 3130 est

201 3166 334 3232 verbum
350 3165 427 3240 Dei,
441 3162 517 3229 laeva
528 3164 657 3252 quadem
669 3187 725 3230 sua
736 3177 833 3253 caput
844 3190 913 3254 ejus
922 3180 1096 3245 sustentet
1110 3171 1241 3237 dextera

204 3297 280 3340 vero
294 3275 363 3361 ejus
374 3295 470 3340 omne
484 3275 553 3361 ejus
569 3272 726 3360 reliquum
747 3274 979 3364 complectatur
995 3289 1028 3342 et
1042 3283 1247 3371 constringat

206 3394 332 3470 cor'pus.
350 3382 405 3447 Est
420 3392 527 3456 autem
542 3379 617 3446 laeva
634 3381 666 3445 in
682 3403 744 3466 qua
764 3384 916 3470 sapientia
933 3384 1055 3450 divitias
1078 3389 1247 3455 continere

206 3503 239 3556 et
256 3488 389 3578 gloriam
407 3488 533 3555 dicitur.
555 3489 641 3568 Quas
663 3499 768 3554 autem
785 3488 881 3556 habet
895 3492 1017 3558 divitias
1030 3492 1199 3572 Ecclesia,
1216 3509 1249 3562 et

206 3619 302 3687 quam
317 3595 449 3684 gloriam
465 3597 523 3660 nisi
539 3593 606 3661 illas
623 3618 701 3683 quas
720 3598 842 3686 accepit
862 3599 975 3675 abeo,
992 3601 1141 3688 quicum
1161 3604 1248 3670 diaes

208 3717 306 3781 esset,
319 3725 440 3793 pauper
449 3703 550 3770 sactus
564 3715 632 3780 est,
650 3715 684 3769 ut
695 3702 777 3770 illius
792 3719 976 3796 paupertate
992 3707 1137 3776 Ecclesia
1155 3711 1248 3776 lieret

244 3853 254 3886 ¹
266 3852 336 3898 Prov.
352 3865 401 3906 ιιι,
415 3849 455 3899 ι6.
467 3876 499 3888 -
511 3853 523 3888 ²
534 3845 613 3900 Galat.
628 3867 677 3915 ιιι,
693 3849 734 3901 ι8.
