2604 4614
168 157 232 232 544
286 153 290 160 ’
613 177 759 224 onrnnms

165 296 240 383 Ego
254 297 421 382 [lesu-cmm
429 347 438 373 ‚
452 310 479 362 et
494 297 595 366 lilium
609 297 807 372 convallium,
825 298 936 364 ethaec
952 293 1083 384 quidem
1099 295 1142 359 de
1158 318 1211 359 se·
1294 375 1295 378 Ἴ

168 405 312 492 metipso.
332 405 453 474 Deinde
470 430 617 497 sponsam
634 405 765 474 laudens
782 407 846 472 eit:
865 406 934 470 uUt
945 403 1096 470 liliumin
1109 402 1216 466 medio
1294 407 1295 490 ᾗ

168 512 372 600 »spinarum
398 513 445 578 sic
468 515 610 603 proxime
634 539 705 580 mee
728 515 760 580 in
781 513 887 582 medio
903 510 1078 578 filiorum¹.
1096 539 1110 567 ι
1127 510 1218 575 Sicut
1294 499 1296 562 l

165 617 269 705 filium
283 643 348 686 non
364 633 466 708 polest
483 623 578 710 spinis
594 622 791 711 comparari,
808 622 984 710 intorques
999 640 1135 706 semper
1150 639 1218 680 exo

164 733 261 808 -ritur,
280 732 391 800 eodem
409 735 505 800 modo
520 736 662 822 proxime
680 757 751 800 men
770 757 865 824 super
883 759 995 800 omnes
1013 732 1101 798 filias
1118 729 1218 796 lilium

168 853 216 922 cst
236 841 268 907 in
284 840 389 906 medio
404 833 576 928 spinarum.
603 843 666 908 Isto
687 843 818 910 audiens
840 865 955 932 sponse
979 843 1090 908 ricem
1115 838 1216 904 reddit

168 975 303 1040 sponso,
326 964 358 1020 et
378 954 516 1021 sentiens
534 953 616 1020 illins
637 955 733 1020 etiam
754 957 942 1022 suavitatem
961 956 996 1020 in
1017 975 1141 1028 ¹vocem
1156 950 1217 1016 lou·
1294 965 1295 968 ’

172 1062 273 1132 dentis
295 1063 444 1152 erumpit.
472 1064 712 1153 Unguentorum
737 1065 853 1154 quippe
877 1065 957 1130 odor
980 1063 1063 1130 licet
1086 1062 1218 1128 suaviter

167 1171 287 1259 spiret,
303 1183 335 1242 ct
350 1195 478 1240 sensum
498 1173 597 1238 odore
617 1172 816 1250 demulceat,
838 1196 903 1240 non
926 1185 1038 1238 tamen
1062 1169 1216 1260 ejusmodi

171 1289 238 1355 est.
256 1287 290 1350 ut
305 1302 399 1349 suove
415 1280 455 1347 sit
472 1280 513 1345 ud
525 1279 696 1347 edendum.
714 1281 768 1346 Est
784 1293 889 1346 entem
902 1279 991 1346 eliud
1004 1279 1100 1367 quod
1116 1279 1215 1366 optimi

168 1386 291 1474 peponis
306 1386 346 1452 sit
358 1398 394 1453 ,et
410 1387 534 1462 odoris,
552 1387 667 1464 idest,
689 1401 723 1452 nt
740 1389 845 1454 fauces
859 1386 995 1455 dulcore
1012 1384 1174 1459 delectet,
1188 1397 1214 1448 et

169 1495 317 1582 spiritum
334 1492 475 1562 mulceat
496 1495 631 1560 odoratu
650 1521 657 1560 ε
677 1494 738 1562 lule
757 1508 805 1560 est
825 1493 965 1570 melum,
985 1507 1021 1558 et
1046 1493 1212 1560 istiusmodi

173 1612 222 1676 est
241 1611 380 1678 naturae,
398 1614 433 1670 ut
452 1613 584 1690 utruque
600 1603 631 1667 in
647 1627 682 1668 se
696 1603 864 1692 possident.
884 1603 1016 1669 ldcirco
1031 1600 1145 1668 volens
1158 1623 1210 1666 non

175 1708 278 1780 solum
289 1707 540 1776 benevolentiam
548 1713 721 1791 sermonis,
735 1712 790 1776 sed
802 1723 834 1776 et
846 1710 1016 1778 dulcorem
1028 1712 1104 1799 ejus
1112 1733 1205 1798 spons

171 1815 323 1892 laudare·
345 1817 386 1882 nit
409 1842 416 1882 :
443 1817 514 1886 «Ut
532 1817 652 1884 molum
677 1820 710 1884 in
733 1819 825 1908 lignis
848 1817 964 1908 sylvae,
992 1819 1041 1886 ita
1072 1815 1196 1883 framrclis

175 1945 288 1988 »meus
299 1922 332 1987 in
345 1923 451 1988 medio
461 1921 600 1988 liliorum
609 1923 631 1989 ².
642 1952 655 1986 ι
666 1925 781 1991 Omnis
797 1923 879 2014 ligna
890 1975 899 2001 ‚
912 1948 1033 1990 omnes
1046 1925 1152 1990 ardore
1161 1923 1192 1986 sd

175 2030 446 2118 comparutionem
460 2032 614 2096 sermonis
629 2031 688 2096 Dei
704 2031 798 2119 sylvae
812 2031 966 2098 inferaces
984 2033 1197 2104 existimamur,

176 2137 217 2207 ad
231 2136 395 2204 Christum
411 2137 508 2204 saltus
528 2151 576 2204 est
594 2163 689 2206 omne
707 2139 793 2228 quod
813 2140 946 2216 dixeris,
967 2153 1003 2205 et
1026 2141 1203 2206 infruuuosr

175 2257 251 2313 sunt
275 2246 392 2312 omnio.
420 2247 501 2326 Quae
524 2248 609 2312 enim
631 2260 763 2335 possunt
786 2247 847 2312 dici
871 2247 1014 2313 adeum
1038 2259 1209 2336 comparata

175 2353 361 2423 fructifere?
371 2355 475 2420 Etiam
487 2353 571 2444 ligna
586 2378 655 2442 qum
673 2355 859 2420 ridebantur
870 2355 1032 2421 fructibus
1044 2355 1211 2428 incursari,

174 2463 218 2530 od
240 2460 441 2530 collationem
459 2463 611 2528 adrentus
631 2465 700 2552 ejus
719 2463 914 2530 infructuose
935 2476 1119 2530 monstratu
1139 2475 1212 2528 suns.

176 2568 255 2636 ldeo
276 2579 336 2636 rut
351 2566 471 2633 melum
486 2570 518 2633 in
535 2567 625 2658 lignis
640 2567 754 2657 sylrae,
771 2570 814 2635 ite
830 2569 987 2635 fratruelis
1004 2571 1146 2637 mensio
1159 2591 1216 2634 me

179 2675 256 2748 ,rdio
273 2673 422 2742 filiorum.
442 2675 478 2741 ln
501 2677 612 2742 unrhrn
636 2677 705 2764 ejus
727 2675 912 2765 concupivi,
931 2690 964 2742 et
982 2679 1064 2747 sedi.
1088 2679 1216 2758 sQunm

181 2781 314 2871 pulchre
326 2806 389 2847 non
402 2783 445 2848 ait
457 2783 488 2848 in
500 2785 611 2848 umbre
625 2781 708 2848 illius
721 2785 929 2873 eoncopisc'o,
943 2787 1020 2860 sed,
1038 2815 1052 2846 ι
1063 2787 1099 2850 in
1113 2788 1217 2851 umbra

181 2891 272 2978 »ejus
287 2891 454 2979 concupivi
474 2915 482 2954 :
503 2918 516 2950 »ι
535 2903 567 2955 et
587 2915 652 2956 non
671 2890 782 2966 sedeo,
800 2893 874 2966 sed,
896 2893 1001 2958 «sedi.
1023 2922 1037 2954 ι
1058 2894 1216 2982 Siquidem

181 2999 212 3064 in
228 2997 384 3085 principio
400 3021 463 3063 non
479 3022 647 3086 possumus
661 3021 736 3064 cum
752 3022 791 3064 eo
805 3001 970 3088 proprium
988 3002 1141 3066 conform
1157 3023 1216 3065 scr·
1260 3047 1263 3052 -

181 3128 331 3180 monem,
345 3129 456 3172 rorum
471 3107 503 3171 in
518 3107 674 3196 principio
694 3107 748 3192 (ut
759 3108 802 3171 ite
819 3107 943 3196 dicam)
958 3109 1103 3196 quadem
1114 3111 1213 3196 mrjes
1294 3155 1296 3164 .

180 3213 253 3288 ‚ratis
265 3211 347 3280 illius
359 3215 471 3280 umbra
487 3215 693 3303 perfruimur,
709 3215 841 3280 undeet
857 3216 889 3280 in
905 3217 1072 3304 prophetis
1089 3217 1215 3306 legitur:

191 3321 354 3410 «Spiritus
378 3321 468 3388 faciei
490 3335 604 3387 nostrin
622 3322 767 3387 Christus
789 3322 962 3400 Dominus,
986 3325 1040 3389 cui
1061 3325 1218 3389 diximus:

184 3429 244 3494 »ln
263 3431 376 3496 umbro
389 3430 459 3516 ejus
478 3430 619 3496 vivemus
635 3429 668 3494 in
687 3429 853 3520 gentibus*
870 3455 878 3495 :
894 3459 907 3490 ι
926 3442 979 3506 et,
995 3433 1037 3497 ab
1055 3436 1168 3498 umbro
1184 3433 1221 3495 od
1294 3437 1295 3444 ’

187 3538 333 3605 umhrom
346 3535 438 3602 elium
450 3538 719 3628 transmigremus.
739 3537 950 3604 «sedentibus
959 3539 1039 3603 euim
1051 3540 1081 3603 in
1094 3541 1221 3628 regione
1294 3535 1295 3560 ³

186 3657 238 3709 »et
259 3647 369 3710 umbre
392 3646 521 3721 mortis,
542 3645 595 3710 lux
618 3659 684 3711 orto
705 3658 752 3711 est
772 3646 816 3712 eis
832 3647 852 3709 ⁵.
874 3675 886 3704 1·
907 3647 946 3712 Et
966 3659 1164 3714 transeamus
1183 3649 1220 3711 uls
1294 3667 1296 3740 ζ

225 3784 312 3836 ¹Cmn.
328 3807 362 3850 11,
377 3786 611 3839 n.—²1bid:3.-
627 3791 710 3837 ’lirid-
733 3819 745 3825 -
766 3787 1205 3852 *Thoenrv,2o.-⁵1ni.1x,2.
1294 3761 1295 3830 i
