2604 4614
199 262 261 339 542
653 287 796 330 euentus

195 435 260 476 nou
276 431 402 476 servans
423 409 501 476 illud
516 410 603 498 quod
623 411 656 476 in
674 411 851 476 Proverbiis
870 423 918 476 est
933 423 1133 501 preceptum
1153 436 1160 476 :
1177 411 1236 478 «ln

196 519 351 585 »domum
373 518 476 584 sratris
497 519 543 584 tui
560 541 601 585 ne
617 519 715 584 intres
731 518 871 584 infelix¹.
892 547 905 580 r
919 520 981 586 Pro
1000 519 1148 607 eoquod
1163 519 1238 607 Sep-
1298 503 1299 510 ἵ

198 629 354 716 tuagintn,
369 627 496 718 infelix,
510 627 706 714 interpretati
719 641 813 703 sunt,
831 626 943 715 Aquila
958 629 1130 694 Hebraeum
1142 629 1240 715 expe-'r
1297 623 1299 658 ³

196 760 285 802 mens
311 737 475 800 veritatem
496 746 610 823 ὰγροικὸς
638 736 752 823 posuit.
780 735 843 815 Qui
870 748 978 801 autem
1002 735 1105 800 habet
1132 733 1238 800 oculos

195 843 371 917 colombae,
391 844 476 908 videt
490 855 603 918 recta,
623 855 656 907 et
676 843 925 909 misericordiam
947 857 1167 931 promeretur.
1190 841 1240 907 ti-

196 951 273 1015 deus
284 949 401 1037 quippe
421 959 507 1012 recte
520 947 769 1012 misericordiam
787 961 1009 1036 consequetur.
1034 949 1163 1023 Porro,
1178 948 1238 1035 quis

195 1058 281 1123 videt
292 1068 378 1122 recta
390 1056 449 1120 nisi
461 1055 514 1144 qui
531 1066 619 1120 casto
636 1067 807 1143 conspectu
820 1066 852 1120 et
864 1056 953 1144 puris
963 1055 1114 1122 intuetur
1127 1053 1239 1120 oculis?

197 1164 268 1232 Noli
285 1166 380 1254 igitur
394 1163 472 1229 mihi
486 1163 525 1230 de
537 1165 585 1230 his
601 1175 725 1228 tantum
742 1165 844 1230 cernis
861 1165 963 1229 oculis
978 1163 1164 1252 intelligere
1180 1187 1238 1251 qun

197 1275 281 1339 dicta
296 1285 387 1349 sunt,
403 1271 479 1338 licet
494 1285 526 1337 et
538 1271 578 1336 de
592 1271 641 1336 his
653 1270 841 1338 intellexisse
853 1295 918 1338 non
930 1270 1048 1338 inutile
1060 1273 1125 1336 sit:
1137 1272 1191 1336 sed
1201 1273 1237 1338 in·

196 1379 342 1467 grediens
358 1379 398 1442 sid
414 1377 562 1442 interiora
576 1377 681 1442 cordis
701 1377 768 1452 tui,
782 1389 814 1442 et
829 1376 905 1443 alios
922 1375 1037 1444 oculos
1053 1390 1167 1444 mente
1181 1401 1237 1465 per

196 1487 343 1576 quirens,
360 1486 458 1572 quiet
474 1510 490 1550 a
511 1485 570 1550 Dei
586 1485 736 1550 mandato
751 1483 973 1550 illuminantur
988 1535 996 1558 ‚
1009 1512 1023 1545 ι
1036 1486 1234 1561 mundatum,

199 1592 323 1680 »quippe
337 1593 393 1659 Dei
410 1590 589 1657 illuminans
602 1590 729 1658 oculos²
741 1642 750 1668 ,
762 1590 861 1656 »illud
876 1592 1020 1666 enitere,
1035 1589 1167 1668 labora,
1176 1617 1235 1658 con

197 1703 310 1778 tende,
324 1713 476 1768 utsnncte
488 1699 643 1788 intelligas
656 1700 799 1764 universa
812 1699 882 1786 quae
893 1700 979 1766 dictn
991 1699 1231 1776 suut‚etsiuilis

198 1810 321 1900 spiritui
330 1810 359 1874 ei
373 1812 426 1896 qui
439 1809 471 1874 in
480 1807 756 1896 speciedesccndit
768 1805 924 1872 columbae
933 1857 943 1883 ,
952 1807 1072 1873 nudius
1081 1811 1151 1895 quia
1161 1807 1227 1874 oculi

197 1919 246 1984 tui
262 1916 433 1984 columbae.
449 1917 483 1984 Si
492 1914 644 2004 intelligis
660 1917 777 2002 Legem
796 1913 1019 2002 spiritualiter,
1034 1916 1121 1982 oculi
1131 1918 1217 1980 tuine

200 2025 410 2092 lumbaesunt.
420 2027 452 2092 Si
461 2023 607 2112 intelligis
619 2022 825 2111 Evangelium
838 2036 912 2088 utse
922 2022 990 2088 vult
1000 2023 1216 2112 intelligiEran·

198 2134 317 2224 gelium
334 2147 366 2199 et
382 2133 567 2222 praedicari,
581 2131 667 2196 vides
680 2131 789 2196 lesum
807 2153 934 2196 omnem
951 2130 1221 2220 languoremetin-

199 2243 382 2310 firmitatem
396 2265 459 2306 uon
475 2238 579 2306 solum
591 2263 631 2305 eo
644 2250 786 2326 tempore
798 2262 860 2327 quo
873 2237 1049 2304 carnaliter
1060 2241 1145 2305 sacta
1155 2249 1226 2312 sur,

199 2353 294 2418 fuisse
311 2351 504 2418 medicatum
521 2399 529 2424 ,
547 2349 602 2414 sed
621 2348 778 2435 hodieque
793 2348 1031 2413 medicantem:
1047 2361 1081 2414 et
1099 2373 1163 2414 non
1177 2361 1235 2414 tan·

200 2473 268 2526 tutu
280 2471 356 2524 tunc
366 2457 557 2524 odhomines
566 2455 780 2527 descendisse
796 2453 852 2520 sed
863 2455 1027 2543 hodieque
1035 2457 1236 2531 descendere,

197 2580 231 2634 et
256 2576 541 2654 esse-praesentem.
571 2564 688 2628 «Ecce
711 2563 809 2638 enim,
833 2562 956 2649 inquit,
982 2564 1155 2630 vobiscum
1178 2587 1240 2630 sunu

203 2677 372 2744 »omnibus
389 2677 500 2742 diebus
521 2697 619 2762 usque
632 2674 995 2742 adconsummatio'uem
1016 2676 1129 2741 saeculi
1144 2677 1168 2742 ¹.
1187 2705 1199 2735 s

254 2784 371 2852 «Oculi
390 2785 435 2848 tui
450 2781 607 2850 columbe
619 2794 702 2847 sunt.
725 2785 808 2848 Ecce
826 2782 966 2869 speciose
987 2785 1140 2870 proxima
1159 2807 1242 2858 mea,

202 2918 299 2960 »eece
315 2894 473 2981 specioso,
490 2890 575 2956 oculi
586 2890 633 2953 tui
650 2888 838 2954 columbae‘.
855 2919 867 2949 ι
883 2890 946 2956 Has
959 2890 999 2954 de
1018 2916 1055 2956 se
1066 2916 1184 2980 sponsa
1195 2917 1246 2958 au·

201 3003 290 3069 dicos
309 3000 418 3068 laudes
434 3022 548 3089 sponso
571 2999 671 3063 ricem
687 2997 719 3062 iu
734 2995 881 3063 laudibus
900 2998 1037 3073 tribuit,
1055 3024 1124 3066 non
1144 3000 1246 3088 quoei

201 3111 287 3199 quod
299 3133 363 3174 nou
382 3109 478 3174 habet
494 3131 550 3172 suo
566 3105 725 3193 praeconio
737 3104 906 3194 largietur,
919 3105 976 3170 sed
992 3106 1178 3198 intelligens
1193 3109 1247 3174 de-

202 3241 309 3284 corem
322 3219 395 3306 ejus
411 3229 507 3305 atque
522 3214 719 3301 conspiciens
731 3214 773 3278 ait
788 3238 796 3278 ε
813 3215 922 3280 «Ecce
939 3237 1080 3302 sponsus
1098 3215 1247 3282 fratruelis

205 3349 314 3390 »meus
326 3325 474 3412 equidem
490 3321 641 3411 pulcher,
654 3319 755 3386 lectus
767 3333 874 3386 noster
891 3325 1067 3388 umbrosus
1078 3323 1102 3389 ⁵.
1116 3325 1251 3405 »Quaero

203 3434 323 3500 lectum
336 3435 367 3498 in
381 3456 444 3519 quo
460 3451 592 3520 sponsus
604 3452 678 3494 cum
690 3452 804 3516 sponse
817 3429 1011 3516 requiescot;
1031 3443 1087 3505 et,
1106 3433 1140 3496 ni
1151 3431 1251 3502 inllor.

202 3566 320 3631 corpus
331 3539 509 3606 humanum
527 3550 575 3604 est
593 3561 600 3601 :
615 3536 771 3624 siquidem
787 3535 839 3602 ille
856 3538 889 3602 in
904 3537 1083 3625 Evangelio
1100 3539 1255 3628 paralyti-

203 3675 261 3718 cus
276 3649 330 3736 qui
345 3648 470 3736 iacebat
486 3643 634 3720 inlecto,
650 3656 682 3708 et
697 3645 784 3710 obire
799 3645 831 3708 iu
844 3643 976 3710 domum
993 3669 1110 3722 suom,
1129 3647 1255 3714 sublato

240 3811 332 3859 'Pron
344 3825 418 3857 xxvu
428 3845 435 3868 ‚
447 3823 486 3856 to.
502 3819 507 3828 ·
536 3801 631 3854 'natm
650 3823 708 3868 xxx,
721 3807 744 3855 8.
758 3833 787 3843 -
799 3799 904 3854 ²ldrtth¹
917 3823 1013 3864 xxvrrr,
1025 3821 1068 3858 oo.
1080 3837 1116 3846 -
1127 3805 1139 3836 ⁴
1151 3811 1227 3857 (aar.
1237 3825 1257 3866 ι,

208 3897 390 3958 rr..--‘1bid.
408 3900 453 3954 ιδ,
471 3900 509 3947 ι5.
