2644 4612
230 265 296 348 494
341 273 347 287 “
680 279 821 324 oniensis

231 425 319 482 nius,
339 415 371 466 et
386 401 539 467 docemur
554 423 682 466 omnem
698 400 842 466 ordinem
859 403 1052 494 rationemque
1064 410 1197 482 charitatis.

285 508 504 574 «Confirmuto
519 509 612 574 mein
629 509 818 597 unguentis,
834 509 999 596 stipateme
1013 515 1137 593 inmotis,
1148 526 1201 606 quis

234 615 424 682 »vulneratae
434 615 663 705 charitatisssego
675 639 745 682 sum
754 616 776 683 ¹.
789 617 847 680 »in
855 639 953 705 graeco
963 621 1074 706 quidem
1084 624 1198 693 babetur:

236 726 422 812 confirmate
431 747 477 789 me
494 725 524 788 in
535 725 688 812 trryrrbim
702 723 847 812 myrrbin
858 747 953 812 genus
963 729 1100 813 quoddam
1113 734 1201 798 arboris

232 836 416 910 nominans,
434 833 520 919 quod
530 833 633 899 Latini
648 844 795 920 putentes
810 833 937 919 myrrho
952 833 1200 926 dictumunquentn

232 941 429 1030 interpretati
441 951 525 1006 sunt.
543 941 644 1029 Igitur
654 940 733 1004 ordo
744 943 899 1006 sermonis
914 941 1078 1029 hujusmodi
1088 959 1125 1008 est
1138 971 1144 1009 :
1158 971 1203 1034 poe

233 1061 283 1114 ten
298 1071 393 1135 quam
415 1071 526 1136 sponsa
547 1059 580 1112 et
596 1050 690 1114 verbo
711 1071 749 1112 ex
773 1070 828 1112 ore
846 1047 940 1136 ipsius
957 1051 1053 1136 sponsi
1072 1051 1203 1129 audivitet
1269 1083 1270 1096 ι

234 1155 417 1222 cubiculum
430 1156 511 1244 regis
523 1155 661 1244 ingressa
673 1167 721 1220 est
733 1205 742 1230 ‚
754 1167 787 1220 et
800 1156 931 1221 domum
943 1156 1003 1222 viui
1013 1154 1201 1246 locumquecon·
1269 1197 1270 1218 ι

233 1265 305 1330 vivii
322 1287 358 1330 uc
383 1263 562 1352 supientiae,
586 1275 618 1327 et
635 1264 668 1327 in
686 1284 725 1328 eo
747 1263 890 1330 victimas
910 1276 941 1328 et
959 1276 1098 1329 craterem
1113 1268 1200 1334 ninnu

233 1372 436 1446 sacramentis
452 1372 520 1459 ejus
537 1371 673 1458 aspexit,
691 1372 779 1458 quusi
796 1371 828 1435 in
844 1371 958 1436 borum
973 1373 1098 1437 omnium
1110 1375 1200 1439 eduin·

234 1480 320 1546 tione
337 1491 487 1567 stupens,
504 1489 537 1543 et
553 1479 659 1543 sanein
670 1475 810 1567 postulat
825 1480 865 1542 ab
881 1477 954 1566 ipsis
970 1478 1141 1544 nibilominus
1152 1483 1198 1545 rni-

233 1589 279 1656 cis
295 1599 327 1652 et
348 1585 508 1652 sodalibus
527 1585 633 1674 sponsi
655 1597 691 1649 ut
713 1585 935 1662 confirmetur,
955 1597 987 1650 et
1011 1588 1090 1673 quusi
1103 1587 1194 1653 deiciens

235 1707 442 1770 sustentetur,
466 1695 652 1760 incumbens
674 1691 805 1780 paulum
827 1715 923 1782 super
946 1696 1083 1760 arborem
1099 1693 1194 1784 pqtp'oni

233 1802 372 1868 melium.
395 1802 520 1868 Amoris
540 1802 626 1866 enim
649 1801 780 1866 vnlnere
802 1823 952 1888 percussu
974 1801 1189 1874 arborunoiati,

236 1908 460 1998 sylvarumque
476 1921 625 1975 sectatur.
641 1911 714 1975 Haec
730 1909 908 1974 secundum
928 1909 1072 1976 litteram.
1084 1907 1186 1976 stiunt

236 2030 271 2082 ut
295 2017 406 2104 exequi
428 2017 584 2105 possimus
611 2015 851 2106 intelligentiam
876 2017 1071 2106 spiritalem,
1090 2017 1190 2104 iudpnu

240 2121 287 2190 illu
303 2125 402 2212 gretia
417 2145 511 2210 quem
527 2127 678 2211 consequi
695 2149 712 2189 a
728 2126 796 2191 Deo
811 2125 931 2190 meruit
947 2127 1013 2214 ipse
1032 2121 1195 2206 Submemmi

237 2233 379 2296 omnium
396 2255 466 2319 quoe
481 2244 555 2296 sunt
570 2231 713 2298 radicum
734 2245 767 2298 et
783 2235 936 2298 arborum
949 2245 982 2298 et
999 2233 1201 2322 virgultonmn

236 2351 322 2405 tures
341 2339 468 2414 didicit,
486 2352 520 2404 ut
536 2342 691 2409 sciremus
703 2353 808 2406 etune
824 2363 895 2428 quae
912 2343 976 2417 vis,
990 2356 1022 2407 et
1033 2333 1207 2428 quaeurtunsit

235 2447 356 2512 arboris
373 2446 528 2534 myrrhre,
546 2470 609 2535 quo
630 2459 850 2536 competenter
868 2471 909 2512 ex
927 2449 991 2515 huc
1013 2447 1136 2538 spiritatis
1150 2442 1210 2531 rptni

234 2555 332 2642 possit
357 2555 523 2642 expositio.
549 2556 617 2620 Hoc
640 2568 688 2619 ost
703 2568 810 2621 nutem
827 2556 916 2642 quod
937 2555 1039 2622 solum
1053 2547 1212 2644 pervenirent

235 2684 292 2727 nos
311 2662 352 2726 de
367 2659 463 2748 hujus
486 2662 608 2728 arboris
632 2663 743 2728 notitia
763 2664 888 2750 potuit,
918 2665 993 2751 quin
1021 2664 1133 2729 odorem
1149 2656 1215 2722 solun

235 2770 353 2837 hebeat
369 2791 514 2846 suavem,
533 2768 657 2836 nulium
674 2783 781 2836 tamen
800 2771 912 2837 offeret
929 2772 1076 2838 fructum.
1090 2766 1217 2834 bieiiuven

241 2882 336 2946 arbor
355 2892 465 2944 uotum
482 2880 607 2946 cunctis
626 2891 693 2953 est,
712 2881 799 2968 quod
818 2903 881 2946 non
900 2881 1005 2947 seium
1020 2882 1092 2946 ferat
1106 2877 1218 2943 fructum,
1269 2921 1270 2950 ;

240 2989 296 3053 sed
311 3000 342 3052 et
358 2986 574 3053 dulcissimum
590 3000 623 3052 ot
638 2989 857 3054 suavissimum
873 2989 967 3056 feret.
981 2989 1094 3054 Omnes
1106 2981 1221 3074 igiturb·
1269 3035 1270 3040 ,

239 3097 340 3163 mines
352 3099 480 3162 arbores
492 3096 643 3162 dicuntur
653 3096 717 3162 sive
728 3099 837 3173 boote,
850 3098 916 3163 sive
928 3096 1037 3173 maiae,
1050 3096 1221 3190 etiructuose

239 3204 304 3270 sive
319 3204 540 3281 infructuose,
554 3209 637 3272 sicut
651 3217 683 3269 et
695 3204 850 3270 Dominus
862 3206 895 3270 in
904 3205 1071 3296 Evangelio
1082 3203 1161 3268 dicit:
1171 3198 1224 3263 siut

241 3313 356 3378 »incito
370 3313 515 3379 arborem
528 3314 645 3378 bonam
655 3362 665 3389 ‚
677 3324 709 3378 et
720 3311 860 3380 fructum
874 3314 945 3401 ejus
957 3314 1074 3379 bonum
1088 3335 1095 3374 :
1109 3319 1153 3374 aut
1163 3303 1224 3370 incito

239 3421 409 3486 »arborem
424 3420 555 3497 malam,
577 3433 609 3486 et
623 3420 763 3486 fructum
779 3423 848 3508 ejus
863 3419 985 3486 malum
995 3421 1017 3485 ².
1038 3421 1093 3484 ‚Et
1103 3445 1131 3491 ,ι
1146 3411 1225 3480 Omnis

243 3533 358 3595 »arbor
372 3552 441 3616 qnae
457 3552 521 3592 non
540 3527 613 3594 fucit
625 3527 764 3594 fructum
782 3529 921 3602 bonum.
938 3528 1109 3600 excidetur,
1126 3533 1152 3588 et
1164 3517 1228 3605 inig-

181 3715 195 3728 ἵ,
242 3659 336 3702 »nem
360 3636 503 3702 mittetur
516 3636 568 3720 ³.)
584 3637 662 3702 Tres
683 3659 758 3726 ergo
781 3635 967 3702 differentiae
986 3637 1018 3701 in
1034 3625 1229 3700 hominibusi-

188 3731 190 3735 ⁵
240 3741 356 3809 dentur
368 3763 445 3808 esse.
466 3741 605 3821 Quidum
621 3742 675 3828 qui
688 3741 817 3809 omnino
829 3739 954 3818 nulium
971 3741 1106 3808 sunctum
1116 3734 1231 3806 afferunt,

278 3881 362 3933 ternu.
373 3900 407 3940 ιι,
426 3880 440 3934 5
464 3911 491 3917 --
501 3881 511 3916 ²
521 3881 611 3934 Manu.
622 3900 675 3947 ιιι,
689 3881 731 3934 33.
746 3909 766 3917 -
786 3880 845 3934 ⁵111.
856 3899 901 3942 ιιι,
919 3899 958 3932 ιο.
