2644 4612
249 241 312 322 47²
700 259 840 302 careatus

249 382 299 471 pri
315 383 478 458 nominat,
495 395 529 448 ut
544 401 601 470 per
616 406 670 448 eos
688 383 805 471 gradus
819 382 959 470 quosdam
972 385 1104 472 proiectus
1118 389 1195 456 dooeu

252 489 425 556 charitatis.
444 490 508 558 Sed
521 491 684 557 videamus
707 492 771 579 jam
788 491 863 579 quid
885 490 1011 580 spiritalis
1027 493 1120 560 habeat
1135 498 1196 564 intel·

252 598 364 666 lectus.
384 599 547 688 Siquidem
562 600 615 666 hic
630 601 683 689 qui
700 599 874 689 appellatur
889 601 991 666 Botrus
1010 603 1044 666 ad
1054 602 1159 668 fructum
1169 607 1197 670 ri-

252 705 293 770 tis
308 703 490 770 referendus
501 717 549 770 est
562 729 571 770 a
588 703 731 772 Verbum
743 705 800 770 Dei
818 705 979 794 accipimus
991 705 1060 771 sicut
1071 709 1198 795 sapientiae

253 825 286 878 et
300 813 468 889 virtutem,
484 824 516 878 et
530 813 713 880 thesaurum
728 813 886 888 scientiae,
902 811 1012 901 aliaque
1031 813 1125 888 multa,
1139 815 1200 880 itaet

254 920 351 988 vitem
366 943 472 996 veram
488 919 562 987 dici.
581 921 671 988 Sicut
685 943 761 1010 ergo
785 922 832 986 his
848 921 958 1008 quibus
971 920 1085 986 efficitur
1102 923 1201 1009 sapientia

255 1040 288 1094 et
302 1029 449 1105 scientia,
466 1053 530 1098 uon
546 1029 586 1096 ad
600 1029 758 1105 subitum,
773 1029 830 1094 sed
845 1052 902 1118 per
911 1028 1054 1118 profectus
1064 1029 1202 1117 quosdenat

256 1136 387 1226 gradus,
398 1160 457 1226 pro
471 1138 581 1203 studiis
596 1150 630 1202 et
642 1137 818 1204 intentione
830 1160 868 1204 ac
880 1137 942 1204 lide
951 1159 1051 1204 eorum
1059 1138 1102 1224 qui
1110 1139 1130 1202 ei
1142 1134 1201 1202 aelii

257 1245 427 1334 sapientia,
443 1244 491 1311 vel
507 1246 539 1312 in
555 1246 704 1322 scicntia,
722 1245 771 1313 vel
787 1246 820 1310 in
835 1246 949 1312 virtuto
963 1244 1166 1334 participiantur,
1176 1267 1202 1310 a·

257 1353 378 1441 pientes
393 1376 446 1419 eos
461 1365 494 1420 et
508 1354 641 1422 scientes
656 1353 760 1421 reddit
779 1355 977 1444 vigentesque
990 1353 1139 1417 virtutibus:
1149 1353 1200 1416 itaet
1250 1411 1251 1416 ,

258 1462 291 1529 ἰιι
311 1462 426 1550 quibus
443 1461 513 1528 vitis
528 1485 602 1527 vera
617 1461 772 1538 officitur,
789 1485 854 1528 uon
868 1462 914 1528 eis
931 1461 971 1526 ad
984 1461 1102 1525 subitum
1118 1471 1198 1524 neturus

258 1569 367 1638 botros
381 1569 528 1659 producit
543 1578 576 1633 et
590 1567 716 1646 dulces,
736 1593 796 1635 nec
817 1580 949 1659 repente
965 1569 1009 1634 eis
1026 1567 1198 1633 efficiurtiom

260 1700 354 1748 suave
379 1688 412 1743 et
437 1675 598 1744 letificans
620 1699 676 1744 cor
702 1676 860 1754 hominis,
885 1677 940 1743 sed
960 1677 1057 1766 primo
1073 1673 1195 1764 produdtaia

261 1785 447 1854 suavitatem
462 1785 683 1852 tantummodo
702 1785 807 1851 odoris
826 1785 859 1851 in
881 1785 1003 1850 florem.
1026 1777 1190 1850 Botrusliclo

259 1917 332 1960 oens
346 1915 413 1958 osse
432 1905 626 1960 memoretur
641 1894 674 1962 in
690 1893 787 1960 vineis
806 1893 968 1982 Engaddi,
990 1905 1024 1957 ut
1038 1887 1186 1980 grauiter

262 2001 313 2070 tire
342 2002 438 2091 ipsius
461 2001 649 2072 immittatur
670 2003 703 2067 in
729 2001 825 2067 initiis
846 2002 976 2077 animae,
1001 2012 1035 2066 ut
1056 1990 1192 2087 putatu

262 2110 360 2199 possit
367 2109 571 2176 acerbitatem
583 2108 824 2175 tribulationum
834 2121 868 2175 et
883 2109 1097 2180 tentationum,
1105 2119 1200 2189 queput

262 2230 312 2285 ter
326 2217 458 2284 verbum
472 2217 530 2284 Dei
547 2217 748 2284 credentibus
762 2216 959 2282 excitantur:
977 2215 1059 2281 etita
1074 2211 1203 2278 trouu

263 2323 399 2394 turitatis
414 2323 483 2410 ojus
499 2321 699 2390 dulcedinem
715 2323 853 2411 praebet,
869 2321 1058 2410 usquedum
1069 2315 1211 2407 pertrutu

264 2432 306 2500 ad
322 2428 489 2504 torcularia
503 2431 556 2496 ubi
568 2429 742 2496 effunditur
756 2432 881 2520 sanguis
898 2455 967 2496 urse
978 2482 986 2508 ,
999 2429 1106 2519 sanguis
1117 2420 1217 2490 rosilo

264 2540 396 2611 tumenti
411 2539 464 2628 qui
479 2539 606 2608 bibatur
620 2538 654 2606 in
668 2540 720 2606 die
737 2540 816 2604 sesto
831 2540 865 2606 in
879 2540 1099 2630 superioribus,
1119 2530 1158 2596 uli
1171 2537 1219 2592 stra·

264 2659 334 2716 tum
348 2670 498 2736 magnum
512 2659 658 2736 paratum
671 2659 729 2714 est.
755 2648 810 2716 Sic
824 2671 900 2738 ergo
915 2671 975 2737 per
992 2643 1108 2736 singulos
1126 2641 1167 2704 hos
1180 2655 1223 2722 pru

187 2772 192 2783 “
266 2755 367 2822 fectus
379 2757 534 2844 graduum
546 2755 695 2823 incedere
709 2767 834 2845 oportet
845 2778 918 2832 eos,
932 2757 987 2843 qui
998 2778 1051 2844 per
1060 2754 1226 2817 cacumentuu

266 2864 351 2940 vitis,
369 2876 401 2935 et
416 2866 544 2931 botrum
560 2866 650 2952 cypri
665 2863 796 2939 initiati,
820 2865 860 2930 ad
881 2864 1098 2952 perlectionem
1115 2857 1227 2921 fcrmtu.

268 2985 300 3039 et
315 2970 445 3045 culicem
460 2972 532 3040 novi
547 2972 739 3039 Testamenti
757 2973 795 3036 alt
811 2970 886 3037 lesu
902 2983 1078 3060 susceptum
1091 2965 1177 3032 bibere
1184 2978 1230 3023 cor

269 3079 413 3152 tendunt.
435 3080 530 3161 Quod
545 3080 569 3144 ei
587 3103 703 3169 cyprus
718 3079 765 3144 sui
777 3080 898 3169 generis
913 3081 1008 3146 orbor
1019 3070 1231 3164 accipiendum,

269 3187 360 3274 cujus
382 3187 501 3258 fructus
524 3188 618 3254 etiam
640 3187 699 3252 ilos
725 3210 789 3254 non
813 3199 937 3254 tantum
964 3187 1064 3253 odoris
1084 3180 1234 3246 suricum

270 3304 423 3380 quantum
438 3307 470 3364 et
486 3296 550 3362 vini
565 3295 769 3363 calefaciendi
784 3319 821 3361 ac
840 3295 967 3361 fovendi
987 3295 1094 3360 dicitur
1106 3283 1235 3378 possideo:

270 3398 321 3466 illa
333 3401 400 3467 sine
408 3402 504 3476 (lubio
512 3405 773 3493 accipitursponsi
781 3404 878 3470 virtus
888 3454 896 3480 ,
907 3428 969 3491 qua
981 3400 1156 3469 incalescunt
1166 3391 1239 3458 aniam

269 3531 343 3597 orgo
368 3509 464 3580 fidum
486 3514 554 3599 ejus
575 3525 608 3578 et
629 3513 833 3588 charitatem,
858 3537 927 3602 quea
950 3509 1139 3599 contingebat
1154 3523 1196 3568 eos
1209 3493 1241 3584 qul

271 3617 436 3684 dicebant:
455 3621 590 3687 «Nonne
604 3645 660 3686 ccr
675 3634 817 3688 nostrum
830 3633 898 3686 erat
913 3621 1025 3688 ardens
1036 3621 1241 3684 intraremus

271 3724 469 3815 »adaperiet
484 3729 574 3798 uobis
589 3729 782 3818 Scripturas'
794 3731 829 3794 t»
851 3728 907 3796 Vel
925 3741 1009 3796 certe
1026 3724 1161 3814 quoniam
1176 3717 1205 3782 do
1216 3709 1242 3776 ti·

307 3875 385 3926 lLuo.
399 3893 471 3938 xxiv,
490 3876 531 3936 31.
