<?xml version="1.0" encoding="UTF-8"?>
<!DOCTYPE html PUBLIC "-//W3C//DTD XHTML 1.0 Transitional//EN"
    "http://www.w3.org/TR/xhtml1/DTD/xhtml1-transitional.dtd">
<html xmlns="http://www.w3.org/1999/xhtml" xml:lang="en" lang="en">
 <head>
  <title>
</title>
<meta http-equiv="Content-Type" content="text/html;charset=utf-8" />
  <meta name='ocr-system' content='tesseract 3.04.00' />
  <meta name='ocr-capabilities' content='ocr_page ocr_carea ocr_par ocr_line ocrx_word'/>
</head>
<body>
  <div class='ocr_page' id='page_1' title='image "./collectioselect01guilgoog_0913.png"; bbox 0 0 2604 4614; ppageno 0'>
   <div class='ocr_carea' id='block_1_1' title="bbox 301 263 1110 342">
    <p class='ocr_par' dir='ltr' id='par_1_1' title="bbox 301 263 1110 342">
     <span class='ocr_line' id='line_1_1' title="bbox 301 263 1110 342; baseline -0.006 -11"><span class='ocrx_word' id='word_1_1' title='bbox 301 291 331 332; x_wconf 80' lang='lat' dir='ltr'><strong>ra</strong></span> <span class='ocrx_word' id='word_1_2' title='bbox 358 291 519 334; x_wconf 77' lang='lat' dir='ltr'><strong>cinrroru</strong></span> <span class='ocrx_word' id='word_1_3' title='bbox 543 289 746 334; x_wconf 78' lang='lat' dir='ltr'><strong>oanrrooauu</strong></span> <span class='ocrx_word' id='word_1_4' title='bbox 768 290 841 334; x_wconf 84' lang='lat' dir='ltr'><strong>nou.</strong></span> <span class='ocrx_word' id='word_1_5' title='bbox 869 288 903 332; x_wconf 86' lang='lat' dir='ltr'><strong>tt.</strong></span> <span class='ocrx_word' id='word_1_6' title='bbox 1050 263 1110 342; x_wconf 67' lang='lat'><strong>541</strong></span> 
     </span>
    </p>
   </div>
   <div class='ocr_carea' id='block_1_2' title="bbox 1 411 1167 3844">
    <p class='ocr_par' dir='ltr' id='par_1_2' title="bbox 1 411 1117 1694">
     <span class='ocr_line' id='line_1_2' title="bbox 19 411 1117 489; baseline 0 -13"><span class='ocrx_word' id='word_1_7' title='bbox 19 459 24 468; x_wconf 84' lang='grc'><strong>-</strong></span> <span class='ocrx_word' id='word_1_8' title='bbox 72 414 198 479; x_wconf 86' lang='lat' dir='ltr'><strong>tatione</strong></span> <span class='ocrx_word' id='word_1_9' title='bbox 207 435 371 478; x_wconf 76' lang='lat' dir='ltr'><strong>moramur</strong></span> <span class='ocrx_word' id='word_1_10' title='bbox 383 415 414 477; x_wconf 93' lang='lat' dir='ltr'><strong>in</strong></span> <span class='ocrx_word' id='word_1_11' title='bbox 422 414 485 480; x_wconf 85' lang='lat' dir='ltr'><strong>hoe</strong></span> <span class='ocrx_word' id='word_1_12' title='bbox 494 415 633 489; x_wconf 87' lang='lat' dir='ltr'><strong>mundo,</strong></span> <span class='ocrx_word' id='word_1_13' title='bbox 646 426 678 478; x_wconf 91' lang='lat' dir='ltr'><strong>et</strong></span> <span class='ocrx_word' id='word_1_14' title='bbox 688 443 699 472; x_wconf 77' lang='lat' dir='ltr'><strong>a</strong></span> <span class='ocrx_word' id='word_1_15' title='bbox 708 411 840 479; x_wconf 87' lang='lat' dir='ltr'><strong>tentatio</strong></span> <span class='ocrx_word' id='word_1_16' title='bbox 849 425 896 478; x_wconf 89' lang='lat' dir='ltr'><strong>est</strong></span> <span class='ocrx_word' id='word_1_17' title='bbox 908 414 968 477; x_wconf 85' lang='lat' dir='ltr'><strong>vita</strong></span> <span class='ocrx_word' id='word_1_18' title='bbox 977 411 1117 477; x_wconf 81' lang='lat' dir='ltr'><strong>humane</strong></span> 
     </span>
     <span class='ocr_line' id='line_1_3' title="bbox 74 520 1116 610; baseline 0.003 -29"><span class='ocrx_word' id='word_1_19' title='bbox 74 545 196 610; x_wconf 76' lang='lat' dir='ltr'><strong>»super</strong></span> <span class='ocrx_word' id='word_1_20' title='bbox 207 534 322 588; x_wconf 86' lang='lat' dir='ltr'><strong>terram</strong></span> <span class='ocrx_word' id='word_1_21' title='bbox 333 522 355 586; x_wconf 82' lang='lat'><strong>¹.</strong></span> <span class='ocrx_word' id='word_1_22' title='bbox 372 523 480 587; x_wconf 76' lang='lat' dir='ltr'><strong>»Dum</strong></span> <span class='ocrx_word' id='word_1_23' title='bbox 493 523 525 587; x_wconf 88' lang='lat' dir='ltr'><strong>iu</strong></span> <span class='ocrx_word' id='word_1_24' title='bbox 541 524 602 588; x_wconf 87' lang='lat' dir='ltr'><strong>hac</strong></span> <span class='ocrx_word' id='word_1_25' title='bbox 619 520 690 587; x_wconf 90' lang='lat' dir='ltr'><strong>luce</strong></span> <span class='ocrx_word' id='word_1_26' title='bbox 709 545 880 596; x_wconf 76' lang='lat' dir='ltr'><strong>versamur,</strong></span> <span class='ocrx_word' id='word_1_27' title='bbox 900 522 932 586; x_wconf 92' lang='lat' dir='ltr'><strong>in</strong></span> <span class='ocrx_word' id='word_1_28' title='bbox 948 520 1045 586; x_wconf 85' lang='lat' dir='ltr'><strong>vineis</strong></span> <span class='ocrx_word' id='word_1_29' title='bbox 1061 543 1116 584; x_wconf 89' lang='lat' dir='ltr'><strong>su-</strong></span> 
     </span>
     <span class='ocr_line' id='line_1_4' title="bbox 80 628 1116 718; baseline -0.002 -24"><span class='ocrx_word' id='word_1_30' title='bbox 80 651 154 695; x_wconf 88' lang='lat' dir='ltr'><strong>mus</strong></span> <span class='ocrx_word' id='word_1_31' title='bbox 165 629 317 718; x_wconf 85' lang='lat' dir='ltr'><strong>Engaddi.</strong></span> <span class='ocrx_word' id='word_1_32' title='bbox 334 629 366 695; x_wconf 87' lang='lat' dir='ltr'><strong>si</strong></span> <span class='ocrx_word' id='word_1_33' title='bbox 383 641 488 696; x_wconf 88' lang='lat' dir='ltr'><strong>autem</strong></span> <span class='ocrx_word' id='word_1_34' title='bbox 501 632 711 696; x_wconf 85' lang='lat' dir='ltr'><strong>meruerimus</strong></span> <span class='ocrx_word' id='word_1_35' title='bbox 725 642 833 718; x_wconf 86' lang='lat' dir='ltr'><strong>postea</strong></span> <span class='ocrx_word' id='word_1_36' title='bbox 847 628 1085 718; x_wconf 86' lang='lat' dir='ltr'><strong>transplantari,</strong></span> <span class='ocrx_word' id='word_1_37' title='bbox 1098 653 1116 692; x_wconf 90' lang='lat' dir='ltr'><strong>a</strong></span> 
     </span>
     <span class='ocr_line' id='line_1_5' title="bbox 77 735 1116 826; baseline -0.002 -24"><span class='ocrx_word' id='word_1_38' title='bbox 77 750 188 802; x_wconf 85' lang='lat' dir='ltr'><strong>nostro</strong></span> <span class='ocrx_word' id='word_1_39' title='bbox 208 735 346 826; x_wconf 83' lang='lat' dir='ltr'><strong>agricola</strong></span> <span class='ocrx_word' id='word_1_40' title='bbox 366 739 602 804; x_wconf 76' lang='lat' dir='ltr'><strong>transferemur.</strong></span> <span class='ocrx_word' id='word_1_41' title='bbox 629 739 695 805; x_wconf 88' lang='lat' dir='ltr'><strong>Neo</strong></span> <span class='ocrx_word' id='word_1_42' title='bbox 716 739 841 804; x_wconf 85' lang='lat' dir='ltr'><strong>dubites</strong></span> <span class='ocrx_word' id='word_1_43' title='bbox 863 738 938 825; x_wconf 90' lang='lat' dir='ltr'><strong>quin</strong></span> <span class='ocrx_word' id='word_1_44' title='bbox 959 738 1057 825; x_wconf 83' lang='lat' dir='ltr'><strong>possis</strong></span> <span class='ocrx_word' id='word_1_45' title='bbox 1077 738 1116 800; x_wconf 90' lang='lat' dir='ltr'><strong>de</strong></span> 
     </span>
     <span class='ocr_line' id='line_1_6' title="bbox 1 843 1116 934; baseline -0.004 -23"><span class='ocrx_word' id='word_1_46' title='bbox 1 893 2 898; x_wconf 20' lang='grc' dir='ltr'>η</span> <span class='ocrx_word' id='word_1_47' title='bbox 77 846 222 934; x_wconf 86' lang='lat' dir='ltr'><strong>Engaddi</strong></span> <span class='ocrx_word' id='word_1_48' title='bbox 241 845 338 910; x_wconf 88' lang='lat' dir='ltr'><strong>vineis</strong></span> <span class='ocrx_word' id='word_1_49' title='bbox 352 847 391 910; x_wconf 87' lang='lat' dir='ltr'><strong>ad</strong></span> <span class='ocrx_word' id='word_1_50' title='bbox 413 845 483 912; x_wconf 88' lang='lat' dir='ltr'><strong>loca</strong></span> <span class='ocrx_word' id='word_1_51' title='bbox 504 846 634 912; x_wconf 79' lang='lat' dir='ltr'><strong>meliora</strong></span> <span class='ocrx_word' id='word_1_52' title='bbox 650 845 822 912; x_wconf 74' lang='lat' dir='ltr'><strong>transferri.</strong></span> <span class='ocrx_word' id='word_1_53' title='bbox 848 843 993 934; x_wconf 81' lang='lat' dir='ltr'><strong>Agricola</strong></span> <span class='ocrx_word' id='word_1_54' title='bbox 1010 856 1116 909; x_wconf 90' lang='lat' dir='ltr'><strong>noster</strong></span> 
     </span>
     <span class='ocr_line' id='line_1_7' title="bbox 1 950 1110 1040; baseline -0.001 -23"><span class='ocrx_word' id='word_1_55' title='bbox 1 975 2 1006; x_wconf 57' lang='lat' dir='ltr'><strong>t</strong></span> <span class='ocrx_word' id='word_1_56' title='bbox 76 955 115 1018; x_wconf 86' lang='lat' dir='ltr'><strong>nd</strong></span> <span class='ocrx_word' id='word_1_57' title='bbox 137 953 385 1020; x_wconf 73' lang='lat' dir='ltr'><strong>transferendam</strong></span> <span class='ocrx_word' id='word_1_58' title='bbox 405 956 528 1020; x_wconf 82' lang='lat' dir='ltr'><strong>tineam</strong></span> <span class='ocrx_word' id='word_1_59' title='bbox 550 955 660 1021; x_wconf 78' lang='lat' dir='ltr'><strong>crebra</strong></span> <span class='ocrx_word' id='word_1_60' title='bbox 682 954 887 1020; x_wconf 83' lang='lat' dir='ltr'><strong>meditatione</strong></span> <span class='ocrx_word' id='word_1_61' title='bbox 907 954 971 1040; x_wconf 88' lang='lat' dir='ltr'><strong>jam</strong></span> <span class='ocrx_word' id='word_1_62' title='bbox 992 950 1110 1018; x_wconf 81' lang='lat' dir='ltr'><strong>calluit.</strong></span> 
     </span>
     <span class='ocr_line' id='line_1_8' title="bbox 1 1059 1115 1152; baseline -0.004 -24"><span class='ocrx_word' id='word_1_63' title='bbox 1 1081 2 1102; x_wconf 49' lang='lat' dir='ltr'><strong>t</strong></span> <span class='ocrx_word' id='word_1_64' title='bbox 80 1059 236 1128; x_wconf 80' lang='lat' dir='ltr'><strong>«Vineam</strong></span> <span class='ocrx_word' id='word_1_65' title='bbox 256 1061 341 1128; x_wconf 88' lang='lat' dir='ltr'><strong>enim</strong></span> <span class='ocrx_word' id='word_1_66' title='bbox 358 1085 397 1127; x_wconf 84' lang='lat' dir='ltr'><strong>ex</strong></span> <span class='ocrx_word' id='word_1_67' title='bbox 415 1063 551 1152; x_wconf 86' lang='lat' dir='ltr'><strong>AEgypto</strong></span> <span class='ocrx_word' id='word_1_68' title='bbox 573 1062 776 1138; x_wconf 83' lang='lat' dir='ltr'><strong>transtulisti,</strong></span> <span class='ocrx_word' id='word_1_69' title='bbox 799 1062 921 1151; x_wconf 80' lang='lat' dir='ltr'><strong>ejecisti</strong></span> <span class='ocrx_word' id='word_1_70' title='bbox 936 1073 1065 1148; x_wconf 85' lang='lat' dir='ltr'><strong>gentes,</strong></span> <span class='ocrx_word' id='word_1_71' title='bbox 1083 1073 1115 1124; x_wconf 91' lang='lat' dir='ltr'><strong>et</strong></span> 
     </span>
     <span class='ocr_line' id='line_1_9' title="bbox 1 1167 1111 1260; baseline 0.002 -30"><span class='ocrx_word' id='word_1_72' title='bbox 1 1217 2 1224; x_wconf 48' lang='lat'><strong>.</strong></span> <span class='ocrx_word' id='word_1_73' title='bbox 71 1167 243 1258; x_wconf 72' lang='lat' dir='ltr'><strong>»plantasti</strong></span> <span class='ocrx_word' id='word_1_74' title='bbox 255 1194 336 1236; x_wconf 90' lang='lat' dir='ltr'><strong>eam.</strong></span> <span class='ocrx_word' id='word_1_75' title='bbox 352 1171 618 1260; x_wconf 88' lang='lat' dir='ltr'><strong>Operuitmontes</strong></span> <span class='ocrx_word' id='word_1_76' title='bbox 631 1173 743 1237; x_wconf 89' lang='lat' dir='ltr'><strong>umbra</strong></span> <span class='ocrx_word' id='word_1_77' title='bbox 754 1172 842 1258; x_wconf 87' lang='lat' dir='ltr'><strong>ejus,</strong></span> <span class='ocrx_word' id='word_1_78' title='bbox 855 1182 887 1234; x_wconf 92' lang='lat' dir='ltr'><strong>et</strong></span> <span class='ocrx_word' id='word_1_79' title='bbox 903 1170 1030 1236; x_wconf 82' lang='lat' dir='ltr'><strong>arbusta</strong></span> <span class='ocrx_word' id='word_1_80' title='bbox 1041 1171 1111 1256; x_wconf 85' lang='lat' dir='ltr'><strong>ejus</strong></span> 
     </span>
     <span class='ocr_line' id='line_1_10' title="bbox 74 1276 1114 1367; baseline 0.002 -29"><span class='ocrx_word' id='word_1_81' title='bbox 74 1279 211 1344; x_wconf 77' lang='lat' dir='ltr'><strong>»cedros</strong></span> <span class='ocrx_word' id='word_1_82' title='bbox 227 1279 338 1344; x_wconf 89' lang='lat' dir='ltr'><strong>Libani</strong></span> <span class='ocrx_word' id='word_1_83' title='bbox 348 1278 371 1343; x_wconf 87' lang='lat'><strong>².</strong></span> <span class='ocrx_word' id='word_1_84' title='bbox 387 1307 399 1339; x_wconf 76' lang='grc' dir='ltr'><strong><em>ι</em></strong></span> <span class='ocrx_word' id='word_1_85' title='bbox 416 1282 455 1344; x_wconf 78' lang='lat' dir='ltr'><strong>lu</strong></span> <span class='ocrx_word' id='word_1_86' title='bbox 469 1280 536 1344; x_wconf 81' lang='lat' dir='ltr'><strong>lraec</strong></span> <span class='ocrx_word' id='word_1_87' title='bbox 552 1280 680 1367; x_wconf 86' lang='lat' dir='ltr'><strong>quidem</strong></span> <span class='ocrx_word' id='word_1_88' title='bbox 692 1303 761 1366; x_wconf 84' lang='lat' dir='ltr'><strong>quae</strong></span> <span class='ocrx_word' id='word_1_89' title='bbox 776 1278 995 1366; x_wconf 85' lang='lat' dir='ltr'><strong>exposuimus,</strong></span> <span class='ocrx_word' id='word_1_90' title='bbox 1008 1276 1114 1342; x_wconf 88' lang='lat' dir='ltr'><strong>locuta</strong></span> 
     </span>
     <span class='ocr_line' id='line_1_11' title="bbox 77 1370 1114 1476; baseline -0.001 -28"><span class='ocrx_word' id='word_1_91' title='bbox 77 1388 117 1449; x_wconf 82' lang='lat' dir='ltr'><strong>sit</strong></span> <span class='ocrx_word' id='word_1_92' title='bbox 135 1409 244 1474; x_wconf 86' lang='lat' dir='ltr'><strong>sponsa</strong></span> <span class='ocrx_word' id='word_1_93' title='bbox 264 1388 303 1451; x_wconf 92' lang='lat' dir='ltr'><strong>de</strong></span> <span class='ocrx_word' id='word_1_94' title='bbox 325 1411 458 1476; x_wconf 89' lang='lat' dir='ltr'><strong>sponso,</strong></span> <span class='ocrx_word' id='word_1_95' title='bbox 479 1387 658 1476; x_wconf 83' lang='lat' dir='ltr'><strong>significans</strong></span> <span class='ocrx_word' id='word_1_96' title='bbox 682 1409 821 1452; x_wconf 87' lang='lat' dir='ltr'><strong>amorem</strong></span> <span class='ocrx_word' id='word_1_97' title='bbox 846 1370 943 1451; x_wconf 68' lang='lat' dir='ltr'><strong>suum⁸</strong></span> <span class='ocrx_word' id='word_1_98' title='bbox 959 1396 992 1448; x_wconf 91' lang='lat' dir='ltr'><strong>et</strong></span> <span class='ocrx_word' id='word_1_99' title='bbox 1010 1385 1114 1472; x_wconf 83' lang='lat' dir='ltr'><strong>sponsi</strong></span> 
     </span>
     <span class='ocr_line' id='line_1_12' title="bbox 80 1493 1115 1584; baseline -0.003 -24"><span class='ocrx_word' id='word_1_100' title='bbox 80 1496 225 1560; x_wconf 70' lang='lat' dir='ltr'><strong>venientis</strong></span> <span class='ocrx_word' id='word_1_101' title='bbox 239 1495 432 1584; x_wconf 88' lang='lat' dir='ltr'><strong>hospitium,</strong></span> <span class='ocrx_word' id='word_1_102' title='bbox 449 1496 609 1583; x_wconf 91' lang='lat' dir='ltr'><strong>quomodo</strong></span> <span class='ocrx_word' id='word_1_103' title='bbox 627 1497 657 1560; x_wconf 93' lang='lat' dir='ltr'><strong>in</strong></span> <span class='ocrx_word' id='word_1_104' title='bbox 672 1495 777 1560; x_wconf 89' lang='lat' dir='ltr'><strong>medio</strong></span> <span class='ocrx_word' id='word_1_105' title='bbox 789 1497 927 1561; x_wconf 89' lang='lat' dir='ltr'><strong>uberum</strong></span> <span class='ocrx_word' id='word_1_106' title='bbox 939 1505 970 1557; x_wconf 90' lang='lat' dir='ltr'><strong>et</strong></span> <span class='ocrx_word' id='word_1_107' title='bbox 982 1493 1029 1556; x_wconf 91' lang='lat' dir='ltr'><strong>sui</strong></span> <span class='ocrx_word' id='word_1_108' title='bbox 1045 1516 1115 1557; x_wconf 80' lang='lat' dir='ltr'><strong>cor·</strong></span> 
     </span>
     <span class='ocr_line' id='line_1_13' title="bbox 79 1603 775 1694; baseline 0.003 -28"><span class='ocrx_word' id='word_1_109' title='bbox 79 1603 124 1668; x_wconf 90' lang='lat' dir='ltr'><strong>dis</strong></span> <span class='ocrx_word' id='word_1_110' title='bbox 138 1625 251 1668; x_wconf 87' lang='lat' dir='ltr'><strong>arcano</strong></span> <span class='ocrx_word' id='word_1_111' title='bbox 266 1627 399 1694; x_wconf 81' lang='lat' dir='ltr'><strong>sponsus</strong></span> <span class='ocrx_word' id='word_1_112' title='bbox 413 1606 539 1669; x_wconf 88' lang='lat' dir='ltr'><strong>veniens</strong></span> <span class='ocrx_word' id='word_1_113' title='bbox 550 1616 775 1670; x_wconf 87' lang='lat' dir='ltr'><strong>commoretur.</strong></span> 
     </span>
    </p>

    <p class='ocr_par' dir='ltr' id='par_1_3' title="bbox 48 1709 1167 3734">
     <span class='ocr_line' id='line_1_14' title="bbox 118 1709 1113 1801; baseline -0.003 -25"><span class='ocrx_word' id='word_1_114' title='bbox 118 1711 169 1778; x_wconf 87' lang='lat' dir='ltr'><strong>lV.</strong></span> <span class='ocrx_word' id='word_1_115' title='bbox 181 1713 302 1778; x_wconf 87' lang='lat' dir='ltr'><strong>Rursus</strong></span> <span class='ocrx_word' id='word_1_116' title='bbox 316 1713 421 1799; x_wconf 89' lang='lat' dir='ltr'><strong>sponsi</strong></span> <span class='ocrx_word' id='word_1_117' title='bbox 434 1713 552 1778; x_wconf 89' lang='lat' dir='ltr'><strong>adeam</strong></span> <span class='ocrx_word' id='word_1_118' title='bbox 563 1735 668 1778; x_wconf 89' lang='lat' dir='ltr'><strong>sermo</strong></span> <span class='ocrx_word' id='word_1_119' title='bbox 682 1713 844 1801; x_wconf 79' lang='lat' dir='ltr'><strong>dirigitur,</strong></span> <span class='ocrx_word' id='word_1_120' title='bbox 857 1722 890 1775; x_wconf 89' lang='lat' dir='ltr'><strong>et</strong></span> <span class='ocrx_word' id='word_1_121' title='bbox 901 1710 994 1775; x_wconf 89' lang='lat' dir='ltr'><strong>dicit:</strong></span> <span class='ocrx_word' id='word_1_122' title='bbox 1006 1733 1018 1768; x_wconf 78' lang='lat' dir='ltr'><strong>r</strong></span> <span class='ocrx_word' id='word_1_123' title='bbox 1030 1709 1113 1773; x_wconf 87' lang='lat' dir='ltr'><strong>Ecce</strong></span> 
     </span>
     <span class='ocr_line' id='line_1_15' title="bbox 72 1816 1106 1909; baseline 0 -31"><span class='ocrx_word' id='word_1_124' title='bbox 72 1821 235 1906; x_wconf 75' lang='lat' dir='ltr'><strong>»speciosa</strong></span> <span class='ocrx_word' id='word_1_125' title='bbox 247 1820 465 1907; x_wconf 82' lang='lat' dir='ltr'><strong>proximamea</strong></span> <span class='ocrx_word' id='word_1_126' title='bbox 477 1822 717 1909; x_wconf 87' lang='lat' dir='ltr'><strong>,eceespeciosa</strong></span> <span class='ocrx_word' id='word_1_127' title='bbox 727 1871 735 1897; x_wconf 93' lang='lat'><strong>,</strong></span> <span class='ocrx_word' id='word_1_128' title='bbox 744 1818 828 1886; x_wconf 91' lang='lat' dir='ltr'><strong>oculi</strong></span> <span class='ocrx_word' id='word_1_129' title='bbox 839 1819 883 1883; x_wconf 93' lang='lat' dir='ltr'><strong>tui</strong></span> <span class='ocrx_word' id='word_1_130' title='bbox 892 1816 1079 1884; x_wconf 80' lang='lat' dir='ltr'><strong>columboe³.</strong></span> <span class='ocrx_word' id='word_1_131' title='bbox 1094 1844 1106 1877; x_wconf 77' lang='grc' dir='ltr'><strong>ι</strong></span> 
     </span>
     <span class='ocr_line' id='line_1_16' title="bbox 68 1920 1108 2014; baseline -0.004 -27"><span class='ocrx_word' id='word_1_132' title='bbox 68 1920 126 1988; x_wconf 88' lang='lat' dir='ltr'><strong>llla</strong></span> <span class='ocrx_word' id='word_1_133' title='bbox 138 1925 185 1989; x_wconf 84' lang='lat' dir='ltr'><strong>sic</strong></span> <span class='ocrx_word' id='word_1_134' title='bbox 195 1925 272 1990; x_wconf 91' lang='lat' dir='ltr'><strong>dicit</strong></span> <span class='ocrx_word' id='word_1_135' title='bbox 282 1925 320 1990; x_wconf 84' lang='lat' dir='ltr'><strong>ad</strong></span> <span class='ocrx_word' id='word_1_136' title='bbox 332 1946 485 2013; x_wconf 86' lang='lat' dir='ltr'><strong>sponsum</strong></span> <span class='ocrx_word' id='word_1_137' title='bbox 496 1976 504 2000; x_wconf 91' lang='lat'><strong>,</strong></span> <span class='ocrx_word' id='word_1_138' title='bbox 514 1953 527 1984; x_wconf 74' lang='lat' dir='ltr'><strong>e</strong></span> <span class='ocrx_word' id='word_1_139' title='bbox 537 1927 621 1992; x_wconf 87' lang='lat' dir='ltr'><strong>Ecce</strong></span> <span class='ocrx_word' id='word_1_140' title='bbox 633 1926 794 2014; x_wconf 84' lang='lat' dir='ltr'><strong>speciosus</strong></span> <span class='ocrx_word' id='word_1_141' title='bbox 807 1920 963 1988; x_wconf 87' lang='lat' dir='ltr'><strong>fratruelis</strong></span> <span class='ocrx_word' id='word_1_142' title='bbox 974 1944 1064 1987; x_wconf 90' lang='lat' dir='ltr'><strong>meus</strong></span> <span class='ocrx_word' id='word_1_143' title='bbox 1075 1944 1083 1986; x_wconf 77' lang='grc' dir='ltr'><strong><em>ε</em></strong></span> <span class='ocrx_word' id='word_1_144' title='bbox 1096 1949 1108 1982; x_wconf 72' lang='lat' dir='ltr'><strong>t</strong></span> 
     </span>
     <span class='ocr_line' id='line_1_17' title="bbox 66 2029 1113 2121; baseline -0.005 -24"><span class='ocrx_word' id='word_1_145' title='bbox 66 2053 135 2097; x_wconf 81' lang='lat' dir='ltr'><strong>non</strong></span> <span class='ocrx_word' id='word_1_146' title='bbox 152 2032 354 2121; x_wconf 80' lang='lat' dir='ltr'><strong>adjungit,et</strong></span> <span class='ocrx_word' id='word_1_147' title='bbox 364 2033 633 2121; x_wconf 80' lang='lat' dir='ltr'><strong>proximusmeus.</strong></span> <span class='ocrx_word' id='word_1_148' title='bbox 647 2033 822 2098; x_wconf 88' lang='lat' dir='ltr'><strong>Hioautem</strong></span> <span class='ocrx_word' id='word_1_149' title='bbox 833 2031 962 2118; x_wconf 87' lang='lat' dir='ltr'><strong>quando</strong></span> <span class='ocrx_word' id='word_1_150' title='bbox 974 2029 1113 2117; x_wconf 89' lang='lat' dir='ltr'><strong>loquitur</strong></span> 
     </span>
     <span class='ocr_line' id='line_1_18' title="bbox 69 2140 1167 2229; baseline 0 -25"><span class='ocrx_word' id='word_1_151' title='bbox 69 2141 186 2204; x_wconf 86' lang='lat' dir='ltr'><strong>adeam</strong></span> <span class='ocrx_word' id='word_1_152' title='bbox 199 2163 207 2204; x_wconf 76' lang='grc' dir='ltr'><em>τ</em></span> <span class='ocrx_word' id='word_1_153' title='bbox 218 2142 322 2206; x_wconf 78' lang='lat' dir='ltr'><strong>«Ecce</strong></span> <span class='ocrx_word' id='word_1_154' title='bbox 331 2141 472 2228; x_wconf 86' lang='lat' dir='ltr'><strong>speciosa</strong></span> <span class='ocrx_word' id='word_1_155' title='bbox 483 2191 492 2216; x_wconf 94' lang='lat'><strong>,</strong></span> <span class='ocrx_word' id='word_1_156' title='bbox 502 2169 514 2202; x_wconf 79' lang='grc' dir='ltr'><strong><em>ι</em></strong></span> <span class='ocrx_word' id='word_1_157' title='bbox 525 2140 876 2229; x_wconf 77' lang='lat' dir='ltr'><strong>adjungitetaproxima</strong></span> <span class='ocrx_word' id='word_1_158' title='bbox 889 2161 969 2204; x_wconf 85' lang='lat' dir='ltr'><strong>mea.</strong></span> <span class='ocrx_word' id='word_1_159' title='bbox 983 2140 1125 2217; x_wconf 66' lang='lat' dir='ltr'><strong>»Quare</strong></span> <span class='ocrx_word' id='word_1_160' title='bbox 1164 2203 1167 2210; x_wconf 77' lang='grc'>,</span> 
     </span>
     <span class='ocr_line' id='line_1_19' title="bbox 72 2246 1115 2338; baseline -0.003 -25"><span class='ocrx_word' id='word_1_161' title='bbox 72 2259 179 2313; x_wconf 84' lang='lat' dir='ltr'><strong>autem</strong></span> <span class='ocrx_word' id='word_1_162' title='bbox 191 2246 243 2314; x_wconf 88' lang='lat' dir='ltr'><strong>illa</strong></span> <span class='ocrx_word' id='word_1_163' title='bbox 254 2271 317 2313; x_wconf 92' lang='lat' dir='ltr'><strong>non</strong></span> <span class='ocrx_word' id='word_1_164' title='bbox 329 2249 406 2313; x_wconf 88' lang='lat' dir='ltr'><strong>dicit</strong></span> <span class='ocrx_word' id='word_1_165' title='bbox 417 2272 424 2312; x_wconf 77' lang='grc' dir='ltr'><strong>ε</strong></span> <span class='ocrx_word' id='word_1_166' title='bbox 435 2251 518 2314; x_wconf 85' lang='lat' dir='ltr'><strong>Ecce</strong></span> <span class='ocrx_word' id='word_1_167' title='bbox 531 2249 690 2338; x_wconf 89' lang='lat' dir='ltr'><strong>speciosus</strong></span> <span class='ocrx_word' id='word_1_168' title='bbox 707 2247 868 2336; x_wconf 83' lang='lat' dir='ltr'><strong>proximus</strong></span> <span class='ocrx_word' id='word_1_169' title='bbox 881 2247 974 2323; x_wconf 87' lang='lat' dir='ltr'><strong>milri,</strong></span> <span class='ocrx_word' id='word_1_170' title='bbox 984 2246 1039 2311; x_wconf 90' lang='lat' dir='ltr'><strong>sed</strong></span> <span class='ocrx_word' id='word_1_171' title='bbox 1048 2258 1115 2312; x_wconf 88' lang='lat' dir='ltr'><strong>tan-</strong></span> 
     </span>
     <span class='ocr_line' id='line_1_20' title="bbox 74 2355 1110 2445; baseline 0 -27"><span class='ocrx_word' id='word_1_172' title='bbox 74 2369 146 2420; x_wconf 90' lang='lat' dir='ltr'><strong>tum</strong></span> <span class='ocrx_word' id='word_1_173' title='bbox 156 2406 164 2430; x_wconf 92' lang='lat'><strong>,</strong></span> <span class='ocrx_word' id='word_1_174' title='bbox 175 2379 269 2423; x_wconf 81' lang='lat' dir='ltr'><strong>«ecce</strong></span> <span class='ocrx_word' id='word_1_175' title='bbox 286 2359 486 2445; x_wconf 72' lang='lat' dir='ltr'><strong>speciosuslt</strong></span> <span class='ocrx_word' id='word_1_176' title='bbox 496 2359 604 2439; x_wconf 86' lang='lat' dir='ltr'><strong>Quare</strong></span> <span class='ocrx_word' id='word_1_177' title='bbox 620 2357 672 2423; x_wconf 90' lang='lat' dir='ltr'><strong>ille</strong></span> <span class='ocrx_word' id='word_1_178' title='bbox 685 2379 748 2422; x_wconf 92' lang='lat' dir='ltr'><strong>non</strong></span> <span class='ocrx_word' id='word_1_179' title='bbox 766 2355 888 2431; x_wconf 83' lang='lat' dir='ltr'><strong>solum,</strong></span> <span class='ocrx_word' id='word_1_180' title='bbox 905 2355 1043 2443; x_wconf 87' lang='lat' dir='ltr'><strong>speciosa</strong></span> <span class='ocrx_word' id='word_1_181' title='bbox 1058 2376 1110 2431; x_wconf 85' lang='lat' dir='ltr'><strong>es,</strong></span> 
     </span>
     <span class='ocr_line' id='line_1_21' title="bbox 71 2461 1114 2555; baseline -0.004 -25"><span class='ocrx_word' id='word_1_182' title='bbox 71 2465 151 2530; x_wconf 90' lang='lat' dir='ltr'><strong>dicit</strong></span> <span class='ocrx_word' id='word_1_183' title='bbox 162 2516 171 2540; x_wconf 94' lang='lat'><strong>,</strong></span> <span class='ocrx_word' id='word_1_184' title='bbox 181 2466 236 2530; x_wconf 89' lang='lat' dir='ltr'><strong>sed</strong></span> <span class='ocrx_word' id='word_1_185' title='bbox 246 2516 255 2540; x_wconf 92' lang='lat'><em>‚</em></span> <span class='ocrx_word' id='word_1_186' title='bbox 266 2491 278 2523; x_wconf 71' lang='lat' dir='ltr'><strong>a</strong></span> <span class='ocrx_word' id='word_1_187' title='bbox 288 2467 428 2554; x_wconf 86' lang='lat' dir='ltr'><strong>speciosa</strong></span> <span class='ocrx_word' id='word_1_188' title='bbox 440 2491 473 2531; x_wconf 91' lang='lat' dir='ltr'><strong>es</strong></span> <span class='ocrx_word' id='word_1_189' title='bbox 482 2468 623 2555; x_wconf 84' lang='lat' dir='ltr'><strong>proxime</strong></span> <span class='ocrx_word' id='word_1_190' title='bbox 637 2465 748 2531; x_wconf 67' lang='lat' dir='ltr'><strong>meat.</strong></span> <span class='ocrx_word' id='word_1_191' title='bbox 772 2466 893 2554; x_wconf 87' lang='lat' dir='ltr'><strong>Sponsa</strong></span> <span class='ocrx_word' id='word_1_192' title='bbox 906 2464 931 2528; x_wconf 88' lang='lat' dir='ltr'><strong>si</strong></span> <span class='ocrx_word' id='word_1_193' title='bbox 944 2462 1036 2551; x_wconf 90' lang='lat' dir='ltr'><strong>longe</strong></span> <span class='ocrx_word' id='word_1_194' title='bbox 1048 2461 1114 2527; x_wconf 90' lang='lat' dir='ltr'><strong>fue-</strong></span> 
     </span>
     <span class='ocr_line' id='line_1_22' title="bbox 64 2569 1113 2662; baseline -0.001 -26"><span class='ocrx_word' id='word_1_195' title='bbox 64 2574 111 2637; x_wconf 87' lang='lat' dir='ltr'><strong>rit</strong></span> <span class='ocrx_word' id='word_1_196' title='bbox 129 2595 146 2636; x_wconf 89' lang='lat' dir='ltr'><strong>e</strong></span> <span class='ocrx_word' id='word_1_197' title='bbox 168 2596 308 2661; x_wconf 87' lang='lat' dir='ltr'><strong>sponso,</strong></span> <span class='ocrx_word' id='word_1_198' title='bbox 325 2597 389 2638; x_wconf 90' lang='lat' dir='ltr'><strong>non</strong></span> <span class='ocrx_word' id='word_1_199' title='bbox 408 2584 455 2637; x_wconf 83' lang='lat' dir='ltr'><strong>est</strong></span> <span class='ocrx_word' id='word_1_200' title='bbox 472 2575 614 2662; x_wconf 88' lang='lat' dir='ltr'><strong>speciosa</strong></span> <span class='ocrx_word' id='word_1_201' title='bbox 637 2597 645 2638; x_wconf 93' lang='lat'><strong>:</strong></span> <span class='ocrx_word' id='word_1_202' title='bbox 669 2584 746 2638; x_wconf 92' lang='lat' dir='ltr'><strong>tuno</strong></span> <span class='ocrx_word' id='word_1_203' title='bbox 765 2570 898 2661; x_wconf 88' lang='lat' dir='ltr'><strong>pulchra</strong></span> <span class='ocrx_word' id='word_1_204' title='bbox 915 2569 968 2645; x_wconf 82' lang='lat' dir='ltr'><strong>fit,</strong></span> <span class='ocrx_word' id='word_1_205' title='bbox 986 2571 1113 2658; x_wconf 87' lang='lat' dir='ltr'><strong>quando</strong></span> 
     </span>
     <span class='ocr_line' id='line_1_23' title="bbox 62 2665 1114 2769; baseline 0 -25"><span class='ocrx_word' id='word_1_206' title='bbox 62 2681 126 2744; x_wconf 89' lang='lat' dir='ltr'><strong>Dei</strong></span> <span class='ocrx_word' id='word_1_207' title='bbox 140 2680 238 2744; x_wconf 85' lang='lat' dir='ltr'><strong>verbo</strong></span> <span class='ocrx_word' id='word_1_208' title='bbox 251 2667 465 2769; x_wconf 81' lang='lat' dir='ltr'><strong>conjungitur.</strong></span> <span class='ocrx_word' id='word_1_209' title='bbox 480 2683 520 2746; x_wconf 86' lang='lat' dir='ltr'><strong>Et</strong></span> <span class='ocrx_word' id='word_1_210' title='bbox 533 2682 647 2746; x_wconf 86' lang='lat' dir='ltr'><strong>merito</strong></span> <span class='ocrx_word' id='word_1_211' title='bbox 659 2700 745 2745; x_wconf 91' lang='lat' dir='ltr'><strong>nunc</strong></span> <span class='ocrx_word' id='word_1_212' title='bbox 756 2680 916 2746; x_wconf 90' lang='lat' dir='ltr'><strong>dooetura</strong></span> <span class='ocrx_word' id='word_1_213' title='bbox 928 2665 1060 2766; x_wconf 83' lang='lat' dir='ltr'><strong>sponso,</strong></span> <span class='ocrx_word' id='word_1_214' title='bbox 1077 2691 1114 2744; x_wconf 83' lang='lat' dir='ltr'><strong>ut</strong></span> 
     </span>
     <span class='ocr_line' id='line_1_24' title="bbox 60 2787 1110 2877; baseline 0.001 -25"><span class='ocrx_word' id='word_1_215' title='bbox 60 2789 209 2877; x_wconf 83' lang='lat' dir='ltr'><strong>proxima</strong></span> <span class='ocrx_word' id='word_1_216' title='bbox 227 2789 284 2864; x_wconf 92' lang='lat' dir='ltr'><strong>sit,</strong></span> <span class='ocrx_word' id='word_1_217' title='bbox 302 2801 367 2854; x_wconf 84' lang='lat' dir='ltr'><strong>ete</strong></span> <span class='ocrx_word' id='word_1_218' title='bbox 386 2811 444 2854; x_wconf 83' lang='lat' dir='ltr'><strong>suo</strong></span> <span class='ocrx_word' id='word_1_219' title='bbox 466 2787 565 2855; x_wconf 88' lang='lat' dir='ltr'><strong>latore</strong></span> <span class='ocrx_word' id='word_1_220' title='bbox 585 2813 650 2854; x_wconf 93' lang='lat' dir='ltr'><strong>non</strong></span> <span class='ocrx_word' id='word_1_221' title='bbox 673 2789 810 2854; x_wconf 91' lang='lat' dir='ltr'><strong>recedat.</strong></span> <span class='ocrx_word' id='word_1_222' title='bbox 835 2817 848 2848; x_wconf 74' lang='lat' dir='ltr'><strong>a</strong></span> <span class='ocrx_word' id='word_1_223' title='bbox 868 2789 952 2852; x_wconf 88' lang='lat' dir='ltr'><strong>Ecce</strong></span> <span class='ocrx_word' id='word_1_224' title='bbox 970 2788 1110 2874; x_wconf 83' lang='lat' dir='ltr'><strong>speciosa</strong></span> 
     </span>
     <span class='ocr_line' id='line_1_25' title="bbox 58 2896 1109 2985; baseline 0.006 -30"><span class='ocrx_word' id='word_1_225' title='bbox 58 2925 73 2955; x_wconf 79' lang='grc' dir='ltr'>ι</span> <span class='ocrx_word' id='word_1_226' title='bbox 83 2896 311 2985; x_wconf 84' lang='lat' dir='ltr'><strong>proximamca</strong></span> <span class='ocrx_word' id='word_1_227' title='bbox 323 2946 332 2972; x_wconf 98' lang='lat'><strong>,</strong></span> <span class='ocrx_word' id='word_1_228' title='bbox 342 2918 419 2962; x_wconf 91' lang='lat' dir='ltr'><strong>ecce</strong></span> <span class='ocrx_word' id='word_1_229' title='bbox 431 2898 582 2985; x_wconf 88' lang='lat' dir='ltr'><strong>speciosa.</strong></span> <span class='ocrx_word' id='word_1_230' title='bbox 599 2897 738 2984; x_wconf 76' lang='lat' dir='ltr'><strong>»Incipis</strong></span> <span class='ocrx_word' id='word_1_231' title='bbox 747 2896 874 2982; x_wconf 86' lang='lat' dir='ltr'><strong>quidem</strong></span> <span class='ocrx_word' id='word_1_232' title='bbox 885 2917 953 2960; x_wconf 86' lang='lat' dir='ltr'><strong>esse</strong></span> <span class='ocrx_word' id='word_1_233' title='bbox 968 2896 1109 2982; x_wconf 81' lang='lat' dir='ltr'><strong>speciosa</strong></span> 
     </span>
     <span class='ocr_line' id='line_1_26' title="bbox 55 3003 1108 3092; baseline 0.001 -23"><span class='ocrx_word' id='word_1_234' title='bbox 55 3025 103 3069; x_wconf 84' lang='lat' dir='ltr'><strong>ex</strong></span> <span class='ocrx_word' id='word_1_235' title='bbox 116 3027 157 3067; x_wconf 88' lang='lat' dir='ltr'><strong>eo</strong></span> <span class='ocrx_word' id='word_1_236' title='bbox 170 3053 178 3077; x_wconf 90' lang='lat'><strong>,</strong></span> <span class='ocrx_word' id='word_1_237' title='bbox 192 3003 279 3091; x_wconf 88' lang='lat' dir='ltr'><strong>quod</strong></span> <span class='ocrx_word' id='word_1_238' title='bbox 290 3006 432 3091; x_wconf 87' lang='lat' dir='ltr'><strong>proxima</strong></span> <span class='ocrx_word' id='word_1_239' title='bbox 448 3005 526 3070; x_wconf 84' lang='lat' dir='ltr'><strong>milri</strong></span> <span class='ocrx_word' id='word_1_240' title='bbox 542 3027 575 3070; x_wconf 89' lang='lat' dir='ltr'><strong>es</strong></span> <span class='ocrx_word' id='word_1_241' title='bbox 586 3016 771 3092; x_wconf 81' lang='lat' dir='ltr'><strong>:postquam</strong></span> <span class='ocrx_word' id='word_1_242' title='bbox 783 3015 889 3068; x_wconf 88' lang='lat' dir='ltr'><strong>autem</strong></span> <span class='ocrx_word' id='word_1_243' title='bbox 898 3003 1031 3090; x_wconf 72' lang='lat' dir='ltr'><strong>coeperis</strong></span> <span class='ocrx_word' id='word_1_244' title='bbox 1040 3019 1108 3070; x_wconf 85' lang='lat' dir='ltr'><strong>e&#39;sse</strong></span> 
     </span>
     <span class='ocr_line' id='line_1_27' title="bbox 55 3108 1108 3199; baseline 0 -23"><span class='ocrx_word' id='word_1_245' title='bbox 55 3111 227 3199; x_wconf 81' lang='lat' dir='ltr'><strong>speciosa,</strong></span> <span class='ocrx_word' id='word_1_246' title='bbox 240 3110 336 3175; x_wconf 90' lang='lat' dir='ltr'><strong>etiam</strong></span> <span class='ocrx_word' id='word_1_247' title='bbox 351 3112 417 3176; x_wconf 91' lang='lat' dir='ltr'><strong>sine</strong></span> <span class='ocrx_word' id='word_1_248' title='bbox 428 3112 646 3178; x_wconf 88' lang='lat' dir='ltr'><strong>additamento</strong></span> <span class='ocrx_word' id='word_1_249' title='bbox 654 3111 821 3199; x_wconf 71' lang='lat' dir='ltr'><strong>proximae,</strong></span> <span class='ocrx_word' id='word_1_250' title='bbox 834 3108 976 3176; x_wconf 82' lang='lat' dir='ltr'><strong>absolute</strong></span> <span class='ocrx_word' id='word_1_251' title='bbox 991 3130 1026 3175; x_wconf 90' lang='lat' dir='ltr'><strong>es</strong></span> <span class='ocrx_word' id='word_1_252' title='bbox 1041 3135 1108 3199; x_wconf 79' lang='lat' dir='ltr'><strong>spe·</strong></span> 
     </span>
     <span class='ocr_line' id='line_1_28' title="bbox 54 3215 1108 3304; baseline -0.002 -22"><span class='ocrx_word' id='word_1_253' title='bbox 54 3216 162 3282; x_wconf 85' lang='lat' dir='ltr'><strong>oiosa.</strong></span> <span class='ocrx_word' id='word_1_254' title='bbox 188 3215 303 3280; x_wconf 80' lang='lat' dir='ltr'><strong>«Ecce</strong></span> <span class='ocrx_word' id='word_1_255' title='bbox 318 3215 461 3304; x_wconf 86' lang='lat' dir='ltr'><strong>speciosa</strong></span> <span class='ocrx_word' id='word_1_256' title='bbox 482 3217 623 3304; x_wconf 78' lang='lat' dir='ltr'><strong>proxima</strong></span> <span class='ocrx_word' id='word_1_257' title='bbox 644 3238 735 3290; x_wconf 89' lang='lat' dir='ltr'><strong>mea,</strong></span> <span class='ocrx_word' id='word_1_258' title='bbox 755 3237 831 3280; x_wconf 89' lang='lat' dir='ltr'><strong>ecoe</strong></span> <span class='ocrx_word' id='word_1_259' title='bbox 853 3215 1005 3302; x_wconf 87' lang='lat' dir='ltr'><strong>speciosa.</strong></span> <span class='ocrx_word' id='word_1_260' title='bbox 1022 3243 1034 3276; x_wconf 72' lang='lat' dir='ltr'><strong>a</strong></span> <span class='ocrx_word' id='word_1_261' title='bbox 1051 3215 1108 3280; x_wconf 59' lang='lat' dir='ltr'><strong>vt.</strong></span> 
     </span>
     <span class='ocr_line' id='line_1_29' title="bbox 58 3320 1108 3414; baseline -0.001 -27"><span class='ocrx_word' id='word_1_262' title='bbox 58 3325 198 3388; x_wconf 75' lang='lat' dir='ltr'><strong>deamus</strong></span> <span class='ocrx_word' id='word_1_263' title='bbox 218 3334 252 3386; x_wconf 90' lang='lat' dir='ltr'><strong>et</strong></span> <span class='ocrx_word' id='word_1_264' title='bbox 270 3320 363 3387; x_wconf 91' lang='lat' dir='ltr'><strong>aliam</strong></span> <span class='ocrx_word' id='word_1_265' title='bbox 390 3322 516 3389; x_wconf 90' lang='lat' dir='ltr'><strong>laudem</strong></span> <span class='ocrx_word' id='word_1_266' title='bbox 540 3325 707 3414; x_wconf 84' lang='lat' dir='ltr'><strong>speciosae,</strong></span> <span class='ocrx_word' id='word_1_267' title='bbox 732 3335 766 3387; x_wconf 92' lang='lat' dir='ltr'><strong>ut</strong></span> <span class='ocrx_word' id='word_1_268' title='bbox 788 3335 821 3388; x_wconf 91' lang='lat' dir='ltr'><strong>et</strong></span> <span class='ocrx_word' id='word_1_269' title='bbox 844 3346 901 3387; x_wconf 87' lang='lat' dir='ltr'><strong>nos</strong></span> <span class='ocrx_word' id='word_1_270' title='bbox 921 3322 1108 3388; x_wconf 73' lang='lat' dir='ltr'><strong>emulemur</strong></span> 
     </span>
     <span class='ocr_line' id='line_1_30' title="bbox 54 3427 1107 3521; baseline 0 -25"><span class='ocrx_word' id='word_1_271' title='bbox 54 3430 215 3521; x_wconf 71' lang='lat' dir='ltr'><strong>speciosae</strong></span> <span class='ocrx_word' id='word_1_272' title='bbox 230 3429 310 3494; x_wconf 76' lang='lat' dir='ltr'><strong>fieri.</strong></span> <span class='ocrx_word' id='word_1_273' title='bbox 331 3455 343 3489; x_wconf 78' lang='grc' dir='ltr'>ι</span> <span class='ocrx_word' id='word_1_274' title='bbox 362 3431 455 3496; x_wconf 92' lang='lat' dir='ltr'><strong>Oculi</strong></span> <span class='ocrx_word' id='word_1_275' title='bbox 474 3433 520 3497; x_wconf 89' lang='lat' dir='ltr'><strong>tui</strong></span> <span class='ocrx_word' id='word_1_276' title='bbox 535 3431 704 3497; x_wconf 78' lang='lat' dir='ltr'><strong>columbae.</strong></span> <span class='ocrx_word' id='word_1_277' title='bbox 725 3427 788 3511; x_wconf 89' lang='lat' dir='ltr'><strong>Qui</strong></span> <span class='ocrx_word' id='word_1_278' title='bbox 808 3431 919 3496; x_wconf 87' lang='lat' dir='ltr'><strong>viderit</strong></span> <span class='ocrx_word' id='word_1_279' title='bbox 941 3429 1107 3496; x_wconf 88' lang='lat' dir='ltr'><strong>mulierem</strong></span> 
     </span>
     <span class='ocr_line' id='line_1_31' title="bbox 50 3537 1107 3628; baseline 0.001 -26"><span class='ocrx_word' id='word_1_280' title='bbox 50 3570 67 3602; x_wconf 79' lang='grc' dir='ltr'><strong>ι</strong></span> <span class='ocrx_word' id='word_1_281' title='bbox 79 3539 124 3605; x_wconf 86' lang='lat' dir='ltr'><strong>ad</strong></span> <span class='ocrx_word' id='word_1_282' title='bbox 137 3537 432 3627; x_wconf 88' lang='lat' dir='ltr'><strong>concupiscendum</strong></span> <span class='ocrx_word' id='word_1_283' title='bbox 449 3563 518 3606; x_wconf 89' lang='lat' dir='ltr'><strong>eam</strong></span> <span class='ocrx_word' id='word_1_284' title='bbox 531 3589 539 3617; x_wconf 93' lang='lat'><strong>,</strong></span> <span class='ocrx_word' id='word_1_285' title='bbox 553 3541 617 3628; x_wconf 90' lang='lat' dir='ltr'><strong>jam</strong></span> <span class='ocrx_word' id='word_1_286' title='bbox 628 3539 801 3604; x_wconf 87' lang='lat' dir='ltr'><strong>maechetus</strong></span> <span class='ocrx_word' id='word_1_287' title='bbox 816 3551 864 3604; x_wconf 85' lang='lat' dir='ltr'><strong>est</strong></span> <span class='ocrx_word' id='word_1_288' title='bbox 875 3538 949 3604; x_wconf 82' lang='lat' dir='ltr'><strong>¹eam</strong></span> <span class='ocrx_word' id='word_1_289' title='bbox 962 3539 993 3603; x_wconf 93' lang='lat' dir='ltr'><strong>in</strong></span> <span class='ocrx_word' id='word_1_290' title='bbox 1009 3539 1107 3604; x_wconf 89' lang='lat' dir='ltr'><strong>eorde</strong></span> 
     </span>
     <span class='ocr_line' id='line_1_32' title="bbox 48 3629 1105 3734; baseline 0.001 -26"><span class='ocrx_word' id='word_1_291' title='bbox 48 3679 65 3708; x_wconf 74' lang='grc' dir='ltr'><strong>ι</strong></span> <span class='ocrx_word' id='word_1_292' title='bbox 77 3646 178 3712; x_wconf 80' lang='lat' dir='ltr'><strong>euo⁴.</strong></span> <span class='ocrx_word' id='word_1_293' title='bbox 195 3674 208 3705; x_wconf 75' lang='lat' dir='ltr'><strong>t</strong></span> <span class='ocrx_word' id='word_1_294' title='bbox 223 3642 345 3711; x_wconf 79' lang='lat' dir='ltr'><strong>Oculm</strong></span> <span class='ocrx_word' id='word_1_295' title='bbox 367 3669 431 3712; x_wconf 91' lang='lat' dir='ltr'><strong>non</strong></span> <span class='ocrx_word' id='word_1_296' title='bbox 450 3629 548 3713; x_wconf 81' lang='lat' dir='ltr'><strong>hahet</strong></span> <span class='ocrx_word' id='word_1_297' title='bbox 562 3646 731 3714; x_wconf 85' lang='lat' dir='ltr'><strong>oolumbae.</strong></span> <span class='ocrx_word' id='word_1_298' title='bbox 758 3645 790 3712; x_wconf 85' lang='lat' dir='ltr'><strong>Si</strong></span> <span class='ocrx_word' id='word_1_299' title='bbox 812 3645 883 3734; x_wconf 89' lang='lat' dir='ltr'><strong>quis</strong></span> <span class='ocrx_word' id='word_1_300' title='bbox 901 3669 975 3710; x_wconf 89' lang='lat' dir='ltr'><strong>vero</strong></span> <span class='ocrx_word' id='word_1_301' title='bbox 996 3645 1105 3710; x_wconf 86' lang='lat' dir='ltr'><strong>oculos</strong></span> 
     </span>
    </p>

    <p class='ocr_par' dir='ltr' id='par_1_4' title="bbox 46 3751 1103 3844">
     <span class='ocr_line' id='line_1_33' title="bbox 46 3751 1103 3844; baseline -0.009 -20"><span class='ocrx_word' id='word_1_302' title='bbox 46 3755 224 3824; x_wconf 68' lang='lat' dir='ltr'><strong>columbae</strong></span> <span class='ocrx_word' id='word_1_303' title='bbox 240 3776 303 3818; x_wconf 91' lang='lat' dir='ltr'><strong>non</strong></span> <span class='ocrx_word' id='word_1_304' title='bbox 320 3751 434 3830; x_wconf 84' lang='lat' dir='ltr'><strong>habet,</strong></span> <span class='ocrx_word' id='word_1_305' title='bbox 453 3755 584 3822; x_wconf 89' lang='lat' dir='ltr'><strong>domum</strong></span> <span class='ocrx_word' id='word_1_306' title='bbox 604 3757 707 3821; x_wconf 89' lang='lat' dir='ltr'><strong>fratris</strong></span> <span class='ocrx_word' id='word_1_307' title='bbox 723 3754 770 3824; x_wconf 87' lang='lat' dir='ltr'><strong>sui</strong></span> <span class='ocrx_word' id='word_1_308' title='bbox 785 3755 961 3844; x_wconf 78' lang='lat' dir='ltr'><strong>ingreditur</strong></span> <span class='ocrx_word' id='word_1_309' title='bbox 979 3751 1103 3828; x_wconf 83' lang='lat' dir='ltr'><strong>infelix,</strong></span> 
     </span>
    </p>
   </div>
   <div class='ocr_carea' id='block_1_3' title="bbox 96 3897 1168 3984">
    <p class='ocr_par' dir='ltr' id='par_1_5' title="bbox 96 3897 1168 3984">
     <span class='ocr_line' id='line_1_34' title="bbox 96 3897 1168 3984; baseline -0.003 -31"><span class='ocrx_word' id='word_1_310' title='bbox 96 3905 238 3966; x_wconf 64' lang='lat' dir='ltr'><strong>idolatu,</strong></span> <span class='ocrx_word' id='word_1_311' title='bbox 256 3897 575 3968; x_wconf 77' lang='lat' dir='ltr'><strong>t.-²l³salm.1.xxx,8,</strong></span> <span class='ocrx_word' id='word_1_312' title='bbox 593 3921 631 3954; x_wconf 77' lang='grc' dir='ltr'><strong>ιο.</strong></span> <span class='ocrx_word' id='word_1_313' title='bbox 655 3933 662 3940; x_wconf 91' lang='grc'><em>·</em></span> <span class='ocrx_word' id='word_1_314' title='bbox 685 3900 796 3964; x_wconf 55' lang='lat' dir='ltr'><strong>’Canum</strong></span> <span class='ocrx_word' id='word_1_315' title='bbox 816 3897 1015 3959; x_wconf 53' lang='lat' dir='ltr'><strong>itm-‘Mettlt</strong></span> <span class='ocrx_word' id='word_1_316' title='bbox 1030 3901 1096 3954; x_wconf 70' lang='lat' dir='ltr'><strong>md</strong></span> <span class='ocrx_word' id='word_1_317' title='bbox 1164 3976 1168 3984; x_wconf 20' lang='grc' dir='ltr'>ὁ</span> 
     </span>
    </p>
   </div>
   <div class='ocr_carea' id='block_1_4' title="bbox 0 0 1306 4614">
    <p class='ocr_par' dir='ltr' id='par_1_6' title="bbox 0 0 1306 4614">
     <span class='ocr_line' id='line_1_35' title="bbox 0 0 1306 4614; baseline 0 3"><span class='ocrx_word' id='word_1_318' title='bbox 0 0 1306 4614; x_wconf 95' lang='lat' dir='ltr'><strong> </strong></span> 
     </span>
    </p>
   </div>
  </div>
 </body>
</html>
