2706 4624
372 285 403 329 vn
428 287 567 331 nouenos
591 289 720 332 neurus
746 287 799 332 vu.
1041 268 1104 356 5¹9

76 401 220 468 tendatur
236 402 308 490 quia
321 403 416 469 etiam
432 405 458 470 si
472 417 520 470 est
543 406 575 472 in
590 403 695 493 aliquo
711 405 808 494 gratia
830 406 930 471 sancti
954 404 1103 494 Spiritus,

76 525 104 576 et
114 515 285 588 obtrectat,
299 525 331 578 et
342 513 491 591 detrahit,
503 517 625 582 recedit
634 518 675 582 ab
687 539 726 582 eo
737 527 811 604 post
825 517 1103 592 obtrectationem,

77 623 162 689 etsie
176 622 266 712 lepra
281 622 420 713 repletur
438 626 542 692 anima·
559 628 637 714 ejus.
657 626 738 692 Nam
753 637 786 692 et
800 625 935 716 populus
951 624 1003 693 ille
1017 628 1104 715 prior

78 733 181 799 habuit
199 735 232 799 in
250 758 283 800 se
302 736 434 824 gratiam
451 736 522 811 Dei,
540 737 596 802 sed
611 748 779 824 postquam
798 737 831 800 iu
848 759 957 801 verum
973 735 1104 823 Moysen

78 843 246 938 Dominum
272 855 414 910 nostrum
436 825 546 910 desum
571 844 734 909 Christum
750 843 960 910 extenderunt
983 843 1104 932 linguas

77 954 275 1042 blasphemiae
290 979 368 1030 suae,
384 955 529 1022 discessit
539 953 579 1020 ab
592 954 652 1020 illis
665 955 780 1029 nubes,
793 967 825 1020 et
839 955 982 1020 transivit
993 954 1033 1020 ad
1045 977 1104 1019 nos

77 1065 104 1130 in
122 1078 266 1132 montem
280 1065 455 1141 excelsum,
479 1089 553 1131 cum
575 1065 720 1131 Salvator
742 1065 1104 1151 nosterltranslormatus
1207 1087 1208 1092 ¹

78 1189 129 1253 est,
144 1190 175 1242 et
192 1181 296 1244 nubes
312 1176 469 1266 refulgens
485 1177 688 1243 obumbravit
699 1174 871 1264 discipulos
883 1177 963 1264 ejus,
976 1187 1009 1241 et
1020 1176 1106 1241 venit

80 1311 129 1352 sax
151 1289 188 1354 de
213 1289 316 1362 nube,
335 1287 443 1353 dicens
461 1311 469 1352 ε
492 1287 575 1353 allio
589 1299 637 1352 est
652 1284 750 1352 Filius
766 1307 855 1350 meus
871 1283 1103 1360 dilectissimus,

82 1423 92 1456 ι
104 1397 132 1461 in
143 1395 298 1485 quo‘mihi
310 1398 393 1462 bene
405 1394 584 1485 complacui
595 1397 617 1461 ¹.
633 1425 645 1457 ι
662 1395 737 1461 Post
751 1396 814 1461 hoc
825 1419 900 1485 ergo
914 1394 1012 1460 illaria
1024 1393 1105 1461 sacta

83 1522 121 1574 est
132 1508 256 1599 leprosa
273 1507 355 1574 sicut
370 1507 435 1573 nix.
453 1508 565 1574 Donec
580 1508 690 1572 aderat
713 1495 827 1582 nubes,
843 1506 940 1570 lllaria
960 1528 1024 1572 non
1039 1519 1107 1570 erat

84 1615 202 1706 leprosa,
220 1619 280 1686 sed
301 1641 376 1685 cum
392 1618 544 1685 discessit.
564 1618 675 1683 Donec
689 1618 776 1683 enim
795 1617 931 1681 visitatio
952 1615 1011 1682 Dei
1037 1626 1104 1680 erat

90 1727 116 1791 in
127 1728 235 1817 populo
251 1726 318 1804 illo,
336 1750 400 1794 non
416 1739 484 1793 eret
499 1725 641 1816 leprosus
658 1748 666 1791 :
686 1727 741 1791 ubi
757 1749 832 1791 vero
848 1725 1003 1798 discessit,
1019 1725 1107 1814 iguo·

92 1837 171 1902 miaia
190 1837 297 1904 vultus
318 1839 366 1903 sui
392 1838 532 1904 contexit
553 1859 637 1901 eum.
660 1834 778 1901 Sedet
798 1858 856 1899 uos
876 1835 1043 1900 timeamus
1066 1857 1124 1898 ue·

96 1944 341 2038 larteellugemus
357 1973 374 2013 a
390 1947 482 2014 nobis
497 1946 581 2012 hano
598 1947 716 2012 nubem
732 1944 814 2010 male
833 1943 1006 2032 loquendo,
1024 1941 1106 2033 male

98 2059 212 2144 agendo,
226 2059 307 2125 male
323 2058 492 2149 cogitando
510 2082 518 2122 :
535 2071 567 2122 et
583 2072 659 2123 tunc
675 2056 841 2146 apparebit
857 2057 889 2121 in
905 2057 999 2121 nobis
1019 2053 1104 2143 lepra

104 2168 222 2248 peccati,
235 2191 302 2234 com
314 2169 489 2234 deseruerit
504 2191 562 2232 nos
575 2168 673 2256 gratia
689 2168 759 2232 Dei.

150 2271 196 2335 lll.
208 2275 262 2341 :Et
274 2280 400 2366 respexit
416 2279 521 2344 Aaron
539 2279 578 2342 ad
591 2276 736 2352 Mariam,
750 2287 782 2341 et
796 2299 872 2342 ecce
887 2288 956 2340 erat
970 2273 1103 2364 leprosa.

107 2405 120 2436 ι
132 2378 166 2442 lit
177 2379 245 2446 dixit
254 2385 348 2452 daron
360 2387 402 2452 ad
412 2385 543 2474 Moysen
557 2409 564 2450 :
580 2385 709 2462 Precor,
722 2386 871 2462 Domine,
883 2409 924 2451 ne
936 2384 1108 2451 contuleris

99 2513 111 2545 ι
125 2487 152 2551 in
158 2513 208 2556 nos
215 2509 394 2581 peccatum,
404 2498 556 2585 quoniam
568 2496 781 2585 ignoravimus
793 2495 879 2584 quod
890 2497 1103 2583 peccavimus.

94 2597 159 2663 »Ne
172 2599 223 2666 fiat
238 2603 340 2669 simile
355 2606 463 2682 morti,
484 2617 517 2669 et
533 2616 567 2670 ut
589 2592 721 2671 aborsus
735 2605 857 2693 ejectus
873 2605 912 2670 de
927 2603 1017 2670 vulva
1039 2628 1108 2669 ma-

93 2709 173 2784 rtris,
189 2724 220 2777 et
235 2716 376 2780 comedit
394 2715 561 2781 dimidium
578 2716 681 2782 carnis
697 2714 798 2803 ejus².
815 2743 828 2777 s
844 2713 921 2779 Vult
936 2716 967 2780 in
983 2714 1045 2780 hoc
1061 2738 1108 2780 os·

90 2820 202 2888 undere
218 2826 307 2912 quod
321 2825 458 2914 populus
474 2825 525 2891 ille
540 2826 693 2892 formatus
707 2827 836 2916 quidem
851 2825 946 2890 luerit
963 2825 995 2890 ia
1017 2823 1105 2890 vulva
1173 2855 1178 2866 ¹

86 2917 261 3002 matrissuae
274 2935 459 3026 Synagagse,
471 2961 534 3002 non
545 2950 650 3004 tamen
661 2941 826 3026 pervenire
836 2936 977 3025 potuerit
987 2935 1027 3000 ad
1038 2959 1108 3024 per-

80 3039 190 3111 lectum
211 3059 246 3111 et
262 3047 420 3137 integrum
437 3061 573 3137 partum.
593 3048 683 3114 Sicut
697 3049 783 3114 enim
798 3052 928 3114 aborsus
944 3047 1107 3135 imperiec-

80 3160 123 3216 tus
138 3167 170 3220 et
183 3156 417 3244 incompositus
432 3168 479 3222 est
492 3170 614 3246 partus,
627 3159 669 3225 ita
685 3170 718 3223 et
731 3157 784 3223 ille
800 3156 935 3247 papulus
947 3154 1107 3245 aliquanta

76 3264 199 3348 quidem
219 3277 364 3355 tempore
379 3268 461 3332 intra
477 3265 604 3334 vulvam
622 3269 744 3341 matris,
761 3269 823 3334 boc
841 3279 901 3344 est,
920 3268 1001 3332 intra
1023 3267 1108 3356 Sya-

75 3394 175 3464 rgogae
191 3377 427 3443 institutionem
443 3378 564 3467 positus
576 3380 652 3453 suit;
669 3380 724 3446 sed
735 3375 873 3468 peccatis
885 3377 1108 3444 intercedenti-

74 3484 142 3561 bus,
154 3485 290 3553 formari
307 3489 347 3553 ed
360 3489 518 3578 integrum
534 3489 748 3577 vivificarique
764 3514 827 3556 non
842 3491 967 3579 potuit:
984 3502 1017 3555 et
1036 3490 1108 3555 ideo

2 3673 3 3680 ἵ
73 3594 188 3682 abjecti
205 3608 282 3662 sunt
297 3595 383 3662 velut
404 3599 536 3664 aborsus
553 3598 756 3688 imperfectus
772 3613 804 3666 et
821 3601 1022 3677 immaturus,
1036 3623 1109 3689 pec·

72 3714 141 3768 osto
157 3703 285 3800 scilicet
295 3718 504 3772 consumente
517 3705 697 3780 dimidium,
713 3719 746 3772 nt
762 3708 818 3782 ait,
832 3709 934 3774 carnis
951 3705 1030 3797 ejus.
1053 3707 1109 3772 Est

72 3824 179 3880 tamen
192 3815 356 3882 interdum
366 3828 399 3882 et
411 3818 543 3883 aborsus
554 3818 667 3883 bonus.
683 3817 790 3887 Bonus
803 3833 910 3886 autem
920 3821 1052 3886 aborsus
1064 3816 1111 3880 di·

105 3939 481 4001 ·ttarrtr.xv1·,5.*²rtnm.
496 3959 542 4002 sn,
556 3951 708 4009 roetsrqq.
