2744 4600
409 306 441 352 rr
466 307 605 352 nunsaos
630 307 758 352 acarna
783 310 833 350 xx.
1065 282 1132 370 475

95 437 125 490 ct
137 423 320 512 prudentia,
334 434 366 487 ct
376 423 489 512 pietas,
505 421 688 512 oaetorscquc
706 425 846 490 virtutos.
867 422 947 502 Qum
962 435 1069 488 autam
1084 422 1131 487 l'a-

98 535 189 600 ciunt
210 555 268 600 nos
290 532 387 607 vinci,
403 531 524 598 luxuria
540 544 588 598 est
601 547 634 598 ct
650 533 760 609 libido,
782 533 910 600 avaritia
927 545 960 598 ct
975 532 1131 620 impietas,

1 659 2 672 ¹
96 641 264 728 omnisque
279 638 410 706 malitia.
430 641 505 706 flac
526 663 601 729 orgo
624 653 697 706 sunt
717 665 787 730 quaa
802 663 860 706 nos
875 640 1013 706 historiar
1030 652 1133 704 taxtur

2 811 3 820 ,
94 750 236 818 edocuit.
261 748 382 816 Verum
404 749 554 836 quoniam
582 751 722 816 dounnos
740 752 772 815 in
795 747 985 816 revelatione
1006 772 1074 824 sua,
1095 771 1133 814 aa

5 921 7 924 ,
96 883 172 947 quaa
187 860 219 924 in
235 859 315 948 Lago
331 859 509 926 secundum
524 857 688 924 historiam
707 860 825 947 scripta
849 873 922 923 sunt
944 858 1074 924 adducit
1094 857 1133 923 ad

6 989 10 998 '
97 967 247 1054 mysteria
263 967 380 1042 divina,
401 977 434 1032 et
450 980 647 1033 sacramenta
664 969 808 1056 quaedam
827 969 858 1033 in
874 968 911 1032 iis
925 969 1039 1034 edocet
1054 989 1134 1033 con-

0 1145 5 1152 ,
99 1075 205 1150 tiucri,
229 1075 443 1141 necessarium
466 1074 590 1140 vidntur
609 1076 712 1140 otiam
727 1077 903 1144 sacundum
924 1077 956 1141 id
971 1077 1057 1163 quod
1081 1074 1133 1141 illc

2 1245 6 1262 ,,
94 1184 206 1257 sensit,
218 1207 276 1248 nos
288 1207 414 1271 quoquo
427 1185 466 1248 ab
479 1180 534 1248 illo
546 1183 653 1248 datum
664 1185 867 1271 expositionis
879 1182 1019 1274 regulam
1029 1185 1130 1273 acqui,

96 1306 129 1358 et
151 1294 256 1382 primo
280 1315 457 1358 memorare
476 1315 514 1358 oa
533 1312 612 1380 quaa
625 1293 664 1358 ad
685 1291 833 1382 dragulum
855 1292 1004 1360 Ecclesiae
1023 1294 1132 1381 cujus-

98 1403 172 1467 dam
194 1402 335 1467 scribens
356 1400 433 1466 dicit
447 1424 455 1466 ε
469 1428 481 1462 a
494 1401 598 1466 Habes
614 1402 658 1466 ilai
682 1403 836 1488 quosdam
857 1403 911 1491 qui
930 1415 1041 1467 tonent
1055 1404 1134 1468 doc·

99 1539 113 1574 r
131 1511 246 1575 trinam
265 1509 407 1584 Balaam,
423 1509 477 1596 qui
495 1509 604 1574 docuit
620 1507 737 1578 Balach
755 1510 882 1576 mittero
902 1511 1086 1576 scandalum
1101 1513 1147 1578 in'

100 1649 115 1680 a
132 1630 301 1706 conspectu
314 1615 454 1682 filiorum
470 1615 580 1693 lsraiil,
594 1631 628 1682 ut
644 1619 874 1687 manducarent
888 1620 1048 1687 immolata
1065 1621 1136 1687 ido·-

1 1808 4 1819 ¹
101 1757 115 1792 ι
131 1728 168 1793 lis
186 1739 219 1792 ct
236 1727 498 1818 fornicarentur&
514 1755 529 1789 r
544 1729 627 1816 Ergo
643 1730 985 1817 temporibuadoannis
1003 1729 1135 1819 apostoli

1 1826 2 1829 ¹
98 1848 192 1904 crant
206 1837 336 1927 quidam
351 1839 383 1902 in
398 1835 539 1904 Ecclesia
559 1835 611 1904 illa
626 1837 667 1902 ad
683 1861 780 1925 quam
795 1840 966 1914 scribebat,
985 1841 1135 1906 ducentos

98 1949 280 2014 doctrinam
292 1945 432 2016 Balaam.
448 1946 645 2014 Putasaaita
661 1949 882 2037 accipiendum
898 1953 1054 2039 asl,quod
1065 1951 1135 2016 fua-

1 2051 2 2054 '
99 2058 164 2122 rint
183 2054 290 2132 inillis
313 2056 424 2125 dicbus
440 2057 496 2144 qui
512 2056 654 2123 dicarent
677 2058 841 2124 sa'doccra
862 2083 898 2125 aa
920 2081 990 2148 quae
1005 2060 1135 2128 Balaam

100 2165 226 2242 docuit,
238 2177 270 2230 et
280 2167 334 2255 qui
349 2165 580 2254 profiterentur
591 2189 625 2232 sc
641 2166 827 2256 dogmatum
838 2183 870 2234 ct
885 2171 1089 2236 traditionum
1102 2170 1137 2237 il-

0 2341 1 2354 ,
102 2276 168 2342 lius
178 2299 246 2340 csso
257 2277 419 2344 doctores?
431 2277 470 2343 alr
485 2276 562 2342 illud
575 2277 680 2366 potius
693 2278 846 2344 dehemus
863 2279 1039 2356 advertere,
1049 2279 1137 2367 quod

2 2462 7 2479 Ι
104 2387 131 2452 si
148 2387 218 2473 quis
233 2385 323 2456 saciat
339 2412 418 2477 opus
434 2389 520 2475 quod
534 2389 609 2455 lecit
622 2386 763 2462 Balaam,
776 2388 801 2452 is
815 2389 992 2455 doctrinam
1007 2388 1136 2455 Balaam

1 2495 6 2500 ’
101 2498 221 2563 docere
237 2497 401 2564 videatur?
412 2497 506 2566 Sicut
521 2511 554 2563 ot
569 2499 609 2563 dc
625 2500 768 2564 doctrina
784 2497 912 2566 dazabcl
923 2500 956 2564 in
967 2500 1078 2565 oudam
1090 2523 1137 2564 ro·

99 2606 257 2682 volatione
274 2620 481 2684 memoratur,
499 2632 568 2674 non
584 2609 671 2695 quod
691 2608 802 2698 aliquis
819 2633 858 2676 ox
873 2608 1033 2698 discipulis
1047 2610 1137 2676 daza·

98 2715 156 2784 bel
173 2715 285 2783 doceat
295 2742 366 2806 quar
377 2716 429 2784 illa
444 2717 621 2792 tradiderit,
634 2717 787 2806 sedquod
798 2720 906 2806 siquis
918 2719 1132 2810 (verbicausa)

100 2839 160 2894 aut
178 2826 348 2915 prophetas
372 2829 428 2894 Dei
448 2839 668 2916 persequatur,
689 2841 722 2892 ut
745 2828 795 2894 illa
816 2830 902 2904 lacit,
922 2843 976 2895 aut
996 2831 1035 2896 ad
1055 2830 1137 2897 idola

105 2935 231 3023 aliquos
247 2938 397 3026 decipiat,
416 2937 463 3002 rol
480 2937 563 3003 salsis
581 2937 929 3026 circumscriptionibus
943 2941 1077 3029 perimat
1092 2942 1137 3007 in·

100 3058 273 3118 nocantcsa
286 3047 345 3112 iste
356 3045 485 3112 deaabol
498 3047 623 3112 dicotur
637 3060 745 3113 tanaro
757 3048 945 3142 doptrinam.
958 3047 991 3113 Si
1000 3071 1076 3138 orgo
1087 3049 1141 3116 ali-

99 3157 175 3245 quis
186 3156 277 3224 malis
292 3156 434 3224 consiliis
449 3155 633 3224 scandalum
647 3156 903 3246 gencrctpopulo
915 3158 986 3233 Doi,
999 3171 1032 3223 at
1042 3159 1140 3226 ollan-

100 3267 227 3332 sioncm
236 3267 374 3333 divinam
388 3279 483 3355 atquo
498 3267 693 3334 iracundiam
709 3264 870 3334 coelcstom
883 3280 1032 3354 provocat
1041 3268 1139 3356 plebi,

104 3375 159 3442 rel
175 3373 332 3442 idolorum
347 3375 509 3443 sacrificiis
526 3375 806 3450 communicando,
821 3375 868 3441 rol
880 3378 996 3465 stupris
1007 3389 1063 3441 aut
1073 3375 1142 3444 libi-

107 3484 179 3552 dini
195 3486 373 3558 serviendos
385 3485 439 3552 hic
454 3485 634 3552 doctrinam
650 3484 780 3552 Balaam
797 3499 905 3551 tanaro
920 3487 1072 3553 dicendus
1083 3501 1140 3552 est.

104 3597 167 3662 Est
182 3617 256 3683 ergo
269 3593 455 3662 execrabilis
476 3596 618 3684 corporis
634 3597 730 3662 etiam
751 3595 927 3664 fornicatio.
950 3597 1035 3677 Quid
1057 3599 1143 3672 anim

100 3709 150 3773 ita
166 3703 357 3781 execrabile,
377 3729 472 3793 quam
490 3704 643 3794 templum
655 3706 714 3772 Dei
726 3705 856 3782 violare,
871 3731 908 3774 ac
924 3705 1034 3774 tollore
1046 3729 1145 3781 mom

100 3819 163 3894 bra
181 3814 313 3889 Christi,
324 3826 363 3879 ’at
377 3815 487 3890 lacera,
497 3817 641 3881 mambra
657 3815 832 3882 meretricis
843 3815 878 3882 Ῥ

138 3941 245 4008 Ἀροε.
260 3959 286 3999 n,
304 3941 342 4000 ad.
358 3945 430 3992 -21
444 3943 503 3992 Cor.
519 3959 552 3996 rr.
