2776 4616
382 279 413 320 rr
439 278 579 322 ruursaos
603 278 733 321 ιιοιιιιιι
754 278 822 321 xiii.
892 308 895 315 f
1067 253 1131 341 599

118 420 165 464 nus
175 407 255 462 esset
272 396 315 462 ad
333 417 431 484 quam
445 397 567 464 veniret
585 399 683 472 Deus,
696 398 753 462 sad
771 410 805 462 ut
820 396 1004 484 fugarentur
1020 394 1065 462 illi
1077 397 1131 483 qui

116 507 150 574 ud
164 504 417 573 maledicendum
438 519 470 574 et
485 507 750 576 malefaciendum
765 507 874 572 adesso
890 517 1130 573 consueuerant.

116 617 275 682 tamenim
296 617 374 683 hino
394 618 582 704 providebat
600 620 687 685 Deus
702 616 821 706 populo
836 640 905 682 suo.
923 616 1022 682 Adest
1041 637 1130 702 argo,

117 740 144 792 at
154 727 222 792 dicit
238 727 325 792 Deus
340 727 381 792 ad
396 751 492 795 eum:
510 729 623 809 «Quid
638 728 781 798 homines
795 727 845 793 isti
858 724 1064 792 veneruntad
1080 723 1134 789 toi

118 865 130 898 ι
144 838 179 902 Et
189 835 263 902 dixit
278 834 408 903 Balaam
420 837 461 903 ad
472 838 575 904 Deum
589 861 597 903 ι
612 837 731 904 Balach
743 836 825 904 titius
841 835 965 924 Sephor
977 857 1032 900 rex
1042 832 1134 898 Moab

120 973 131 1004 ι
145 945 221 1010 misit
234 967 288 1009 eos
306 944 349 1011 ad
365 968 430 1022 me,
443 947 552 1013 dicens
567 969 575 1012 ε
593 947 677 1014 Eros
694 944 831 1036 populus
845 947 920 1012 exiit
932 945 973 1010 da
983 943 1137 1032 AEgypto,

119 1075 171 1116 »os
188 1051 353 1140 cooperuit
374 1053 488 1120 faciem
512 1067 616 1130 terras,
634 1069 667 1121 at
686 1056 738 1122 hio
760 1056 848 1122 sodet
868 1057 955 1144 juxta
973 1076 1034 1120 me.
1056 1051 1137 1118 Veni
1226 1081 1229 1090 ¹

118 1184 209 1249 sergo
224 1184 326 1236 nune,
344 1174 377 1226 et
392 1161 529 1230 maledie
545 1165 623 1230 mihi
635 1189 724 1241 euru,
737 1166 762 1232 si
778 1165 859 1232 forie
875 1165 1048 1253 poterimus
1065 1183 1140 1249 per-

119 1298 130 1330 ι
144 1280 248 1335 eutero
259 1293 335 1335 aum
350 1283 382 1334 et
393 1271 521 1357 ejicere.
536 1273 576 1338 Et
591 1273 670 1338 dixit
685 1274 770 1339 Deus
784 1273 826 1338 ad
838 1270 988 1338 Balaam:
1004 1270 1075 1336 Non
1086 1289 1138 1333 aas

120 1407 131 1440 ι
146 1400 214 1443 uuor
231 1377 289 1452 eis,
310 1381 414 1464 noque
431 1377 599 1446 maledicas
615 1379 769 1469 populum
786 1402 794 1442 ι
814 1392 863 1446 est
881 1380 967 1445 enim
987 1376 1140 1444 benedic-

126 1485 257 1550 stus¹.»

158 1594 226 1661 Vll.
241 1595 341 1662 Altior
351 1597 405 1664 hio
415 1599 556 1664 exoritur
571 1599 716 1686 quaetio,
728 1610 761 1664 ot
777 1599 883 1665 neseio
901 1609 1008 1662 utrum
1024 1597 1142 1662 eonta-

122 1703 183 1768 niat
202 1728 271 1772 ram
287 1718 350 1772 tam
365 1708 516 1796 profundi
537 1709 679 1796 mysterii
699 1708 873 1783 denudare,
889 1721 921 1773 at
939 1707 1082 1796 proferro
1103 1705 1144 1772 ad

122 1815 236 1892 turbas,
249 1827 281 1879 ot
295 1839 348 1882 eas
363 1820 473 1884 turbas
488 1840 558 1905 quaa
570 1818 611 1886 ad
626 1819 817 1886 auditorium
831 1819 918 1884 verbi
930 1817 988 1882 Dei
1004 1839 1068 1882 non
1084 1816 1146 1883 nisi

120 1925 223 2012 paucis
238 1924 351 1990 diebus
363 1927 547 2002 adveniunt,
560 1939 592 1994 et
606 1928 759 1994 continuo
772 1927 951 2001 discedunt,
964 1947 1025 1990 nee
1035 1924 1068 1990 in
1081 1945 1147 1986 ιιιιι·

120 2033 268 2099 ditatione
285 2035 373 2100 vorbi
387 2036 446 2102 Dei
457 2037 575 2102 diutius
587 2036 821 2102 immorantur:
842 2049 949 2101 tanim
964 2056 1023 2122 pro
1037 2033 1075 2098 iis
1090 2033 1146 2118 qui

121 2143 249 2210 studiosi
264 2157 350 2220 sunt,
364 2158 396 2210 et
410 2147 515 2212 sciunt
530 2147 653 2222 audire,
668 2159 863 2234 possuntque
875 2167 987 2232 capara
1003 2143 1147 2230 spiritua-

125 2251 186 2316 lem
203 2275 342 2328 sensum,
358 2277 460 2342 pauca
476 2254 579 2342 aliqua
599 2255 741 2322 dioemus
755 2279 796 2320 ex
814 2253 932 2322 multis.
952 2252 1058 2318 Potest
1072 2273 1148 2338 argo
1199 2307 1201 2310 .

125 2361 222 2447 objici
242 2361 303 2427 tate
323 2362 449 2450 aliquid.
472 2366 603 2431 Iovooet
622 2362 698 2430 iisset
718 2364 878 2428 daemones
894 2359 1036 2433 Balaam,
1056 2357 1151 2424 malo·

125 2469 209 2536 dieat
232 2472 363 2561 populo,
390 2476 525 2542 invocati
555 2476 716 2540 daemonas
740 2474 855 2539 faciam
882 2471 968 2559 quod
1000 2479 1147 2558 possessis

121 2579 278 2665 numquid
297 2603 361 2646 ιιοιι
379 2595 483 2669 potest
503 2583 588 2648 Deus
605 2581 774 2648 defendero
793 2605 810 2644 ιι
832 2579 1028 2645 daemonibus
1050 2600 1153 2664 popu·

123 2682 203 2761 lum,
217 2686 343 2774 vimque
357 2712 468 2754 eorum
484 2690 516 2754 in
532 2688 760 2756 niolosuoiendo
776 2687 963 2754 destrueroi'
977 2685 1063 2765 Quid
1078 2708 1154 2773 ergo

121 2818 204 2884 opus
215 2807 283 2862 erat
296 2809 331 2862 ut
345 2798 411 2886 ipss
427 2798 548 2864 veniret
563 2799 603 2864 ud
614 2796 756 2870 Balaam,
770 2807 803 2860 et
815 2807 984 2862 consuetos
996 2793 1155 2858 daemonas

120 2903 309 2992 prohiberet
320 2907 532 2984 accedere‚ne
543 2907 591 2972 vel
604 2918 763 2974 tentarent
774 2917 828 2969 aut
840 2915 1031 2970 conarentur
1042 2899 1156 2966 laedera

120 3011 281 3102 populum
301 3015 418 3080 suum?
435 3017 485 3082 Ad
507 3017 575 3082 haro
596 3037 672 3104 ergo
694 3015 768 3082 licet
784 3038 848 3079 non
868 3013 975 3078 omnia
994 3035 1064 3099 quae
1082 3034 1158 3099 pos-

120 3134 202 3188 sunt
217 3146 385 3190 occurrere
400 3126 586 3214 proferenda
608 3136 696 3200 sunt,
713 3137 819 3190 tamen
836 3123 979 3188 dicemus
1002 3145 1041 3188 ex
1055 3133 1158 3209 parta,

122 3232 280 3318 quianon
293 3231 358 3299 vult
369 3234 454 3300 Deus
468 3235 649 3300 daemonuua
663 3257 763 3323 genus
776 3245 848 3298 ante
860 3245 984 3319 tempus
995 3231 1156 3296 damnare.

121 3338 245 3404 Sciunt
263 3343 349 3408 enim
363 3357 395 3408 et
411 3345 468 3433 ipsi
487 3345 644 3410 dasmouoa
665 3344 737 3431 quia
757 3354 882 3429 tempus
897 3363 1009 3405 eorum
1026 3362 1163 3427 pressans

123 3446 199 3512 hoc
214 3450 363 3517 seculum
379 3455 532 3520 eontinet.
546 3453 717 3542 Propterea
730 3451 866 3537 denique
883 3462 916 3514 at
930 3449 1103 3517 Dominum
1116 3468 1165 3514 ro·

122 3556 251 3642 gabant
263 3571 372 3628 utnon
384 3574 547 3649 torqueret
559 3583 612 3628 eos
624 3571 843 3648 antistamus,
855 3581 958 3645 nequo
970 3559 1002 3622 in
1014 3559 1166 3644 abyssum

123 3665 285 3756 mitteret.
301 3670 341 3734 Et
356 3672 397 3736 ob
418 3673 481 3738 hoo
497 3695 600 3758 neque
619 3667 780 3736 diabolum
802 3669 934 3732 removit
956 3665 1167 3754 aprincipato

120 3774 241 3841 saeculi
257 3776 366 3865 hujus,
378 3781 450 3868 quia
463 3782 569 3850 adhuc
585 3804 665 3870 opos
681 3791 728 3845 est
744 3801 840 3868 opera
857 3778 927 3864 ejus
938 3777 978 3840 ad
996 3771 1167 3863 perfeetio-

164 3897 269 3950 ¹1tum.
286 3918 349 3965 xxii,
360 3923 384 3970 9,
404 3923 441 3968 ro,
455 3927 494 3968 ιι,
508 3925 544 3958 ιι.
556 3937 587 3948 -
601 3907 720 3958 uinua-
731 3924 785 3966 ιιιι,
797 3924 834 3970 ιιι
851 3907 912 3956 Lue.
926 3921 979 3964 ιιιι,
991 3904 1031 3952 dt·
