2748 4596
224 247 261 290 12
340 301 345 310 Ι
670 243 811 288 antennas

219 369 418 434 sermonibus
448 389 512 432 suae
532 365 675 432 lectionis
701 365 868 431 illuminat.
896 360 976 430 Vide
1006 363 1202 438 accinctum,
1218 375 1247 427 ot

220 479 402 566 expeditum
421 479 599 543 venientem
620 477 793 542 deremiam
813 476 854 542 ad
878 473 1027 542 auxilium
1043 483 1248 548 nostramet

221 585 389 652 voluminis
406 587 453 650 sui
469 584 579 674 jaculis
590 583 696 650 hostes
712 585 900 659 acerrimos,
918 583 1021 649 cordis
1038 583 1101 649 mei
1113 582 1250 647 tenebras

223 694 426 782 effugantem.
452 694 638 782 decingitur
664 704 695 757 et
725 691 835 758 Daniel
860 690 1071 760 ad‘auxiiium
1096 702 1250 764 nostrum,

225 825 298 868 cum
314 825 371 866 nos
388 802 428 867 de
447 802 564 867 Christi
585 801 750 888 praesentia
772 825 808 866 ac
828 809 944 888 regno,
961 811 993 864 et
1013 799 1052 863 de
1068 797 1254 864 Antoebristi
1361 801 1362 822 ¹

222 911 329 976 sutura
345 910 455 975 fraudo
469 910 597 976 instruit
610 921 642 974 et
652 921 837 998 praemonet.
851 908 947 974 Adest
960 921 991 972 et
999 905 1146 974 Ezechiel
1158 929 1256 971 sacra-

225 1030 333 1084 menta
363 1018 454 1083 nobis
472 1016 609 1084 ooelestia'
631 1017 663 1081 in
686 1015 954 1104 quadriformibus
977 1027 1119 1080 rotarum
1139 1013 1256 1078 circulis

225 1126 370 1213 signans,
387 1136 420 1188 et
437 1137 539 1190 rotam
555 1122 751 1191 concludens
768 1123 799 1188 in
816 1135 895 1188 rota.
916 1123 1014 1188 Ducit
1027 1134 1060 1185 ot
1076 1121 1159 1187 Osee
1171 1121 1259 1186 bisse·

224 1255 279 1298 nas
300 1233 475 1320 prophetici
498 1233 631 1322 agminis
652 1245 789 1307 turmas,
813 1243 845 1296 et
866 1231 1043 1318 procedunt
1064 1253 1175 1294 omnes
1190 1253 1258 1295 sue·

224 1341 319 1406 cincti
332 1340 458 1406 lumbos
472 1340 505 1404 in
523 1342 652 1405 veritate
665 1363 761 1427 quam
777 1339 950 1427 praedicant
962 1338 1001 1404 ad
1016 1335 1169 1413 auxilium
1190 1361 1260 1402 suo-

223 1475 313 1525 rum,
330 1462 488 1514 uteorum
502 1447 715 1514 voluminibus
730 1449 895 1523 instructi,
913 1446 1085 1512 diabolicas
1099 1470 1163 1511 uon
1179 1447 1259 1535 igno-

223 1581 329 1623 remus
341 1557 480 1620 astutias.
498 1556 551 1620 Isti
563 1579 639 1642 ergo
651 1555 705 1641 qui
722 1556 817 1619 sortus
830 1566 902 1620 sunt
912 1605 919 1628 ,
931 1555 1041 1619 armati
1056 1567 1088 1618 et
1105 1555 1260 1642 praecineti

224 1664 349 1730 lumbos
361 1665 394 1729 in
406 1663 538 1729 veritate
553 1674 670 1728 exeunt
684 1664 717 1726 in
733 1663 883 1728 auxilium
900 1675 1043 1728 nostrum
1056 1714 1064 1738 ,
1077 1674 1109 1726 et
1123 1675 1260 1753 pugnant

225 1774 405 1843 nobiseum.
416 1772 563 1836 'infantes
580 1783 684 1836 autem
696 1822 704 1847 ‚
717 1784 749 1836 et
765 1757 912 1838 mulieres
928 1781 991 1837 non
1003 1785 1123 1837 exeunt
1138 1773 1174 1837 ad
1183 1795 1258 1859 prae-

226 1881 304 1948 lium
320 1891 474 1945 nostrum.
492 1880 557 1944 Nec
569 1879 705 1954 mirum,
721 1881 822 1946 inians
841 1882 925 1946 enim
939 1881 1056 1946 dicitur
1072 1881 1125 1967 qui
1140 1904 1197 1944 nou
1208 1877 1259 1942 io-

226 1989 342 2076 quitur.
357 1987 444 2067 Quid
455 2009 507 2051 me
518 2010 593 2074 ergo
604 1987 712 2074 juvare
724 1989 826 2076 potuit
839 1987 891 2053 ilie
904 1989 958 2076 qui
970 1986 1047 2052 nihii
1060 1988 1185 2052 locutus
1196 1987 1264 2052 est?

225 2097 317 2184 eujus
340 2095 417 2161 nihil
437 2095 562 2161 invenio
579 2096 666 2182 quod
686 2093 810 2184 legam?
832 2099 923 2185 eujus
943 2119 1117 2162 moserano
1138 2120 1201 2160 non
1219 2097 1266 2159 iu·

225 2205 340 2269 struit?
354 2204 517 2271 Mulierem
540 2228 613 2270 vero
633 2205 709 2270 dicit
727 2205 895 2293 Apostolus
912 2207 1075 2272 infirmum
1092 2229 1144 2272 vas
1161 2229 1230 2273 esse
1241 2206 1265 2272 ¹.

227 2313 317 2377 Unde
331 2323 364 2377 et
379 2325 609 2402 consequenter
626 2313 790 2380 infirmum
809 2339 859 2381 vas
875 2315 915 2380 ad
934 2315 1121 2380 conflictum
1139 2339 1202 2381 non
1220 2339 1269 2382 re

225 2419 290 2492 nit,
310 2440 351 2482 no
372 2417 588 2506 confringatur
602 2431 634 2482 et
651 2431 767 2508 pereat.
789 2420 842 2485 Sic
858 2444 996 2510 namque
1010 2433 1042 2485 et
1058 2420 1097 2486 de
1113 2419 1192 2485 Jesu
1207 2421 1271 2486 Do·
1361 2479 1362 2490 ,

225 2526 312 2591 mino
329 2527 361 2590 in
374 2525 551 2614 Evangeliis
567 2526 697 2601 dicitur,
717 2528 790 2613 quia
804 2527 986 2594 «calamum
1002 2540 1188 2617 quassatum
1204 2536 1272 2593 non
1361 2527 1362 2538 ¹

225 2631 457 2721 aconfrmget².
474 2660 486 2694 a
508 2634 590 2713 Quia
606 2657 681 2722 ergo
697 2633 844 2700 mulieres
858 2661 874 2701 a
890 2637 963 2700 viris
977 2636 1039 2700 suis
1056 2635 1143 2701 domi
1161 2636 1273 2702 doceri
1361 2665 1362 2726 j

228 2742 403 2830 jubentur,
423 2753 457 2806 et
470 2743 568 2830 magis
589 2742 621 2806 in
640 2742 866 2832 discipulorum
883 2767 978 2832 quam
999 2745 1186 2810 docentium
1201 2769 1276 2834 per
1360 2739 1362 2802 ἶ

228 2872 304 2914 sona
317 2861 503 2937 ponuntur,
517 2848 557 2915 ad
565 2850 716 2916 auxilium
728 2875 835 2916 meum
849 2875 913 2917 non
925 2854 1011 2917 venit
1021 2853 1075 2940 qui
1084 2854 1204 2918 docere
1222 2877 1277 2918 me

227 2979 292 3022 non
303 2970 424 3045 potest,
438 2969 470 3022 et
486 2957 578 3045 cujus
595 2957 672 3023 nihii
685 2959 810 3025 invenio
826 2960 910 3047 quod
927 2961 1041 3026 imitari
1058 2961 1213 3038 debeam,
1227 2961 1279 3028 uei
1361 3017 1362 3048 p

228 3079 346 3132 tenore.

272 3174 464 3240 Videamus⁸
477 3199 552 3264 ergo
564 3177 640 3263 quid
652 3177 764 3242 dicunt
779 3180 818 3244 ad
830 3180 940 3245 Jesum
952 3182 1003 3246 isti
1014 3181 1069 3268 qui
1082 3181 1223 3245 veniunt
1240 3205 1282 3246 ex

227 3279 280 3346 illa
292 3292 374 3347 terra
392 3306 486 3370 quam
501 3283 661 3349 distribuit
673 3284 796 3373 Moyses
809 3311 816 3350 :
828 3315 840 3346 a
854 3289 943 3352 Sicut
959 3287 1136 3352 audivimus
1154 3289 1280 3376 (cicant)

230 3388 401 3476 »Moysem
418 3389 460 3454 ita
484 3391 648 3456 audiemus
670 3404 702 3456 et
719 3393 781 3457 te‘.
800 3423 813 3455 ι
835 3393 918 3460 Nihil
942 3406 1006 3459 tam
1023 3419 1152 3472 veruna,
1174 3421 1284 3485 quam

229 3495 315 3582 quod
332 3495 435 3559 omnis
452 3498 505 3582 qui
520 3498 608 3563 audit
625 3499 772 3588 Moysen,
789 3503 896 3567 audiat
914 3515 946 3566 et
967 3503 1077 3570 Jesum
1093 3505 1286 3571 Dominum

264 3657 273 3692 ¹
288 3675 297 3707 1
313 3657 379 3708 Petr.
392 3675 431 3707 ru.
444 3685 477 3694 —-
490 3655 664 3726 2Μ.’«1ι1ι.ιειι,
679 3681 718 3712 ao.

265 3743 314 3797 Ὗ.
329 3764 355 3796 rr.

263 3835 425 3905 “Joa.1,17.
