<?xml version="1.0" encoding="UTF-8"?>
<!DOCTYPE html PUBLIC "-//W3C//DTD XHTML 1.0 Transitional//EN"
    "http://www.w3.org/TR/xhtml1/DTD/xhtml1-transitional.dtd">
<html xmlns="http://www.w3.org/1999/xhtml" xml:lang="en" lang="en">
 <head>
  <title>
</title>
<meta http-equiv="Content-Type" content="text/html;charset=utf-8" />
  <meta name='ocr-system' content='tesseract 3.04.00' />
  <meta name='ocr-capabilities' content='ocr_page ocr_carea ocr_par ocr_line ocrx_word'/>
</head>
<body>
  <div class='ocr_page' id='page_1' title='image "./collectioselect01guilgoog_0828.png"; bbox 0 0 2682 4594; ppageno 0'>
   <div class='ocr_carea' id='block_1_1' title="bbox 185 194 768 268">
    <p class='ocr_par' dir='ltr' id='par_1_1' title="bbox 185 194 768 268">
     <span class='ocr_line' id='line_1_1' title="bbox 185 194 768 268; baseline -0.009 -2"><span class='ocrx_word' id='word_1_1' title='bbox 185 203 244 268; x_wconf 69' lang='lat' dir='ltr'>edu</span> <span class='ocrx_word' id='word_1_2' title='bbox 600 194 605 204; x_wconf 86' lang='grc'><em>’</em></span> <span class='ocrx_word' id='word_1_3' title='bbox 624 216 768 262; x_wconf 74' lang='lat' dir='ltr'>unicurtis</span> 
     </span>
    </p>
   </div>
   <div class='ocr_carea' id='block_1_2' title="bbox 182 459 1219 494">
    <p class='ocr_par' dir='ltr' id='par_1_2' title="bbox 182 459 1219 494">
     <span class='ocr_line' id='line_1_2' title="bbox 182 459 1219 494; baseline -0.009 0"><span class='ocrx_word' id='word_1_4' title='bbox 182 471 250 494; x_wconf 67' lang='lat' dir='ltr'>m</span> <span class='ocrx_word' id='word_1_5' title='bbox 260 459 1219 494; x_wconf 58' lang='lat' dir='ltr'>mmmmmmwmmmmmwmmmuw</span> 
     </span>
    </p>
   </div>
   <div class='ocr_carea' id='block_1_3' title="bbox 480 693 960 786">
    <p class='ocr_par' dir='ltr' id='par_1_3' title="bbox 480 693 960 786">
     <span class='ocr_line' id='line_1_3' title="bbox 480 693 960 786; baseline 0 -19"><span class='ocrx_word' id='word_1_6' title='bbox 480 698 677 769; x_wconf 76' lang='lat' dir='ltr'>nomam</span> <span class='ocrx_word' id='word_1_7' title='bbox 703 693 880 786; x_wconf 79' lang='lat' dir='ltr'>Qomra</span> <span class='ocrx_word' id='word_1_8' title='bbox 899 697 927 766; x_wconf 83' lang='grc'>·..</span> <span class='ocrx_word' id='word_1_9' title='bbox 956 697 960 704; x_wconf 86' lang='lat'><em>·</em></span> 
     </span>
    </p>
   </div>
   <div class='ocr_carea' id='block_1_4' title="bbox 246 915 1160 1097">
    <p class='ocr_par' dir='ltr' id='par_1_4' title="bbox 246 915 1160 1097">
     <span class='ocr_line' id='line_1_4' title="bbox 246 915 1160 1002; baseline -0.008 -18"><span class='ocrx_word' id='word_1_10' title='bbox 246 926 290 984; x_wconf 86' lang='lat' dir='ltr'>De</span> <span class='ocrx_word' id='word_1_11' title='bbox 305 921 412 985; x_wconf 88' lang='lat' dir='ltr'>eodem</span> <span class='ocrx_word' id='word_1_12' title='bbox 428 921 545 1002; x_wconf 82' lang='lat' dir='ltr'>psalmo</span> <span class='ocrx_word' id='word_1_13' title='bbox 561 915 599 980; x_wconf 77' lang='lat' dir='ltr'>ab</span> <span class='ocrx_word' id='word_1_14' title='bbox 616 941 650 982; x_wconf 90' lang='lat' dir='ltr'>ea</span> <span class='ocrx_word' id='word_1_15' title='bbox 664 933 747 1001; x_wconf 86' lang='lat' dir='ltr'>purte</span> <span class='ocrx_word' id='word_1_16' title='bbox 765 938 772 980; x_wconf 91' lang='lat'>:</span> <span class='ocrx_word' id='word_1_17' title='bbox 792 945 804 971; x_wconf 80' lang='lat' dir='ltr'>a</span> <span class='ocrx_word' id='word_1_18' title='bbox 820 919 861 978; x_wconf 88' lang='lat' dir='ltr'>Os</span> <span class='ocrx_word' id='word_1_19' title='bbox 874 918 946 997; x_wconf 82' lang='lat' dir='ltr'>justi</span> <span class='ocrx_word' id='word_1_20' title='bbox 964 916 1160 980; x_wconf 71' lang='lat' dir='ltr'><strong>meditabitur</strong></span> 
     </span>
     <span class='ocr_line' id='line_1_5' title="bbox 571 1013 831 1097; baseline -0.015 -20"><span class='ocrx_word' id='word_1_21' title='bbox 571 1013 796 1097; x_wconf 72' lang='lat' dir='ltr'>»sapientium’.</span> <span class='ocrx_word' id='word_1_22' title='bbox 818 1041 831 1067; x_wconf 75' lang='grc' dir='ltr'>ι»</span> 
     </span>
    </p>
   </div>
   <div class='ocr_carea' id='block_1_5' title="bbox 186 1243 1226 1556">
    <p class='ocr_par' dir='ltr' id='par_1_5' title="bbox 186 1243 1226 1556">
     <span class='ocr_line' id='line_1_6' title="bbox 227 1243 1222 1340; baseline -0.008 -24"><span class='ocrx_word' id='word_1_23' title='bbox 227 1254 252 1318; x_wconf 90' lang='grc' dir='ltr'>Ι.</span> <span class='ocrx_word' id='word_1_24' title='bbox 270 1251 337 1320; x_wconf 74' lang='lat' dir='ltr'>Lar</span> <span class='ocrx_word' id='word_1_25' title='bbox 358 1247 488 1340; x_wconf 87' lang='lat' dir='ltr'>quidem</span> <span class='ocrx_word' id='word_1_26' title='bbox 515 1245 621 1316; x_wconf 85' lang='lat' dir='ltr'>volens</span> <span class='ocrx_word' id='word_1_27' title='bbox 644 1271 702 1314; x_wconf 87' lang='lat' dir='ltr'>uos</span> <span class='ocrx_word' id='word_1_28' title='bbox 725 1246 845 1335; x_wconf 89' lang='lat' dir='ltr'>aperire</span> <span class='ocrx_word' id='word_1_29' title='bbox 862 1269 897 1313; x_wconf 91' lang='lat' dir='ltr'>os</span> <span class='ocrx_word' id='word_1_30' title='bbox 925 1244 965 1310; x_wconf 86' lang='lat' dir='ltr'>ad</span> <span class='ocrx_word' id='word_1_31' title='bbox 989 1248 1126 1310; x_wconf 89' lang='lat' dir='ltr'>verbum</span> <span class='ocrx_word' id='word_1_32' title='bbox 1145 1243 1222 1316; x_wconf 87' lang='lat' dir='ltr'>Dei,</span> 
     </span>
     <span class='ocr_line' id='line_1_7' title="bbox 186 1348 1224 1448; baseline -0.006 -26"><span class='ocrx_word' id='word_1_33' title='bbox 186 1358 335 1448; x_wconf 84' lang='lat' dir='ltr'>praecopit</span> <span class='ocrx_word' id='word_1_34' title='bbox 352 1357 475 1425; x_wconf 89' lang='lat' dir='ltr'>dicens:</span> <span class='ocrx_word' id='word_1_35' title='bbox 494 1355 694 1448; x_wconf 80' lang='lat' dir='ltr'>«Loqueris,</span> <span class='ocrx_word' id='word_1_36' title='bbox 716 1353 828 1442; x_wconf 80' lang='lat' dir='ltr'>inquit,</span> <span class='ocrx_word' id='word_1_37' title='bbox 844 1352 914 1418; x_wconf 80' lang='lat' dir='ltr'>hac</span> <span class='ocrx_word' id='word_1_38' title='bbox 929 1348 1042 1419; x_wconf 88' lang='lat' dir='ltr'>sedens</span> <span class='ocrx_word' id='word_1_39' title='bbox 1053 1353 1086 1418; x_wconf 93' lang='lat' dir='ltr'>in</span> <span class='ocrx_word' id='word_1_40' title='bbox 1106 1348 1224 1426; x_wconf 83' lang='lat' dir='ltr'>domo,</span> 
     </span>
     <span class='ocr_line' id='line_1_8' title="bbox 188 1454 1226 1556; baseline -0.003 -30"><span class='ocrx_word' id='word_1_41' title='bbox 188 1477 240 1530; x_wconf 74' lang='lat' dir='ltr'>aet</span> <span class='ocrx_word' id='word_1_42' title='bbox 262 1489 396 1556; x_wconf 80' lang='lat' dir='ltr'>porgens</span> <span class='ocrx_word' id='word_1_43' title='bbox 421 1467 454 1530; x_wconf 92' lang='lat' dir='ltr'>in</span> <span class='ocrx_word' id='word_1_44' title='bbox 473 1465 537 1542; x_wconf 78' lang='lat' dir='ltr'>yia,</span> <span class='ocrx_word' id='word_1_45' title='bbox 554 1476 586 1528; x_wconf 90' lang='lat' dir='ltr'>et</span> <span class='ocrx_word' id='word_1_46' title='bbox 602 1464 727 1549; x_wconf 86' lang='lat' dir='ltr'>jacens,</span> <span class='ocrx_word' id='word_1_47' title='bbox 751 1473 783 1526; x_wconf 88' lang='lat' dir='ltr'>et</span> <span class='ocrx_word' id='word_1_48' title='bbox 804 1461 966 1551; x_wconf 44' lang='lat' dir='ltr'>surgons&amp;</span> <span class='ocrx_word' id='word_1_49' title='bbox 980 1490 993 1523; x_wconf 76' lang='grc' dir='ltr'><strong>ι</strong></span> <span class='ocrx_word' id='word_1_50' title='bbox 1007 1454 1071 1526; x_wconf 86' lang='lat' dir='ltr'>Sed</span> <span class='ocrx_word' id='word_1_51' title='bbox 1086 1472 1119 1524; x_wconf 91' lang='lat' dir='ltr'>et</span> <span class='ocrx_word' id='word_1_52' title='bbox 1135 1457 1226 1524; x_wconf 88' lang='lat' dir='ltr'>Salo-</span> 
     </span>
    </p>
   </div>
   <div class='ocr_carea' id='block_1_6' title="bbox 183 1564 1254 3578">
    <p class='ocr_par' dir='ltr' id='par_1_6' title="bbox 183 1564 1254 3578">
     <span class='ocr_line' id='line_1_9' title="bbox 188 1564 1227 1658; baseline -0.009 -20"><span class='ocrx_word' id='word_1_53' title='bbox 188 1597 264 1638; x_wconf 89' lang='lat' dir='ltr'>mon</span> <span class='ocrx_word' id='word_1_54' title='bbox 277 1574 309 1638; x_wconf 92' lang='lat' dir='ltr'>in</span> <span class='ocrx_word' id='word_1_55' title='bbox 324 1571 503 1639; x_wconf 81' lang='lat' dir='ltr'>Proverbiis</span> <span class='ocrx_word' id='word_1_56' title='bbox 522 1567 623 1636; x_wconf 87' lang='lat' dir='ltr'>simile</span> <span class='ocrx_word' id='word_1_57' title='bbox 646 1564 763 1658; x_wconf 84' lang='lat' dir='ltr'>aliquid</span> <span class='ocrx_word' id='word_1_58' title='bbox 785 1565 872 1634; x_wconf 84' lang='lat' dir='ltr'>brevi</span> <span class='ocrx_word' id='word_1_59' title='bbox 891 1567 1143 1632; x_wconf 67' lang='lat' dir='ltr'>commonitione</span> <span class='ocrx_word' id='word_1_60' title='bbox 1160 1565 1227 1630; x_wconf 88' lang='lat' dir='ltr'>dis-</span> 
     </span>
     <span class='ocr_line' id='line_1_10' title="bbox 185 1667 1226 1769; baseline -0.006 -26"><span class='ocrx_word' id='word_1_61' title='bbox 185 1676 321 1769; x_wconf 77' lang='lat' dir='ltr'>tinguit,</span> <span class='ocrx_word' id='word_1_62' title='bbox 342 1679 471 1747; x_wconf 87' lang='lat' dir='ltr'>dicens:</span> <span class='ocrx_word' id='word_1_63' title='bbox 501 1705 513 1738; x_wconf 78' lang='grc' dir='ltr'>ι</span> <span class='ocrx_word' id='word_1_64' title='bbox 534 1674 630 1766; x_wconf 81' lang='lat' dir='ltr'><strong>Aperi</strong></span> <span class='ocrx_word' id='word_1_65' title='bbox 653 1700 687 1741; x_wconf 89' lang='lat' dir='ltr'>os</span> <span class='ocrx_word' id='word_1_66' title='bbox 706 1688 797 1740; x_wconf 91' lang='lat' dir='ltr'>tuum</span> <span class='ocrx_word' id='word_1_67' title='bbox 821 1673 918 1746; x_wconf 88' lang='lat' dir='ltr'>verbo</span> <span class='ocrx_word' id='word_1_68' title='bbox 933 1667 1047 1741; x_wconf 55' lang='lat' dir='ltr'>Dete»</span> <span class='ocrx_word' id='word_1_69' title='bbox 1073 1671 1226 1740; x_wconf 80' lang='lat' dir='ltr'>Similiter</span> 
     </span>
     <span class='ocr_line' id='line_1_11' title="bbox 183 1778 1225 1872; baseline -0.006 -22"><span class='ocrx_word' id='word_1_70' title='bbox 183 1789 280 1852; x_wconf 90' lang='lat' dir='ltr'>etiam</span> <span class='ocrx_word' id='word_1_71' title='bbox 298 1810 386 1852; x_wconf 90' lang='lat' dir='ltr'>nunc</span> <span class='ocrx_word' id='word_1_72' title='bbox 401 1780 558 1872; x_wconf 78' lang='lat' dir='ltr'>Propheta</span> <span class='ocrx_word' id='word_1_73' title='bbox 574 1807 631 1848; x_wconf 91' lang='lat' dir='ltr'>uos</span> <span class='ocrx_word' id='word_1_74' title='bbox 649 1781 762 1860; x_wconf 82' lang='lat' dir='ltr'>docet,</span> <span class='ocrx_word' id='word_1_75' title='bbox 777 1805 850 1848; x_wconf 91' lang='lat' dir='ltr'>cum</span> <span class='ocrx_word' id='word_1_76' title='bbox 865 1780 962 1846; x_wconf 91' lang='lat' dir='ltr'>dicit:</span> <span class='ocrx_word' id='word_1_77' title='bbox 981 1809 993 1842; x_wconf 78' lang='grc' dir='ltr'>ι</span> <span class='ocrx_word' id='word_1_78' title='bbox 1007 1781 1053 1846; x_wconf 91' lang='lat' dir='ltr'>Os</span> <span class='ocrx_word' id='word_1_79' title='bbox 1064 1778 1140 1868; x_wconf 86' lang='lat' dir='ltr'>justi</span> <span class='ocrx_word' id='word_1_80' title='bbox 1156 1804 1225 1845; x_wconf 90' lang='lat' dir='ltr'>me-</span> 
     </span>
     <span class='ocr_line' id='line_1_12' title="bbox 186 1881 1225 1976; baseline -0.003 -26"><span class='ocrx_word' id='word_1_81' title='bbox 186 1887 360 1955; x_wconf 76' lang='lat' dir='ltr'>sditabitur</span> <span class='ocrx_word' id='word_1_82' title='bbox 372 1887 557 1976; x_wconf 77' lang='lat' dir='ltr'>sapientiam</span> <span class='ocrx_word' id='word_1_83' title='bbox 567 1885 589 1950; x_wconf 85' lang='lat'>⁵.</span> <span class='ocrx_word' id='word_1_84' title='bbox 600 1913 615 1947; x_wconf 75' lang='lat' dir='ltr'>s</span> <span class='ocrx_word' id='word_1_85' title='bbox 629 1886 749 1957; x_wconf 78' lang='lat' dir='ltr'><strong>Revera</strong></span> <span class='ocrx_word' id='word_1_86' title='bbox 761 1887 847 1952; x_wconf 91' lang='lat' dir='ltr'>enim</span> <span class='ocrx_word' id='word_1_87' title='bbox 857 1908 917 1952; x_wconf 89' lang='lat' dir='ltr'>nec</span> <span class='ocrx_word' id='word_1_88' title='bbox 928 1881 1118 1951; x_wconf 87' lang='lat' dir='ltr'>debetaliud</span> <span class='ocrx_word' id='word_1_89' title='bbox 1129 1883 1225 1972; x_wconf 88' lang='lat' dir='ltr'>quid-</span> 
     </span>
     <span class='ocr_line' id='line_1_13' title="bbox 187 1993 1219 2086; baseline -0.007 -26"><span class='ocrx_word' id='word_1_90' title='bbox 187 2021 282 2084; x_wconf 84' lang='lat' dir='ltr'>quam</span> <span class='ocrx_word' id='word_1_91' title='bbox 298 1995 471 2086; x_wconf 77' lang='lat' dir='ltr'><strong>procedere</strong></span> <span class='ocrx_word' id='word_1_92' title='bbox 488 1996 527 2060; x_wconf 91' lang='lat' dir='ltr'>de</span> <span class='ocrx_word' id='word_1_93' title='bbox 542 2019 597 2060; x_wconf 88' lang='lat' dir='ltr'>ore</span> <span class='ocrx_word' id='word_1_94' title='bbox 620 1994 715 2081; x_wconf 70' lang='lat' dir='ltr'>justi,</span> <span class='ocrx_word' id='word_1_95' title='bbox 738 1993 797 2062; x_wconf 89' lang='lat' dir='ltr'>nisi</span> <span class='ocrx_word' id='word_1_96' title='bbox 815 1993 977 2083; x_wconf 81' lang='lat' dir='ltr'>sapientia.</span> <span class='ocrx_word' id='word_1_97' title='bbox 1004 1993 1094 2059; x_wconf 84' lang='lat' dir='ltr'><strong>Unde</strong></span> <span class='ocrx_word' id='word_1_98' title='bbox 1113 2005 1144 2056; x_wconf 89' lang='lat' dir='ltr'>et</span> <span class='ocrx_word' id='word_1_99' title='bbox 1165 2015 1219 2054; x_wconf 86' lang='lat' dir='ltr'>vos</span> 
     </span>
     <span class='ocr_line' id='line_1_14' title="bbox 186 2097 1222 2193; baseline -0.004 -25"><span class='ocrx_word' id='word_1_100' title='bbox 186 2102 395 2192; x_wconf 87' lang='lat' dir='ltr'>imperitiores</span> <span class='ocrx_word' id='word_1_101' title='bbox 411 2104 530 2193; x_wconf 88' lang='lat' dir='ltr'>quiquo</span> <span class='ocrx_word' id='word_1_102' title='bbox 542 2101 654 2167; x_wconf 82' lang='lat' dir='ltr'>iratres</span> <span class='ocrx_word' id='word_1_103' title='bbox 671 2099 833 2169; x_wconf 84' lang='lat' dir='ltr'>audientes</span> <span class='ocrx_word' id='word_1_104' title='bbox 847 2124 1027 2166; x_wconf 90' lang='lat' dir='ltr'>sermonem</span> <span class='ocrx_word' id='word_1_105' title='bbox 1035 2097 1222 2190; x_wconf 79' lang='lat' dir='ltr'>Prophetae,</span> 
     </span>
     <span class='ocr_line' id='line_1_15' title="bbox 197 2205 1225 2299; baseline -0.005 -23"><span class='ocrx_word' id='word_1_106' title='bbox 197 2209 208 2216; x_wconf 80' lang='grc'><em>“</em></span> <span class='ocrx_word' id='word_1_107' title='bbox 234 2221 263 2276; x_wconf 76' lang='lat' dir='ltr'>*e</span> <span class='ocrx_word' id='word_1_108' title='bbox 277 2211 417 2276; x_wconf 90' lang='lat' dir='ltr'>studium</span> <span class='ocrx_word' id='word_1_109' title='bbox 429 2222 461 2275; x_wconf 88' lang='lat' dir='ltr'>et</span> <span class='ocrx_word' id='word_1_110' title='bbox 473 2205 670 2278; x_wconf 85' lang='lat' dir='ltr'>meditamini</span> <span class='ocrx_word' id='word_1_111' title='bbox 685 2232 759 2274; x_wconf 91' lang='lat' dir='ltr'>cum</span> <span class='ocrx_word' id='word_1_112' title='bbox 775 2208 903 2298; x_wconf 77' lang='lat' dir='ltr'>justitiae</span> <span class='ocrx_word' id='word_1_113' title='bbox 915 2207 1066 2299; x_wconf 85' lang='lat' dir='ltr'>operibus</span> <span class='ocrx_word' id='word_1_114' title='bbox 1080 2207 1225 2274; x_wconf 80' lang='lat' dir='ltr'>etiumde</span> 
     </span>
     <span class='ocr_line' id='line_1_16' title="bbox 255 2310 1227 2409; baseline -0.003 -26"><span class='ocrx_word' id='word_1_115' title='bbox 255 2329 360 2384; x_wconf 78' lang='lat' dir='ltr'>restro</span> <span class='ocrx_word' id='word_1_116' title='bbox 377 2317 519 2409; x_wconf 82' lang='lat' dir='ltr'>proferre</span> <span class='ocrx_word' id='word_1_117' title='bbox 535 2333 716 2384; x_wconf 88' lang='lat' dir='ltr'>sermonem</span> <span class='ocrx_word' id='word_1_118' title='bbox 733 2317 903 2405; x_wconf 74' lang='lat' dir='ltr'>supientiae.</span> <span class='ocrx_word' id='word_1_119' title='bbox 924 2316 1078 2397; x_wconf 87' lang='lat' dir='ltr'>Quodne</span> <span class='ocrx_word' id='word_1_120' title='bbox 1098 2310 1227 2382; x_wconf 87' lang='lat' dir='ltr'>difficile</span> 
     </span>
     <span class='ocr_line' id='line_1_17' title="bbox 274 2417 1230 2511; baseline 0.001 -29"><span class='ocrx_word' id='word_1_121' title='bbox 274 2453 276 2482; x_wconf 66' lang='lat' dir='ltr'><strong>r</strong></span> <span class='ocrx_word' id='word_1_122' title='bbox 307 2420 451 2487; x_wconf 83' lang='lat' dir='ltr'>videatur</span> <span class='ocrx_word' id='word_1_123' title='bbox 479 2432 692 2511; x_wconf 68' lang='lat' dir='ltr'>praeceptum,</span> <span class='ocrx_word' id='word_1_124' title='bbox 728 2417 857 2486; x_wconf 79' lang='lat' dir='ltr'>ltrevem</span> <span class='ocrx_word' id='word_1_125' title='bbox 878 2417 967 2486; x_wconf 84' lang='lat' dir='ltr'>vobis</span> <span class='ocrx_word' id='word_1_126' title='bbox 992 2421 1155 2510; x_wconf 75' lang='lat' dir='ltr'>sapientiae</span> <span class='ocrx_word' id='word_1_127' title='bbox 1182 2421 1230 2484; x_wconf 91' lang='lat' dir='ltr'>iu-</span> 
     </span>
     <span class='ocr_line' id='line_1_18' title="bbox 274 2523 1235 2616; baseline -0.004 -22"><span class='ocrx_word' id='word_1_128' title='bbox 274 2531 324 2594; x_wconf 82' lang='lat' dir='ltr'>rbo</span> <span class='ocrx_word' id='word_1_129' title='bbox 349 2551 538 2594; x_wconf 89' lang='lat' dir='ltr'>sermonem.</span> <span class='ocrx_word' id='word_1_130' title='bbox 567 2523 732 2615; x_wconf 78' lang='lat' dir='ltr'>Apostolus</span> <span class='ocrx_word' id='word_1_131' title='bbox 751 2527 795 2592; x_wconf 92' lang='lat' dir='ltr'>ait</span> <span class='ocrx_word' id='word_1_132' title='bbox 810 2575 818 2602; x_wconf 89' lang='lat'><strong>,</strong></span> <span class='ocrx_word' id='word_1_133' title='bbox 836 2527 909 2616; x_wconf 86' lang='lat' dir='ltr'>quia</span> <span class='ocrx_word' id='word_1_134' title='bbox 935 2527 1081 2593; x_wconf 88' lang='lat' dir='ltr'>Christus</span> <span class='ocrx_word' id='word_1_135' title='bbox 1102 2527 1163 2594; x_wconf 87' lang='lat' dir='ltr'>Dei</span> <span class='ocrx_word' id='word_1_136' title='bbox 1186 2539 1235 2591; x_wconf 88' lang='lat' dir='ltr'>est</span> 
     </span>
     <span class='ocr_line' id='line_1_19' title="bbox 258 2629 1235 2725; baseline 0 -26"><span class='ocrx_word' id='word_1_137' title='bbox 258 2661 289 2700; x_wconf 79' lang='lat' dir='ltr'>as</span> <span class='ocrx_word' id='word_1_138' title='bbox 305 2645 337 2700; x_wconf 89' lang='lat' dir='ltr'>et</span> <span class='ocrx_word' id='word_1_139' title='bbox 356 2633 412 2700; x_wconf 89' lang='lat' dir='ltr'>Dei</span> <span class='ocrx_word' id='word_1_140' title='bbox 426 2633 608 2722; x_wconf 77' lang='lat' dir='ltr'>sapientia⁸.</span> <span class='ocrx_word' id='word_1_141' title='bbox 625 2632 658 2699; x_wconf 85' lang='lat' dir='ltr'>si</span> <span class='ocrx_word' id='word_1_142' title='bbox 673 2635 767 2724; x_wconf 79' lang='lat' dir='ltr'>igitur</span> <span class='ocrx_word' id='word_1_143' title='bbox 789 2632 952 2699; x_wconf 85' lang='lat' dir='ltr'>Christum</span> <span class='ocrx_word' id='word_1_144' title='bbox 968 2657 1095 2725; x_wconf 89' lang='lat' dir='ltr'>semper</span> <span class='ocrx_word' id='word_1_145' title='bbox 1118 2629 1235 2722; x_wconf 84' lang='lat' dir='ltr'>loqua-</span> 
     </span>
     <span class='ocr_line' id='line_1_20' title="bbox 226 2735 1237 2827; baseline -0.001 -25"><span class='ocrx_word' id='word_1_146' title='bbox 226 2735 268 2802; x_wconf 85' lang='lat' dir='ltr'>mi</span> <span class='ocrx_word' id='word_1_147' title='bbox 282 2788 291 2812; x_wconf 90' lang='lat'>,</span> <span class='ocrx_word' id='word_1_148' title='bbox 305 2739 331 2803; x_wconf 87' lang='lat' dir='ltr'>si</span> <span class='ocrx_word' id='word_1_149' title='bbox 347 2756 472 2827; x_wconf 86' lang='lat' dir='ltr'>semper</span> <span class='ocrx_word' id='word_1_150' title='bbox 489 2738 558 2824; x_wconf 88' lang='lat' dir='ltr'>ejus</span> <span class='ocrx_word' id='word_1_151' title='bbox 579 2735 673 2802; x_wconf 85' lang='lat' dir='ltr'>verba</span> <span class='ocrx_word' id='word_1_152' title='bbox 696 2735 912 2814; x_wconf 86' lang='lat' dir='ltr'>meditemini,</span> <span class='ocrx_word' id='word_1_153' title='bbox 937 2738 962 2802; x_wconf 86' lang='lat' dir='ltr'>si</span> <span class='ocrx_word' id='word_1_154' title='bbox 982 2747 1144 2827; x_wconf 84' lang='lat' dir='ltr'>praecepta</span> <span class='ocrx_word' id='word_1_155' title='bbox 1163 2737 1237 2826; x_wconf 84' lang='lat' dir='ltr'>ejus</span> 
     </span>
     <span class='ocr_line' id='line_1_21' title="bbox 189 2839 1234 2936; baseline -0.002 -26"><span class='ocrx_word' id='word_1_156' title='bbox 189 2865 223 2910; x_wconf 80' lang='grc' dir='ltr'>,η</span> <span class='ocrx_word' id='word_1_157' title='bbox 235 2867 289 2910; x_wconf 89' lang='lat' dir='ltr'>ore</span> <span class='ocrx_word' id='word_1_158' title='bbox 306 2843 459 2921; x_wconf 84' lang='lat' dir='ltr'>teneatis,</span> <span class='ocrx_word' id='word_1_159' title='bbox 478 2842 572 2934; x_wconf 75' lang='lat' dir='ltr'>digne</span> <span class='ocrx_word' id='word_1_160' title='bbox 588 2867 622 2908; x_wconf 91' lang='lat' dir='ltr'>os</span> <span class='ocrx_word' id='word_1_161' title='bbox 639 2856 779 2908; x_wconf 83' lang='lat' dir='ltr'>vestrum</span> <span class='ocrx_word' id='word_1_162' title='bbox 802 2839 1008 2918; x_wconf 85' lang='lat' dir='ltr'>meditabitur</span> <span class='ocrx_word' id='word_1_163' title='bbox 1030 2846 1234 2936; x_wconf 86' lang='lat' dir='ltr'>sapientiam.</span> 
     </span>
     <span class='ocr_line' id='line_1_22' title="bbox 191 2945 1241 3041; baseline -0.002 -22"><span class='ocrx_word' id='word_1_164' title='bbox 191 2953 300 3041; x_wconf 83' lang='lat' dir='ltr'>Neque</span> <span class='ocrx_word' id='word_1_165' title='bbox 320 2951 406 3018; x_wconf 82' lang='lat' dir='ltr'>enim</span> <span class='ocrx_word' id='word_1_166' title='bbox 424 2948 493 3018; x_wconf 80' lang='lat' dir='ltr'>haec</span> <span class='ocrx_word' id='word_1_167' title='bbox 508 2949 573 3016; x_wconf 89' lang='lat' dir='ltr'>sola</span> <span class='ocrx_word' id='word_1_168' title='bbox 589 2959 636 3015; x_wconf 88' lang='lat' dir='ltr'>est</span> <span class='ocrx_word' id='word_1_169' title='bbox 651 2945 811 3038; x_wconf 81' lang='lat' dir='ltr'>sapieniiae</span> <span class='ocrx_word' id='word_1_170' title='bbox 829 2947 1013 3027; x_wconf 88' lang='lat' dir='ltr'>meditatio,</span> <span class='ocrx_word' id='word_1_171' title='bbox 1033 2953 1058 3016; x_wconf 89' lang='lat' dir='ltr'>si</span> <span class='ocrx_word' id='word_1_172' title='bbox 1080 2953 1152 3040; x_wconf 90' lang='lat' dir='ltr'>quis</span> <span class='ocrx_word' id='word_1_173' title='bbox 1176 2951 1241 3017; x_wconf 89' lang='lat' dir='ltr'>do-</span> 
     </span>
     <span class='ocr_line' id='line_1_23' title="bbox 193 3055 1241 3149; baseline 0 -25"><span class='ocrx_word' id='word_1_174' title='bbox 193 3080 265 3125; x_wconf 86' lang='lat' dir='ltr'>cere</span> <span class='ocrx_word' id='word_1_175' title='bbox 283 3072 407 3149; x_wconf 86' lang='lat' dir='ltr'>potest,</span> <span class='ocrx_word' id='word_1_176' title='bbox 425 3055 473 3124; x_wconf 85' lang='lat' dir='ltr'>vei</span> <span class='ocrx_word' id='word_1_177' title='bbox 492 3057 584 3123; x_wconf 80' lang='lat' dir='ltr'>latius</span> <span class='ocrx_word' id='word_1_178' title='bbox 599 3055 632 3122; x_wconf 94' lang='lat' dir='ltr'>iu</span> <span class='ocrx_word' id='word_1_179' title='bbox 647 3055 787 3123; x_wconf 84' lang='lat' dir='ltr'>Ecclesia</span> <span class='ocrx_word' id='word_1_180' title='bbox 804 3058 983 3146; x_wconf 85' lang='lat' dir='ltr'>disputare,</span> <span class='ocrx_word' id='word_1_181' title='bbox 1005 3060 1241 3127; x_wconf 85' lang='lat' dir='ltr'>contradicen-</span> 
     </span>
     <span class='ocr_line' id='line_1_24' title="bbox 193 3162 1245 3254; baseline 0.001 -23"><span class='ocrx_word' id='word_1_182' title='bbox 193 3177 239 3231; x_wconf 89' lang='lat' dir='ltr'>tes</span> <span class='ocrx_word' id='word_1_183' title='bbox 255 3167 428 3233; x_wconf 84' lang='lat' dir='ltr'>revincere.</span> <span class='ocrx_word' id='word_1_184' title='bbox 443 3165 497 3231; x_wconf 82' lang='lat' dir='ltr'>Est</span> <span class='ocrx_word' id='word_1_185' title='bbox 514 3163 641 3252; x_wconf 89' lang='lat' dir='ltr'>quidem</span> <span class='ocrx_word' id='word_1_186' title='bbox 660 3174 692 3230; x_wconf 87' lang='lat' dir='ltr'>et</span> <span class='ocrx_word' id='word_1_187' title='bbox 710 3162 773 3230; x_wconf 89' lang='lat' dir='ltr'>hoc</span> <span class='ocrx_word' id='word_1_188' title='bbox 790 3189 868 3253; x_wconf 90' lang='lat' dir='ltr'>opus</span> <span class='ocrx_word' id='word_1_189' title='bbox 886 3167 1063 3254; x_wconf 70' lang='lat' dir='ltr'>sapientie,</span> <span class='ocrx_word' id='word_1_190' title='bbox 1080 3166 1245 3232; x_wconf 83' lang='lat' dir='ltr'>sedulius</span> 
     </span>
     <span class='ocr_line' id='line_1_25' title="bbox 192 3262 1249 3358; baseline 0.002 -24"><span class='ocrx_word' id='word_1_191' title='bbox 192 3268 344 3358; x_wconf 89' lang='lat' dir='ltr'>amplius,</span> <span class='ocrx_word' id='word_1_192' title='bbox 363 3268 440 3334; x_wconf 87' lang='lat' dir='ltr'>alius</span> <span class='ocrx_word' id='word_1_193' title='bbox 453 3279 559 3335; x_wconf 86' lang='lat' dir='ltr'>autem</span> <span class='ocrx_word' id='word_1_194' title='bbox 574 3270 689 3334; x_wconf 89' lang='lat' dir='ltr'>miuus.</span> <span class='ocrx_word' id='word_1_195' title='bbox 705 3269 741 3333; x_wconf 85' lang='lat' dir='ltr'>ln</span> <span class='ocrx_word' id='word_1_196' title='bbox 758 3262 819 3333; x_wconf 88' lang='lat' dir='ltr'>aiio</span> <span class='ocrx_word' id='word_1_197' title='bbox 834 3270 897 3334; x_wconf 91' lang='lat' dir='ltr'>hoc</span> <span class='ocrx_word' id='word_1_198' title='bbox 908 3269 1012 3356; x_wconf 87' lang='lat' dir='ltr'>ipsum</span> <span class='ocrx_word' id='word_1_199' title='bbox 1030 3269 1118 3356; x_wconf 90' lang='lat' dir='ltr'>quod</span> <span class='ocrx_word' id='word_1_200' title='bbox 1132 3271 1249 3336; x_wconf 85' lang='lat' dir='ltr'>credit</span> 
     </span>
     <span class='ocr_line' id='line_1_26' title="bbox 189 3373 1250 3466; baseline 0.001 -25"><span class='ocrx_word' id='word_1_201' title='bbox 189 3378 247 3443; x_wconf 91' lang='lat' dir='ltr'>Dei</span> <span class='ocrx_word' id='word_1_202' title='bbox 270 3377 450 3465; x_wconf 75' lang='lat' dir='ltr'>sapientiae,</span> <span class='ocrx_word' id='word_1_203' title='bbox 479 3377 630 3466; x_wconf 87' lang='lat' dir='ltr'>sapientia</span> <span class='ocrx_word' id='word_1_204' title='bbox 653 3387 847 3464; x_wconf 83' lang='lat' dir='ltr'>reputatur:</span> <span class='ocrx_word' id='word_1_205' title='bbox 874 3375 907 3441; x_wconf 90' lang='lat' dir='ltr'>in</span> <span class='ocrx_word' id='word_1_206' title='bbox 931 3375 992 3441; x_wconf 91' lang='lat' dir='ltr'>alio</span> <span class='ocrx_word' id='word_1_207' title='bbox 1011 3390 1043 3442; x_wconf 92' lang='lat' dir='ltr'>et</span> <span class='ocrx_word' id='word_1_208' title='bbox 1058 3373 1122 3442; x_wconf 87' lang='lat' dir='ltr'>hoc</span> <span class='ocrx_word' id='word_1_209' title='bbox 1144 3377 1250 3465; x_wconf 87' lang='lat' dir='ltr'>quod</span> 
     </span>
     <span class='ocr_line' id='line_1_27' title="bbox 190 3487 1254 3578; baseline 0.007 -26"><span class='ocrx_word' id='word_1_210' title='bbox 190 3487 362 3573; x_wconf 84' lang='lat' dir='ltr'>acquiescit</span> <span class='ocrx_word' id='word_1_211' title='bbox 378 3487 571 3574; x_wconf 87' lang='lat' dir='ltr'>sapientibus</span> <span class='ocrx_word' id='word_1_212' title='bbox 588 3495 621 3552; x_wconf 91' lang='lat' dir='ltr'>et</span> <span class='ocrx_word' id='word_1_213' title='bbox 637 3498 722 3553; x_wconf 88' lang='lat' dir='ltr'>amat</span> <span class='ocrx_word' id='word_1_214' title='bbox 744 3487 829 3554; x_wconf 86' lang='lat' dir='ltr'>dicta</span> <span class='ocrx_word' id='word_1_215' title='bbox 851 3488 1063 3576; x_wconf 87' lang='lat' dir='ltr'>sapientium,</span> <span class='ocrx_word' id='word_1_216' title='bbox 1079 3491 1254 3578; x_wconf 74' lang='lat' dir='ltr'>sapientia</span> 
     </span>
    </p>
   </div>
   <div class='ocr_carea' id='block_1_7' title="bbox 225 3611 1260 3769">
    <p class='ocr_par' dir='ltr' id='par_1_7' title="bbox 225 3611 1260 3769">
     <span class='ocr_line' id='line_1_28' title="bbox 228 3611 602 3680; baseline 0.008 -17"><span class='ocrx_word' id='word_1_217' title='bbox 228 3611 316 3664; x_wconf 86' lang='lat' dir='ltr'>¹Toru.</span> <span class='ocrx_word' id='word_1_218' title='bbox 332 3632 368 3676; x_wconf 88' lang='lat' dir='ltr'>rr,</span> <span class='ocrx_word' id='word_1_219' title='bbox 379 3633 451 3680; x_wconf 76' lang='lat' dir='ltr'>pagg.</span> <span class='ocrx_word' id='word_1_220' title='bbox 463 3612 514 3677; x_wconf 77' lang='lat'>675</span> <span class='ocrx_word' id='word_1_221' title='bbox 523 3619 602 3678; x_wconf 77' lang='lat'><strong>·⁶59·</strong></span> 
     </span>
     <span class='ocr_line' id='line_1_29' title="bbox 225 3697 1260 3769; baseline 0.005 -18"><span class='ocrx_word' id='word_1_222' title='bbox 225 3700 524 3756; x_wconf 68' lang='lat' dir='ltr'>²Psatm.xm1,to.-</span> <span class='ocrx_word' id='word_1_223' title='bbox 537 3698 626 3749; x_wconf 76' lang='lat' dir='ltr'>³Deut.</span> <span class='ocrx_word' id='word_1_224' title='bbox 637 3718 677 3763; x_wconf 82' lang='lat' dir='ltr'>rr,</span> <span class='ocrx_word' id='word_1_225' title='bbox 689 3717 711 3762; x_wconf 86' lang='lat'>7.</span> <span class='ocrx_word' id='word_1_226' title='bbox 723 3697 851 3750; x_wconf 76' lang='lat' dir='ltr'>-⁴Pr·ov.</span> <span class='ocrx_word' id='word_1_227' title='bbox 863 3720 970 3769; x_wconf 77' lang='lat' dir='ltr'>xxxr‚9.</span> <span class='ocrx_word' id='word_1_228' title='bbox 979 3733 1010 3741; x_wconf 84' lang='lat'>-</span> <span class='ocrx_word' id='word_1_229' title='bbox 1023 3704 1129 3755; x_wconf 70' lang='lat' dir='ltr'>⁵Psairu.</span> <span class='ocrx_word' id='word_1_230' title='bbox 1141 3723 1260 3767; x_wconf 77' lang='lat' dir='ltr'>xxxva,</span> 
     </span>
    </p>
   </div>
   <div class='ocr_carea' id='block_1_8' title="bbox 218 3789 431 3841">
    <p class='ocr_par' dir='ltr' id='par_1_8' title="bbox 218 3789 431 3841">
     <span class='ocr_line' id='line_1_30' title="bbox 218 3789 431 3841; baseline -0.014 0"><span class='ocrx_word' id='word_1_231' title='bbox 218 3789 431 3841; x_wconf 60' lang='lat' dir='ltr'>r.-⁶1cor.1.</span> 
     </span>
    </p>
   </div>
   <div class='ocr_carea' id='block_1_9' title="bbox 0 0 1368 4594">
    <p class='ocr_par' dir='ltr' id='par_1_9' title="bbox 0 0 1368 4594">
     <span class='ocr_line' id='line_1_31' title="bbox 0 0 1368 4594; baseline 0 0"><span class='ocrx_word' id='word_1_232' title='bbox 0 0 1368 4594; x_wconf 95' lang='lat' dir='ltr'> </span> 
     </span>
    </p>
   </div>
  </div>
 </body>
</html>
