2744 4600
281 291 343 378 dds
719 307 867 352 'curemus

280 439 330 494 tus
338 427 466 516 quidem
479 427 616 516 Spiritus
634 427 666 490 iu
683 423 903 513 hujuscemodi
913 424 1190 514 dispensationibus
1198 423 1280 489 deest.

281 537 351 626 lpse
362 537 449 602 enim
465 536 541 602 dicit
559 559 566 600 :
589 533 786 624 rSegregete
798 533 876 598 mihi
893 528 1028 598 Paulum
1039 543 1071 596 et
1087 531 1286 597 Bernsbumin

280 674 292 706 s
309 643 531 719 ministerium,
548 643 590 707 sd
614 642 700 730 quod
714 642 867 732 assumpsi
885 641 968 708 cos¹.
987 669 1001 704 ι
1019 643 1060 708 Et
1071 642 1181 707 iterum
1192 640 1287 728 prohi-

269 755 334 818 lset
349 751 482 819 Paulum
498 754 543 818 ire
558 753 590 818 in
604 752 767 828 Asiam,et
782 771 909 818 rursum
924 753 1010 841 cogit
1024 775 1099 817 eum
1114 751 1158 816 ire
1169 751 1197 816 in
1211 750 1290 815 Jeru-

281 859 448 949 solymum,
464 861 638 949 praedicens
656 861 698 936 ei,
719 861 790 948 quio
807 858 932 928 vinculo
949 874 981 926 ct
1004 884 1145 928 carceres
1166 883 1233 925 cum
1253 861 1290 925 ihi

282 969 461 1035 meneout².
485 970 623 1049 Quodsi
640 969 751 1060 Angeli
773 970 900 1036 Domini
915 970 1115 1036 circumdant
1127 971 1157 1036 in
1171 971 1292 1036 circuitu

280 1081 460 1146 timentium
479 1102 567 1155 eum,
585 1092 618 1145 ut
639 1081 775 1169 eripiant
794 1084 864 1155 eos}
883 1081 908 1146 si
928 1081 1014 1146 Deus
1032 1079 1137 1156 Peter,
1154 1081 1176 1145 si
1189 1079 1292 1154 Filius,

278 1191 303 1256 si
315 1189 450 1280 Spiritus
465 1202 605 1266 sanctus,
622 1213 686 1255 non
705 1189 808 1256 solum
823 1191 992 1256 hortantur
1003 1201 1035 1255 ot
1050 1202 1230 1279 provocant,
1245 1192 1294 1256 sed

206 1351 213 1364 .
275 1311 307 1365 et
321 1298 509 1388 pertrahunt
523 1281 536 1363 τ’
549 1299 709 1386 quomodo
725 1319 790 1364 non
809 1294 910 1363 multo
927 1299 1030 1387 major
1045 1321 1121 1364 cure
1136 1319 1191 1386 pro
1212 1300 1295 1364 nobis

275 1407 443 1498 geriturud
455 1405 602 1483 sulutem,
615 1428 710 1495 quam
722 1407 762 1470 eb
774 1406 959 1472 adversariis
971 1418 1160 1494 procuretur
1170 1407 1207 1472 sd
1220 1431 1296 1474 mor

277 1514 362 1580 tem?
372 1516 448 1582 Haec
462 1527 567 1578 eutem
580 1513 663 1580 dictu
679 1513 742 1578 sint
753 1535 811 1601 pro
824 1535 863 1578 eo
876 1511 961 1600 quod
974 1525 1175 1580 consecratus
1186 1528 1233 1579 est
1242 1539 1295 1604 po-

272 1626 369 1714 pulus
382 1622 589 1714 Beelphegor.

275 1747 281 1774 ⁷
329 1760 343 1794 ι
358 1735 398 1799 Et
410 1733 508 1797 iratus
523 1742 583 1804 est,
597 1732 719 1818 iuquit,
735 1731 841 1797 lurore
856 1733 1011 1798 Dominus
1026 1745 1136 1799 contro
1150 1735 1253 1814 lsru‘e'l,
1268 1753 1298 1804 et

276 1871 289 1905 s
306 1842 384 1907 dixit
398 1840 553 1906 Dominus
568 1840 608 1905 ud
623 1839 753 1927 Moysen
771 1863 779 1905 ε
798 1840 935 1906 Assume
952 1841 1112 1930 principes
1134 1841 1251 1932 populi,
1267 1859 1300 1911 et

275 1961 427 2016 »ostentu
445 1948 514 2014 illos
533 1949 669 2014 Domino
688 1961 798 2015 contre
822 1946 937 2024 solem,
959 1961 992 2013 et
1011 1961 1172 2018 avertetur
1194 1955 1239 2020 ira
1256 1955 1300 2020 lu·

276 2061 383 2127 »roris
403 2059 529 2126 Domini
552 2059 592 2124 sb
615 2055 741 2124 tamer.
759 2085 773 2119 ι
791 2055 906 2124 Nescio
922 2057 960 2132 si,
978 2058 1017 2148 de
1033 2058 1082 2124 his
1098 2059 1297 2139 disserentes.

275 2191 340 2234 non
361 2168 559 2234 offendamus
575 2167 703 2256 -aliquos
725 2188 734 2231 t
761 2166 817 2232 sed
838 2178 870 2231 et
891 2167 916 2230 si
940 2166 1152 2245 offendemus,
1175 2173 1301 2239 obedire

274 2280 372 2369 mugis
388 2289 420 2343 et
436 2277 593 2344 deservire
609 2289 734 2366 oportet
748 2278 846 2343 verbo
862 2277 1002 2353 Domini,
1015 2301 1111 2366 quem
1124 2284 1238 2370 gratiss
1251 2284 1304 2350 ho

273 2393 407 2458 minum.
423 2387 569 2456 Peccavit
580 2385 690 2464 lsruiil,
703 2397 735 2454 et
747 2387 825 2452 dixit
834 2387 989 2452 Dominus
1000 2389 1041 2453 ed
1052 2387 1201 2478 Moysen,
1216 2407 1252 2458 ut
1264 2419 1307 2460 ns-

272 2512 377 2566 sumet
391 2521 501 2564 omnes
516 2498 690 2586 principes,
706 2508 738 2562 ct
754 2508 893 2562 ostentet
907 2519 961 2562 eos
977 2497 1113 2565 Domino
1129 2514 1249 2570 contra
1264 2529 1309 2570 so-

272 2609 345 2676 lem.
356 2604 494 2698 Populus
506 2617 630 2694 peccet,
639 2619 672 2670 et
683 2606 842 2694 principes
854 2618 1055 2672 ostententur
1063 2622 1179 2675 contro
1193 2613 1309 2680 solem.

271 2717 371 2784 Iidem
387 2715 427 2780 ed
437 2713 683 2780 examinandum
695 2713 929 2802 producuntur,
944 2727 979 2780 ut
993 2731 1168 2805 arguentur
1186 2745 1207 2786 n
1225 2719 1312 2790 luce.

271 2825 366 2891 Vides
385 2846 456 2912 quae
470 2824 511 2888 sit
527 2820 666 2888 conditio
688 2823 869 2910 principum
884 2822 992 2912 populi
1011 2848 1020 2890 s
1045 2848 1108 2892 non
1124 2828 1240 2896 solnm
1259 2857 1318 2922 pro

272 2935 336 3001 suis
352 2933 486 3022 propriis
502 2941 679 3021 arguuntur
695 2929 830 3007 delictis,
847 2932 903 2997 sed
918 2943 950 2998 et
964 2957 1022 3022 pro
1038 2935 1148 3023 populi
1165 2943 1319 3027 peccatis

271 3048 429 3132 'coguntur
444 3041 576 3107 reddere
592 3040 761 3116 rationem,
774 3064 815 3106 ne
826 3041 967 3131 ipsorum
980 3044 1019 3108 sit
1035 3043 1126 3134 culpa
1140 3049 1241 3134 quod
1260 3075 1320 3140 po-

270 3148 364 3241 pulus
380 3148 524 3236 deliquit,
537 3171 578 3214 no
593 3148 673 3214 lortc
685 3170 749 3215 non
765 3153 961 3228 monuerint,
973 3176 1077 3242 neque
1093 3156 1233 3224 solliciti
1255 3161 1323 3226 lue

270 3261 473 3350 rinturguere
485 3281 538 3325 eos
553 3259 607 3350 qui
618 3258 744 3326 initium
760 3258 861 3350 culpae
874 3261 1031 3339 dederint,
1047 3265 1090 3329 uti
1102 3287 1143 3330 ne
1152 3273 1324 3360 contagio

267 3368 500 3458 dispergeretur
509 3368 541 3434 in
553 3365 668 3455 plures.
680 3367 756 3435 Haec
770 3369 857 3434 enim
868 3372 973 3436 omnia
986 3371 1089 3439 tiscere
1100 3375 1325 3468 principibus

267 3478 411 3544 imminet
424 3490 456 3543 et
468 3477 662 3544 doctoribus.
678 3477 712 3543 si
724 3479 810 3546 enim
821 3478 881 3546 illis
891 3481 961 3547 haec
973 3505 1037 3548 uon
1049 3486 1253 3572 agentibus,
1265 3513 1326 3556 nec

265 3587 509 3657 sollicitudinem
520 3588 702 3677 gerentibus
713 3590 798 3656 circe
810 3589 950 3678 plebem,
959 3595 1138 3680 peccaverit
1149 3599 1327 3687 populns.

146 3749 155 3768 .
265 3697 323 3789 ipsi
343 3708 554 3774 ostentantur,
570 3707 603 3764 et
617 3698 732 3787 ipsisd
756 3700 912 3788 judicium
934 3703 1173 3791 producuntur.
1197 3711 1329 3800 Arguit

148 3816 151 3824 '
266 3809 352 3878 enim
370 3829 425 3873 eos
438 3805 575 3894 Moyses,
591 3808 685 3876 idest
700 3808 751 3875 lex
767 3809 839 3887 Dei,
856 3809 941 3878 velut
955 3812 1153 3904 negligentes
1172 3832 1212 3884 et
1238 3821 1329 3886 desi·

298 3935 308 3970 ί
321 3935 379 3984 dot.
392 3949 448 3993 nu,
461 3949 521 3985 1.-
533 3933 544 3967 ²
555 3933 595 3982 td.
610 3951 661 3986 ιιι.
678 3935 728 3973 -⁸
743 3935 819 3986 Mum.
834 3953 891 3998 rxr,
905 3939 928 4000 3,
940 3941 963 3998 d.
