2744 4600
245 261 308 345 472
691 285 834 329 orirerur

247 399 301 464 nbi
313 402 468 466 senserint
481 424 536 465 eos
548 399 697 467 mulieres
712 400 901 468 Moabitides
917 400 964 467 rel
976 397 1193 466 Medienitides
1207 417 1276 460 mr-

248 620 335 706 priue
350 620 532 707 semetipsps
547 623 749 710 cupientibus
764 623 939 710 praelreent,
956 643 1051 710 quem
1066 619 1105 684 de
1117 615 1282 684 saerilieiir
1351 689 1352 694 η

250 724 408 792 idolorum
420 729 635 816 acquieverint
652 731 839 819 degustaret
856 742 1036 820 uteegente
1047 727 1193 802 libidine,
1207 747 1282 791 eon·
1351 799 1352 809 χ

249 831 325 898 siliis
336 834 558 923 obtemperent
573 836 789 910 soeminerum,
805 848 838 901 et
852 846 1081 902 consecrentur
1093 834 1181 923 prius
1191 828 1283 897 Beel-

249 943 385 1032 pltegor‚
401 944 486 1032 quod
496 956 545 1010 est
560 943 681 1011 idolum
692 945 907 1033 turpitudinis.
923 945 999 1010 Haee
1010 943 1139 1008 luerunt
1152 940 1283 1008 eonsiliu

251 1053 379 1120 Balaam
392 1079 399 1120 τ
410 1055 526 1143 quibus
541 1057 679 1144 acceptis
695 1079 750 1120 rex
764 1054 883 1122 Balach
895 1065 984 1143 peret
995 1053 1149 1120 continuo
1164 1051 1284 1118 exerti·

252 1177 321 1231 tum
335 1187 400 1232 non
416 1167 510 1232 ermis
531 1162 685 1240 virilibus,
701 1164 758 1230 ted
771 1164 921 1230 loemineo
938 1165 1041 1230 nitore
1056 1162 1284 1251 compositum,

252 1298 318 1341 non
329 1275 435 1341 surore
446 1273 574 1352 bellico,
587 1274 789 1342 sedlrlndrnrs
800 1274 927 1340 flemme
940 1297 1141 1341 sneeeusnm.
1157 1271 1285 1340 Nullum

251 1385 389 1453 refrenet
406 1387 522 1474 pudor,
535 1386 655 1452 nullum
677 1385 828 1476 prohibet
844 1385 1043 1452 verecundie.
1062 1384 1162 1451 Amor
1177 1383 1286 1471 patrie

253 1509 285 1560 et
296 1497 406 1562 vitium
420 1497 523 1585 gentis
538 1498 721 1584 conspirent
732 1499 851 1585 puriter
863 1496 896 1560 in
911 1495 1083 1571 lascivium,
1096 1494 1183 1558 etad
1201 1493 1285 1559 deri.

252 1605 405 1692 piendum
420 1606 518 1694 probe
536 1604 642 1670 existit
657 1605 853 1692 improbitas.
872 1603 933 1669 Pro
951 1601 1051 1678 nefas,
1068 1602 1118 1667 vix
1133 1600 1285 1688 prohibe·

253 1726 307 1781 tur
322 1716 422 1784 libido
432 1713 538 1803 legum
554 1714 661 1796 minis,
677 1716 727 1779 rix
743 1714 838 1804 gladii
853 1726 975 1785 terrore
991 1712 1194 1800 reprimiturl
1214 1710 1284 1800 quid

254 1827 382 1893 sceleris
397 1848 462 1890 non
479 1837 638 1913 perpetret
654 1825 708 1892 nbi
723 1824 864 1891 facinore
886 1845 943 1888 eno
962 1821 1154 1911 placituram
1169 1843 1202 1886 ee
1218 1843 1279 1885 mu·
1354 1897 1355 1906 χ

254 1935 313 2001 lier
328 1935 394 2023 regi
406 1933 554 2009 eredidit,
570 1945 602 1999 et
617 1933 750 1999 salutem
765 1934 874 2023 patriae
885 1930 1109 2020 qnaesitnremi
1122 1931 1284 2020 Captirm·

255 2057 308 2109 tur
323 2065 399 2131 erge
414 2041 576 2118 lumiliter,
591 2066 655 2109 non
672 2043 768 2119 serre,
785 2042 841 2108 sed
855 2041 944 2117 luxu,
962 2065 1020 2108 nee
1039 2041 1169 2116 virtute,
1185 2039 1283 2108 sedli

257 2153 378 2227 hidiae,
398 2165 432 2218 et
446 2152 644 2218 fornicentur
658 2153 691 2220 in
710 2153 858 2219 mulieres
872 2153 1103 2226 Medieuitidet,
1120 2164 1155 2216 et
1170 2154 1222 2218 ira
1238 2151 1281 2220 liei

256 2263 389 2351 insurgit
403 2285 500 2351 super
517 2287 580 2330 eos.
598 2264 680 2330 Sunt
696 2264 824 2352 quidem
836 2264 869 2328 in
881 2263 916 2328 iis
931 2275 964 2326 et
979 2262 1113 2350 mystice
1129 2264 1286 2349 quiedam.

257 2385 352 2459 etque
370 2371 527 2438 interioris
548 2372 762 2462 intelligentiae
781 2385 900 2438 recreta
922 2372 1002 2438 :sed
1022 2393 1080 2437 nes
1101 2372 1211 2459 primo
1233 2374 1290 2461 ipse

257 2482 395 2550 hietoriae
416 2495 519 2548 textus
534 2483 682 2559 redilieet,
699 2494 733 2548 ut
751 2485 907 2549 discamus
919 2505 958 2548 ex
973 2481 1049 2556 hoe,
1066 2482 1225 2568 quoniam
1241 2482 1293 2548 ed·

259 2617 367 2659 versus
382 2617 441 2659 nos
455 2592 638 2681 jaculentur
656 2592 718 2658 tele
733 2592 875 2658 luxuriae.
895 2592 960 2658 Sed
971 2593 996 2658 si
1008 2592 1100 2658 nobis
1112 2614 1180 2657 non
1190 2592 1295 2659 desint

257 2727 346 2770 erma
356 2705 473 2792 quihus
485 2725 542 2768 nos
561 2705 676 2770 armari
689 2701 1179 2792 jubetrlpestelusl,hujnsm0di
1189 2701 1294 2789 jacula

258 2837 316 2880 uns
332 2815 494 2879 terebrare
511 2836 575 2880 non
595 2826 757 2902 poterunt,
776 2815 800 2878 si
810 2813 860 2880 eit
880 2813 971 2879 nobis
991 2811 1088 2879 lorice
1111 2810 1296 2899 justitiae‚ei

258 2922 431 2990 habeamus
447 2922 568 3011 galeam
581 2922 703 2998 salutis,
718 2935 752 2987 et
765 2920 905 3011 gladium
920 2923 1062 3011 spiritus,
1079 2944 1177 3009 super
1188 2922 1296 2988 omnir

258 3046 385 3100 eentum
398 3033 487 3109 fidei,
499 3046 532 3098 et
543 3032 673 3100 eeleeeti
686 3034 785 3098 simus
797 3033 893 3121 pedes
906 3033 938 3097 in
949 3031 1178 3124 preparatione
1191 3032 1299 3096 Even-

259 3139 332 3230 gelii
343 3141 439 3228 peris.
457 3141 519 3206 lste
531 3153 606 3207 sunt
620 3164 707 3206 erma
724 3164 794 3229 quae
808 3164 866 3207 nes
878 3138 1053 3206 defendunt
1064 3141 1096 3205 in
1107 3139 1298 3227 hujusmodi

258 3246 360 3314 bellis.
380 3247 413 3313 Si
430 3261 538 3314 eutem
557 3247 630 3316 talin
648 3273 736 3316 urmu
755 3251 953 3340 projicimus,
974 3251 1082 3315 stetim
1097 3247 1209 3316 locum
1232 3251 1300 3317 diu·

260 3355 366 3426 helico
383 3356 505 3422 vulneri
522 3358 647 3433 dumne,
664 3370 696 3423 et
713 3360 853 3449 captivos
870 3383 927 3424 nos
947 3359 1036 3426 ducit
1051 3361 1154 3426 omnis
1177 3361 1300 3430 daemo·

261 3491 337 3534 num
354 3467 470 3534 chorus
491 3490 499 3531 τ
520 3480 616 3557 etque
635 3472 675 3537 eb
693 3471 755 3537 hoe
774 3472 818 3536 ire
838 3470 895 3536 Dei
912 3470 1045 3560 insurgit
1062 3493 1158 3559 snper
1179 3495 1255 3548 nos,
1272 3483 1302 3538 et
1355 3491 1357 3612 p

260 3575 442 3646 noneolum
461 3577 654 3666 inpraesenti
670 3577 786 3646 saeeulo
808 3579 988 3667 puniemur,
1009 3603 1120 3645 verum
1142 3581 1246 3646 etiam
1273 3585 1301 3648 iu
1356 3629 1357 3656 2

260 3686 379 3754 futuro.
401 3685 496 3765 Quod
512 3710 587 3777 ergo
604 3687 679 3753 feeit
696 3709 755 3753 not
773 3687 900 3754 vincere
916 3687 947 3752 in
963 3687 1000 3769 ijs
1024 3685 1138 3776 preliis
1153 3711 1228 3776 quae
1242 3690 1303 3757 ad·
1356 3723 1357 3786 p

262 3818 387 3870 versum
401 3819 459 3863 nes
481 3795 625 3865 diabolus
643 3809 835 3874 commoret,
857 3797 1008 3887 pudicitie
1029 3809 1091 3874 est,
1113 3809 1147 3866 et
1160 3799 1304 3886 justitie¹

293 3925 405 3992 lllphre.
422 3944 456 3976 rr.
