2632 4600
343 232 376 305 1'n
399 259 539 304 raanan!
561 259 666 305 mvn
689 263 764 308 noa.
791 261 827 307 ιι.
1039 244 1097 308 aaa

71 409 138 454 men
154 385 342 462 infirmum,
360 386 414 474 qni
433 387 530 452 etiam
549 385 631 452 vinei
654 383 817 474 abaliquo
831 399 964 475 peceato
981 387 1101 476 potuit,

72 507 103 560 et
112 504 242 582 proptor
252 491 316 558 hoe
330 492 527 581 mugientem
537 512 596 582 pro
608 491 731 558 delictis
752 494 833 570 suls,
852 507 885 558 et
903 495 990 560 omni
1005 495 1102 561 modo

71 623 175 666 auram
196 599 335 665 vulneris
353 600 401 665 sui
423 601 651 688 sanitatemque
673 601 905 688 requirentem,
928 600 1002 666 licet
1020 621 1103 689 prn-

71 720 177 774 vontus
192 709 278 774 nitet
293 706 418 796 lapsus,
435 707 595 774 volentem
618 719 727 772 tamen
739 707 898 773 medelam
914 731 952 773 ao
969 707 1103 776 salutem

71 838 223 905 reparare.
244 815 278 880 Si
289 837 366 904 ergo
376 815 561 904 hujusmodi
578 816 677 882 homo
691 831 815 880 memor
832 814 940 881 delicti
958 816 1006 880 sui
1024 839 1104 883 con-

70 922 194 990 fiteatur
207 909 279 1009 quie
293 924 470 1001 commisit,
482 936 515 990 et
533 923 673 990 humana
695 923 879 989 confusione
896 924 1105 1012 parvipendat

68 1030 179 1116 eosqui
190 1030 384 1118 exprobrant
396 1049 471 1096 eum
483 1031 707 1106 confitentem,
720 1043 753 1096 et
764 1041 877 1096 notant
887 1029 937 1095 vel
948 1030 1082 1096 irrident
1090 1053 1102 1095 a

68 1137 117 1204 ille
131 1149 239 1203 autem
257 1136 436 1226 intelligens
456 1160 514 1227 per
536 1139 600 1205 hoe
620 1140 745 1204 reniam
765 1138 825 1203 sihi
849 1137 937 1213 dari,
954 1138 1035 1204 etin
1050 1137 1103 1203 die

69 1246 306 1311 resurrectionis
321 1269 381 1335 pro
394 1246 444 1311 his
460 1247 575 1335 quibus
591 1268 678 1314 nunc
693 1245 900 1312 confunditur
916 1267 1026 1330 eoram
1041 1245 1103 1311 ho-

70 1353 224 1437 minibus,
237 1365 314 1419 tuno
330 1366 401 1420 ante
412 1353 550 1444 Angelos
562 1346 619 1419 Dei
636 1353 855 1420 confusionem
872 1365 967 1440 atque
984 1370 1103 1441 oppro-

71 1460 138 1525 bria
148 1483 331 1537 evasurum,
347 1474 381 1526 ut
393 1461 473 1527 nolit
483 1474 589 1551 tegere
600 1474 632 1526 et
644 1460 806 1527 occultare
818 1459 976 1526 maculam
992 1479 1080 1525 suam
1092 1510 1102 1536 ,

48 1579 50 1584 ’
70 1567 124 1634 sed
143 1569 329 1655 pronunciet
346 1567 499 1635 delictum
519 1591 631 1645 suum,
656 1592 717 1634 neo
739 1568 898 1634 volitasse
920 1566 1103 1656 sepulerum

69 1672 248 1740 dealbatum
260 1725 268 1750 ,
281 1677 366 1763 quod
378 1676 495 1742 deforis
510 1678 640 1765 quidem
656 1687 806 1765 appareat
825 1676 1009 1740 hominibus
1029 1697 1104 1764 spe·
1129 1757 1131 1761 ,

67 1779 202 1855 tiosum,
220 1779 334 1855 idest,
350 1781 579 1847 {stridentibus
598 1804 631 1845 se
647 1781 735 1868 quasi
751 1783 853 1878 justus
868 1791 1040 1868 appareat,
1057 1781 1104 1846 in*

68 1900 119 1952 tua
135 1899 243 1953 autem
255 1888 295 1952 sit
310 1887 448 1977 repletas
462 1891 550 1954 omni
562 1888 763 1954 immunditia
778 1901 811 1953 et
826 1888 948 1954 ossibus
962 1898 1104 1950 mortuo·

66 2013 139 2056 rum
150 1990 172 2055 ¹.
195 1990 229 2058 si
249 2015 325 2080 ergo
343 1992 383 2056 sit
403 1992 515 2080 aliquis
534 1993 577 2057 ita
598 1991 700 2057 fidelis
716 2003 753 2055 ut
771 1990 887 2078 siquid
903 1990 1048 2056 eonsoiua
1063 1991 1105 2054 sit

62 2099 142 2174 sibi,
161 2099 313 2186 procedat
323 2099 358 2163 in
371 2099 513 2165 medium
526 2149 535 2176 ,
547 2111 581 2164 ot
595 2100 662 2187 ipse
677 2099 725 2162 sui
740 2111 905 2164 aecusator
919 2097 1052 2162 existat:
1070 2095 1104 2161 lai

65 2217 174 2272 autem
196 2206 249 2292 qui
276 2206 426 2272 saturum*
444 2207 502 2273 Dei
519 2207 673 2295 judicium
693 2227 758 2270 non
780 2216 946 2280 metuunt,
962 2204 1032 2270 haee
1046 2225 1105 2269 an-

66 2313 190 2380 dientos
207 2337 283 2378 cnm
297 2313 533 2380 infirmantibus
555 2309 685 2403 quidem
704 2334 769 2380 non
787 2312 1011 2387 infirmentur,
1028 2329 1105 2376 oum

62 2415 353 2484 scandalizantibus
369 2441 435 2484 non
451 2431 585 2488 urantur
596 2467 606 2494 ,
619 2441 694 2483 oum
705 2417 798 2505 lapsis
809 2439 876 2482 non
887 2417 1032 2505 jaoeant,
1049 2413 1106 2479 aad

61 2524 190 2596 dicant:
207 2526 316 2614 Longe
331 2539 363 2590 te
373 2525 424 2591 fao
439 2547 538 2601 ame,
555 2549 660 2613 neque
672 2525 805 2592 aenedas
817 2525 858 2588 ad
873 2521 1105 2609 me,qnonia1n

58 2632 203 2699 mundus
222 2653 294 2698 snm
310 2656 318 2696 :
334 2645 368 2698 et
380 2634 530 2700 detestari
542 2634 695 2720 incipiant
709 2654 785 2698 eam
797 2651 895 2718 quem
909 2642 982 2695 ante
1004 2627 1107 2694 admi-

58 2739 233 2814 rabantur,
250 2749 282 2804 ot
298 2739 338 2804 ab
351 2738 495 2804 amicitiis
515 2738 666 2804 renodant
679 2739 749 2825 ejus
765 2737 818 2824 qui
838 2734 990 2800 delictum
1010 2756 1105 2799 suum

56 2844 168 2913 noluit
186 2844 377 2914 oooultare:
402 2867 499 2934 super
522 2846 570 2910 his
593 2867 671 2933 ergo
693 2850 925 2932 consequenter
947 2842 1025 2907 dicit
1048 2841 1103 2928 qui

54 2952 316 3041 exomologesin,
332 2953 365 3018 id
388 2965 453 3029 est,
470 2952 719 3028 confessionem,
740 2951 839 3016 iacit:
867 2950 995 3016 «Amiei
1018 2949 1102 3025 mei,

55 3089 72 3123 ι
81 3073 117 3133 et
133 3061 267 3148 proximi
284 3062 347 3126 moi
360 3061 526 3127 adversum
541 3082 592 3125 me
606 3060 938 3148 appropinquaverunt
953 3071 986 3122 et
1004 3069 1105 3122 stete-¹

55 3198 72 3231 a
83 3179 185 3243 runt,
203 3180 236 3233 et
250 3169 386 3256 proximi
404 3169 467 3234 mei
486 3169 526 3232 de
549 3166 642 3256 longe
657 3178 822 3234 steterunt.
839 3193 852 3225 a
872 3167 938 3232 ssd*
952 3166 1022 3232 haeo
1039 3187 1105 3232 non

58 3287 196 3364 oportet
212 3276 383 3342 formidare
394 3299 469 3342 euna
483 3275 538 3364 qui
549 3287 621 3364 post
632 3273 784 3340 delictum
798 3272 908 3340 salvari
926 3275 1035 3363 eupit,
1050 3297 1105 3338 ne-

55 3405 131 3472 que
144 3395 251 3450 notam
262 3407 374 3450 eornm
384 3385 608 3472 pertimescere
617 3431 626 3459 ,
635 3383 690 3471 qui
702 3405 757 3449 sua
765 3383 893 3470 quidem
901 3393 1031 3471 peecata
1039 3401 1106 3446 non

52 3491 227 3579 cogitant.
251 3513 312 3558 neo
335 3514 493 3557 memores
521 3491 693 3579 Scripturas
715 3502 790 3555 sunt
814 3491 928 3556 divinae
950 3489 1103 3556 dioentis:

62 3627 79 3660 ι
92 3597 172 3666 Noli
195 3599 411 3688 improperare
432 3600 554 3665 homini
577 3599 773 3664 convertenti
797 3621 830 3664 se
845 3621 862 3663 a
878 3610 1029 3688 peceato,
1049 3593 1106 3661 sed

49 3736 69 3768 ι
80 3720 292 3773 memoresto
307 3709 460 3795 qnoniam
477 3729 587 3773 omnes
600 3729 708 3773 sumne
723 3707 756 3772 in
769 3706 871 3796 culpis
879 3707 901 3772 ².
914 3735 925 3768 a
942 3707 1012 3774 Non
1027 3725 1107 3792 ergo

94 3851 105 3897 ¹·
119 3852 211 3911 Mettis.
221 3871 298 3904 xxnr.
309 3883 335 3891 ψ
348 3850 459 3905 ²llcclea.
471 3873 534 3920 vna,
544 3857 569 3906 6.
