2682 4594
386 315 418 356 nr
440 311 581 356 rainucii
602 311 694 354 ωτι
718 311 791 368 sou,
818 309 865 351 ru.
1082 282 1142 346 adr

110 435 294 502 exercitium
309 435 343 500 in
358 434 564 500 meditatione
575 433 664 501 verbi
679 433 759 507 Dei,
774 443 807 497 et
821 430 986 498 constituit
999 427 1145 496 meditari

111 546 140 610 in
152 545 235 633 Lege
250 546 320 632 ejus
337 544 388 610 die
404 567 441 610 ac
456 556 572 620 nocte,
590 555 684 632 atque
696 563 844 608 exercere
855 563 888 606 se
901 540 940 607 ad
948 537 1146 605 intellectum

111 649 281 740 spiritalem
295 651 557 741 percipiendum,
569 649 708 718 inveniet
723 649 756 714 in
774 646 834 714 illis
849 669 965 736 panem
983 645 1073 711 illum
1091 646 1146 732 qui

113 760 151 826 de
165 757 248 826 coelo
264 758 448 834 descendit,
464 769 497 822 et
512 757 568 822 liet
588 757 619 822 ei
642 779 748 822 sermo
768 755 826 821 Dei
851 754 1015 821 abundans
1037 753 1146 828 cibus,

113 879 142 930 et
153 865 312 953 prollnens
327 877 422 953 potus
438 889 446 930 a
465 877 498 930 et
513 887 579 930 non
591 862 695 930 solum
713 864 805 930 cibus
815 873 848 926 et
859 873 973 950 potus,
993 850 1104 926 verum
1122 860 1148 924 si

111 968 312 1058 profundiora
324 980 522 1034 sacramenta
534 968 677 1056 mysticae
692 964 905 1054 intelligentiae
919 965 1058 1053 potuerit
1072 986 1148 1052 per-

110 1077 266 1152 scrutari,
281 1088 376 1144 erunt
396 1077 425 1141 oi
443 1097 604 1142 sermones
625 1075 682 1139 Dei
701 1072 832 1140 deliciae.
855 1072 962 1166 Potest
976 1072 1072 1138 etiam
1088 1071 1150 1138 alio

112 1185 210 1251 modo
229 1185 262 1250 in
285 1185 346 1254 hoc
367 1181 440 1249 loco
459 1182 647 1270 profundior
667 1202 776 1248 sensus
797 1181 921 1269 aperiri.
944 1181 1098 1246 Dominus
1117 1191 1149 1244 et

112 1291 258 1358 Salvator
273 1291 338 1355 ait:
358 1289 499 1358 «Veniet
516 1311 580 1358 nox
596 1290 723 1376 quando
738 1311 835 1354 nemo
846 1299 951 1376 potest
962 1288 1084 1376 operari
1095 1287 1117 1352 ¹.
1130 1315 1142 1350 s

113 1399 223 1463 Ethoc
232 1397 564 1485 dicitdeillotempore
572 1395 658 1483 quod
666 1397 727 1461 erit
735 1408 806 1484 post
815 1395 879 1462 hoc
886 1394 1037 1462 saeculum
1048 1393 1152 1471 ,temss

113 1528 191 1593 pore
208 1527 273 1591 quo
296 1505 507 1592 unusquisque
520 1527 579 1592 pro
592 1502 682 1588 malis
697 1505 761 1569 suis
779 1504 911 1592 incipiet
924 1525 1044 1592 peenas.
1058 1504 1151 1570 Tunc

113 1636 189 1702 orgo
208 1613 285 1680 dicit
303 1625 428 1678 noctem
452 1611 539 1678 illam
558 1612 720 1686 futuram,
745 1635 820 1678 cum
844 1613 909 1700 jam
933 1634 1027 1678 nemo
1046 1623 1153 1700 potest

113 1721 237 1809 operari
252 1718 388 1808 aliquid,
401 1720 458 1786 sed
474 1719 687 1805 unusquisque
701 1730 778 1785 tunc
792 1721 931 1808 pascitur
946 1743 985 1784 ex
999 1721 1149 1808 operibus
1197 1707 1200 1714 Δ

111 1829 175 1893 suis
189 1849 260 1915 quac
274 1827 328 1893 hic
342 1827 461 1916 positus
480 1839 626 1914 operatus
643 1838 701 1892 est.
725 1827 834 1907 Quum
853 1849 930 1916 ergo
951 1851 1015 1894 nox
1032 1827 1146 1903 luerit,

110 1958 205 2002 nemo
219 1945 369 2024 operatur
383 1935 415 1999 in
429 1932 483 2000 illo
496 1946 656 2024 tempore:
672 1958 771 2023 quum
786 1947 969 2022 peccatores
984 1935 1148 2025 suppliciis

112 2043 307 2131 affligentur,
321 2041 381 2106 erit
393 2041 461 2108 sine
474 2043 572 2110 dubio
587 2042 686 2108 fames
698 2043 747 2107 his
759 2043 812 2130 qui
822 2041 925 2109 nullos
934 2045 1053 2110 lruotns
1070 2044 1148 2110 boni

111 2152 216 2239 operis
233 2149 440 2239 collegerunt.
459 2152 495 2217 ln
510 2150 564 2217 illo
576 2164 683 2218 autem
692 2152 781 2216 lamis
793 2164 952 2241 tempore,
966 2155 1152 2220 saturabun-

114 2270 167 2323 tur
177 2259 267 2347 justi,
281 2282 321 2324 ex
333 2259 490 2326 fructibus
503 2259 624 2326 scilicet
635 2260 763 2348 justitiae
774 2283 847 2325 suaa.
864 2262 954 2326 Sicut
967 2262 1090 2326 enimin
1099 2262 1153 2326 de·

114 2378 199 2432 serto
210 2389 263 2432 sex
274 2366 388 2432 diebus
403 2365 594 2455 colligebant
608 2390 743 2443 manna,
757 2368 789 2432 in
800 2379 885 2433 sexta
901 2381 1005 2434 autem
1024 2369 1151 2434 dienen

113 2475 206 2541 unius
216 2474 278 2540 diei
287 2474 437 2551 modum,
453 2475 507 2540 sed
522 2487 677 2563 quantum
690 2473 848 2540 sufficeret
858 2477 891 2540 in
904 2478 1077 2542 crastinum
1089 2477 1155 2542 col-

110 2581 271 2669 figebant,
287 2593 319 2646 et
343 2583 558 2670 unusquisque
577 2582 691 2648 edebat
704 2583 736 2646 in
753 2583 1042 2672 diesabbati‚1quae
1060 2583 1150 2650 colli-

110 2697 200 2773 gerat
212 2683 304 2750 indie
317 2684 423 2752 sextn²
436 2709 444 2752 ε
461 2687 504 2751 ita
516 2688 612 2754 etiam
625 2710 711 2753 nunc
723 2684 809 2751 velut
822 2699 908 2765 sexta
922 2688 1066 2774 quaedam
1082 2689 1149 2754 dies

111 2793 252 2881 putanda
261 2805 310 2857 cst
322 2793 449 2858 Domini
462 2794 560 2859 nostri
575 2793 652 2859 Jesu
662 2793 779 2859 Christi
790 2796 944 2861 adventus
956 2845 964 2870 ,
977 2808 1010 2859 et
1025 2807 1149 2884 tempus

112 2885 1148 2994 llocdispensutionisejus‚quampassionesuahocinsaeculopro·

112 3010 1150 3099 curavit.Etidcircodumindiesextnsumus,colligamusmnnna

110 3117 298 3206 dupliciter,
313 3131 348 3182 ut
358 3118 503 3186 sullicere
515 3119 607 3184 nobis
618 3123 716 3208 possit
727 3120 804 3184 dum
817 3121 978 3185 advenerit
987 3144 1059 3188 vern
1075 3124 1149 3188 sah-

108 3226 179 3291 bati
192 3226 368 3292 observatio
376 3225 484 3314 populi
494 3226 561 3290 Dei.
572 3226 605 3291 Si
613 3227 697 3291 enim
704 3249 769 3292 non
777 3225 995 3314 collegerimus
1009 3229 1151 3318 duplices

110 3333 221 3410 cibos,
234 3334 288 3420 qui
303 3333 395 3398 nobis
409 3345 442 3398 et
458 3334 492 3397 in
508 3333 655 3421 praesenti
678 3330 793 3398 saeculo
809 3334 967 3400 sufficiant
988 3350 1021 3402 et
1043 3339 1076 3402 in
1100 3340 1152 3403 lu·
1236 3395 1243 3406 .

113 3453 208 3516 turo,
227 3442 259 3506 in
275 3442 386 3506 diebus
401 3441 491 3506 samis
506 3463 571 3506 non
582 3442 805 3508 saturabimur.
820 3443 874 3511 Sic
886 3444 971 3510 enim
985 3469 1059 3510 cum
1074 3448 1151 3535 justi

112 3552 344 3616 saturabuntur
359 3550 390 3614 in
409 3549 519 3613 diebus
539 3548 647 3642 samis:
672 3549 902 3627 «Peccatores,
921 3553 1037 3640 inquit,
1063 3557 1150 3643 peri-

110 3659 238 3723 munt:
257 3658 376 3722 inimici
392 3668 498 3722 autem
510 3657 637 3723 Domini
653 3658 760 3723 statim
777 3670 812 3721 ut
824 3657 1023 3730 honorificati
1034 3664 1152 3730 suerint

105 3776 168 3832 aet
193 3763 338 3840 exaltati,
362 3762 545 3830 deficientes
564 3776 598 3828 ut
617 3764 722 3830 sumus
738 3764 942 3834 delicient³.»
977 3773 1078 3838 Docet
1092 3795 1161 3844 nou

150 3905 242 3954 lJosn.
256 3921 296 3966 rx,
308 3907 330 3964 4.
343 3867 397 3941 -ιῖ
408 3903 486 3952 Exod.
499 3919 523 3952 x.
537 3929 557 3936 ·-
573 3899 581 3933 ¹
595 3906 679 3955 Psalm.
694 3921 788 3965 xxxvi,
807 3923 845 3954 no.
