2748 4596
359 275 391 318 ra
416 275 530 318 nranuu
551 275 621 318 assu
647 275 729 318 save
755 277 828 318 nou.
856 278 903 320 nr.
1108 256 1146 331 15

116 410 261 464 nostrum.
286 393 333 460 Do
356 393 432 458 Jesu
447 395 531 458 enim
548 392 599 460 iiic
623 395 757 483 scripsit.
781 395 870 462 Unde
890 409 923 460 ct
938 397 1093 464 Dominus
1114 400 1146 464 in

116 504 277 593 Evangelio
294 525 428 590 arguens
447 524 501 568 eos
513 551 521 577 ,
535 503 607 588 quia
627 525 666 566 ex
679 525 718 567 eo
735 504 822 589 quod
836 503 896 568 sibi
911 528 976 569 non
992 507 1146 583 credunt,

116 636 168 690 nec
180 614 286 678 Moseo
298 611 449 684 credant,
466 610 543 675 dicit
558 610 632 675 :«Si
648 611 822 676 crederetis
835 611 937 700 Moysi
950 663 958 688 ,
976 615 1149 680 crederetis

118 722 241 809 »utique
253 731 285 783 et
297 715 386 782 mibi.
403 717 449 782 De
462 741 513 782 me
525 716 612 782 euim
624 715 676 782 illc
688 717 812 805 scripsit
821 716 844 782 ¹.
856 747 868 780 a
883 717 959 784 Mihi
972 731 1078 786 tamen
1089 743 1150 787 nec

117 829 174 894 hoc
194 829 329 893 otiosum
351 825 499 900 videtur,
521 824 609 911 quod
631 848 696 890 non
712 837 775 890 tres
797 825 926 914 integrae
947 827 1047 892 tribus
1076 841 1151 894 sunt

117 938 177 1004 istae
191 961 260 1026 quae
282 959 339 1024 per
352 934 485 1022 Moysen
501 933 742 1021 dispensantur,
763 946 795 998 et
813 933 873 1000 illae
887 936 1016 1024 integrae
1032 957 1148 1002 novem

115 1071 179 1136 quae
194 1070 250 1135 per
260 1044 372 1110 Jesum
384 1042 567 1109 haereditate
583 1043 767 1130 potiuntur,
782 1044 837 1108 sed
850 1044 920 1110 dure
931 1045 1064 1110 etscmis
1076 1046 1147 1122 hie,

113 1169 143 1220 et
156 1156 197 1220 ibi
216 1176 332 1220 novem
351 1163 384 1220 et
398 1151 510 1226 semis,
530 1161 565 1214 et
580 1150 638 1216 ista
662 1173 724 1216 una
740 1151 841 1217 tribus
864 1152 1013 1218 dividitur
1027 1154 1060 1218 in
1072 1153 1150 1218 duas

113 1275 229 1352 partes,
246 1283 410 1350 perquam
427 1281 529 1346 neque
550 1257 602 1324 hic
619 1258 731 1322 tertius
746 1281 898 1324 numerus
913 1261 1035 1349 integer
1047 1261 1150 1327 adim-

114 1371 225 1460 pletur,
242 1391 345 1458 neque
354 1368 397 1433 ibi
410 1367 553 1432 decimus
564 1365 704 1455 perfecte
717 1377 748 1430 et
760 1367 881 1456 integre
897 1382 1146 1435 consummatur.

116 1486 151 1544 ln
165 1503 228 1568 quo
245 1479 379 1544 arbitror
400 1474 479 1541 iliud
497 1475 647 1550 indicari,
665 1475 751 1562 quod
766 1486 798 1540 et
818 1473 862 1541 illi
878 1477 999 1564 priores
1020 1477 1074 1565 qui
1094 1501 1151 1566 per

116 1582 213 1672 legem
230 1584 414 1672 agebantur,
429 1579 620 1668 contigerint
635 1580 764 1667 quidem
788 1579 953 1646 scientiam
968 1581 1148 1658 Trinitatis,

115 1715 176 1758 non
197 1704 303 1758 tamen
320 1689 441 1778 integre
461 1700 494 1752 et
509 1687 668 1776 perfecte,
685 1687 740 1752 sed
756 1710 794 1753 ex
812 1700 913 1775 parte.
935 1689 1050 1754 Deerat
1064 1689 1150 1754 enim

113 1799 170 1864 iliis
194 1800 226 1864 in
248 1799 426 1873 Trinitate,
445 1797 541 1862 etiam
557 1795 615 1862 Dei
632 1794 785 1883 unigeniti
807 1795 1058 1864 incarnationem
1073 1819 1153 1887 cog·‹

111 1930 250 1973 noscere.
273 1907 353 1973 Nam
375 1904 450 1970 licet
468 1905 508 1969 de
525 1903 660 1969 adventu
676 1904 745 1991 ejus
770 1904 955 1980 crederent,
971 1917 1004 1971 et
1021 1906 1061 1971 dc
1076 1905 1151 1971 reli*

111 2016 179 2103 quis
197 2017 267 2103 ejus
283 2012 567 2102 dispensationibus
583 2035 648 2077 non
663 2011 766 2077 solum
781 2013 967 2091 crederent,
986 2014 1149 2082 sedetiam

110 2125 342 2212 praedicarent:
364 2133 550 2188 nontamen
565 2121 661 2186 etiam
679 2120 804 2196 videre,
823 2131 855 2185 et
871 2121 999 2209 adipisci
1022 2144 1059 2188 oa
1078 2147 1149 2210 quae

113 2231 329 2306 crediderant,
352 2240 525 2317 potuerunt
547 2251 555 2292 z
574 2229 655 2294 sicut
677 2239 709 2292 et
729 2227 883 2294 Dominus
907 2227 1068 2316 discipulis
1086 2232 1151 2296 suis

114 2339 192 2404 dicit
204 2338 243 2403 de
255 2338 307 2414 iis,
319 2337 392 2426 quia
407 2364 420 2398 ‹
436 2335 527 2402 multi
542 2335 708 2424 Prophetae
722 2347 755 2400 et
769 2336 844 2422 justi
861 2337 1030 2424 cupierunt
1046 2338 1152 2404 videre

111 2467 206 2530 aquae
217 2466 270 2508 vos
285 2441 413 2518 vidctis,
430 2453 461 2504 et
472 2463 537 2505 non
554 2440 699 2506 viderunt
714 2461 721 2504 :
740 2450 774 2503 et
788 2440 898 2506 audire
911 2465 983 2528 quae
997 2465 1049 2506 vos
1061 2441 1154 2506 audi-

110 2579 123 2613 ι
135 2553 186 2626 tis,
197 2563 229 2614 ct
240 2573 305 2616 non
317 2549 486 2622 audierunt
494 2546 516 2613 ².
527 2548 624 2612 »Erat
635 2547 721 2611 enim
734 2546 812 2612 fides
821 2571 933 2612 eorum
941 2572 1005 2614 non
1017 2549 1151 2638 integra,

107 2683 169 2750 pro
191 2681 230 2723 eo
246 2659 333 2747 quod
348 2656 492 2723 nondum
513 2656 545 2722 in
569 2655 695 2721 Christo
716 2655 818 2720 suerat
838 2657 1028 2744 dispensatio
1048 2659 1154 2724 carnis

108 2767 242 2858 impleta
257 2792 265 2834 :
283 2778 316 2832 et
330 2767 417 2855 quod
432 2789 489 2830 nos
505 2787 591 2831 nunc
606 2764 725 2831 sactum
741 2765 806 2852 jam
824 2765 983 2832 credimus
997 2777 1029 2830 et
1046 2765 1155 2854 imple
1272 2795 1276 2800 ·

108 2892 200 2954 tum,
220 2875 263 2942 illi
281 2874 503 2941 tantummodo
522 2873 666 2939 saturum
683 2871 867 2939 credebant.
889 2874 1059 2962 Propterea
1077 2897 1155 2964 ergo

108 2987 217 3052 tribus
233 2983 295 3050 iliae
309 3007 412 3072 neque
428 2983 498 3047 duae
517 2994 611 3056 sunt,
633 3005 674 3046 ne
689 2987 793 3070 pa‘tres
809 2993 896 3046 extra
912 2981 1008 3048 fidem
1023 2995 1056 3048 et
1070 2983 1155 3051 salu-

110 3110 180 3162 tem
194 3097 257 3160 sint
269 3094 430 3160 Trinitatis
441 3116 449 3157 :
460 3115 564 3179 neque
576 3104 638 3156 tres
650 3092 778 3180 integrm
789 3102 821 3155 et
833 3090 993 3182 perfectae,
1003 3116 1043 3160 ne
1055 3094 1156 3159 hsatae

109 3203 278 3272 Trinitatis
293 3201 398 3268 inillis
413 3202 479 3289 jam
491 3211 724 3268 sacramentum
737 3199 1074 3289 videreturoxpletum.
1091 3202 1156 3270 Sed

111 3313 318 3400 contigerunt
334 3311 463 3398 quidem
479 3310 608 3374 tertium
624 3331 814 3384 numerum,
827 3319 876 3383 et,
896 3309 979 3374 sicut
996 3309 1073 3374 dixit
1089 3311 1156 3375 Do-

113 3417 240 3492 minus,
257 3418 427 3506 cupierunt
444 3417 548 3482 videre
563 3437 632 3504 quae
645 3414 808 3489 videmus,
825 3425 857 3478 et
865 3413 974 3478 audire
986 3438 1056 3500 quae
1071 3416 1159 3481 audi·

109 3545 212 3588 mus:
232 3523 287 3587 sed
308 3521 439 3588 minime
457 3531 648 3609 potuerunt,
670 3519 743 3607 quia
759 3517 900 3584 nondum
921 3518 1004 3586 filius
1020 3518 1159 3585 hominis

106 3629 218 3698 suerat
241 3630 422 3707 exaltatus,
448 3654 506 3697 nec
539 3641 719 3718 temporum
744 3630 808 3716 jam
830 3640 957 3694 venerat
979 3627 1156 3717 plenitudo.

107 3741 176 3807 Hic
193 3763 246 3806 me
261 3740 357 3806 etiam
376 3737 496 3828 aliquid
515 3736 648 3826 amplius
667 3748 784 3802 movet.
803 3736 870 3824 Ego
887 3748 965 3824 puto
988 3737 1074 3823 quod
1093 3735 1160 3802 sor-

149 3891 159 3922 ί
171 3889 247 3935 Joan.
260 3904 275 3933 v
286 3922 293 3946 ,
305 3888 347 3947 46.
359 3914 391 3923 -
405 3883 586 3946 ²tdatthanr,
600 3899 640 3945 ¹7·
