2734 4594
374 316 406 356 ru
431 315 545 356 uronuu
569 313 736 359 neoronuu
760 317 832 362 uon.
860 319 879 359 1.
1085 301 1138 364 rtis

105 431 200 521 aliqui
218 443 251 496 et
267 429 444 496 seeundum
468 429 563 494 istum
588 429 718 496 Fineom
737 431 807 498 Heli
826 431 927 498 filium
946 439 1142 512 secerdotes,

105 541 158 628 qui
179 540 366 605 obturatum
389 560 424 602 os
444 536 563 602 hebent
582 538 645 602 sive
665 538 828 628 imperitiae
849 541 940 618 vitio,
964 544 1028 609 sire
1050 571 1145 612 rons-

105 649 221 715 oientia
236 658 453 736 peccatorum.
474 645 538 712 Sed
554 645 616 711 hoc
633 658 681 711 est
698 637 789 734 qood*
800 649 966 738 deprecor,
986 664 1019 715 nt
1035 655 1059 718 si
1076 657 1145 743 quis

106 769 155 821 est
171 756 223 843 qui
243 756 275 819 in
288 751 516 820 sacerdotalem
528 751 673 818 ordinem
685 777 718 818 se
731 755 864 820 ascitum
878 756 980 834 videt,
1001 761 1147 851 satisagot

40 912 42 916 .
106 859 277 926 eruditioni
292 870 325 922 et
336 856 551 922 emendationi
568 879 697 946 operam
714 858 788 923 dore
799 909 808 934 ,
821 871 853 924 et
868 860 993 928 sustinet
1008 863 1090 930 offici
1107 867 1146 931 de

107 967 162 1033 illo
177 989 310 1034 numero
327 967 513 1039 hestorum,
538 987 578 1029 ne
599 964 680 1030 forte
698 963 878 1033 inveniatur
896 993 935 1036 ex
955 969 1020 1036 istis
1039 995 1147 1040 socer-

106 1078 235 1143 dotibus
252 1077 306 1164 qui
321 1087 354 1141 et
370 1073 582 1163 reprobantur
596 1088 629 1139 et
644 1077 819 1164 puniuntur
834 1103 851 1143 a
866 1079 944 1144 Deo.

150 1185 235 1252 Vlll.
249 1185 312 1251 Sed
320 1195 446 1272 tempus
454 1193 502 1248 est
513 1183 578 1271 jam
586 1195 618 1246 et
627 1183 666 1248 de
678 1185 821 1250 oratione
837 1187 952 1262 Anne,
966 1209 1061 1275 quum
1072 1213 1149 1278 pro-

108 1295 189 1360 fudit
198 1293 334 1360 ollerens
344 1293 414 1358 Deo
428 1289 609 1358 Samuelem
621 1313 717 1380 quem
730 1317 747 1358 u
760 1291 840 1359 loote
847 1294 1016 1384 depulerat
1028 1348 1037 1373 ,
1048 1323 1149 1387 proce

110 1429 299 1474 memorare.
318 1405 355 1470 ln
370 1427 430 1493 qua
445 1404 549 1493 primo
564 1400 693 1492 quidem
708 1404 771 1470 hoe
782 1405 935 1483 dicimus,
951 1411 1039 1498 quod
1054 1391 1079 1476 is
1095 1413 1148 1499 qni
1209 1409 1210 1414 ’

111 1517 181 1581 Deo
197 1514 330 1580 oll'ertnr
344 1535 434 1602 puer,
457 1524 530 1577 ente
546 1511 652 1576 ollerri
670 1535 733 1578 non
749 1515 873 1602 potuit,
895 1539 991 1604 qnam
1012 1518 1152 1607 depelle-

111 1636 201 1690 retur
221 1646 237 1686 a
257 1620 348 1688 laete.
372 1622 408 1686 ln
430 1643 493 1708 quo
513 1619 692 1685 ostenditur
706 1607 886 1688 consecrari
906 1623 973 1690 Deo
992 1627 1150 1693 neminem

111 1754 204 1821 posse
225 1729 279 1816 qui
302 1727 406 1794 adhue
427 1717 508 1794 laete
529 1725 634 1802 alitur,
655 1737 689 1792 et
707 1751 787 1816 puer
804 1741 853 1794 est
875 1733 1036 1807 sensibus,
1058 1747 1152 1825 etque

106 1862 221 1928 expers
235 1848 283 1902 ost
298 1836 453 1903 sermonis
475 1835 618 1921 justitiae,
641 1857 702 1901 neo
723 1837 929 1904 sacerdotalia
951 1851 1056 1927 potest
1075 1867 1153 1932 pro-

107 1971 222 2014 curem
240 1958 438 2014 sacramento
458 1944 517 2010 uisi
537 1941 665 2011 desistat
685 1969 703 2011 a
724 1943 918 2033 puerilibus,
942 1959 975 2012 et
996 1950 1029 2015 in
1049 1953 1152 2042 majus

108 2053 260 2123 ascendet
276 2055 316 2120 nl>
332 2053 380 2118 his
396 2052 513 2140 quibus
529 2051 698 2139 Apostolus
715 2052 791 2119 dicit
806 2075 813 2118 :
831 2054 922 2123 «an
937 2057 1025 2122 voltis
1041 2072 1152 2147 potum

110 2164 206 2230 »dodi
222 2185 286 2230 non
298 2183 416 2229 eseam.
439 2161 588 2227 Nondum
606 2161 692 2226 enim
708 2162 860 2250 poteratis
870 2161 892 2227 ¹.
907 2189 919 2224 ι
936 2163 1083 2254 Alioquin
1101 2193 1153 2235 se·

109 2271 256 2339 eundum
269 2270 407 2336 litteram
423 2269 499 2356 quid
512 2268 637 2334 videtur
647 2287 751 2356 opere
762 2269 855 2356 pretii
868 2271 1038 2358 puerulum
1050 2299 1152 2364 nuper

110 2405 131 2445 n
141 2379 229 2446 'lecte
244 2377 411 2468 depulsum
425 2379 493 2443 Deo
507 2374 632 2450 oll'erri,
652 2374 704 2439 ubi
720 2397 785 2440 non
801 2388 903 2442 mater
914 2379 1073 2458 intererit,
1087 2407 1150 2450 uon

110 2488 252 2554 nutrices
263 2487 435 2561 fovebunt,
452 2507 555 2573 neque
567 2477 724 2548 educandi
739 2484 832 2572 pueri
846 2485 979 2552 oderunt
996 2486 1056 2554 ulla
1074 2493 1152 2557 sub·
1197 2539 1203 2548 -

1 2635 2 2640 κ
106 2595 212 2662 sidiei
228 2595 293 2662 Sed
309 2594 379 2658 vide
393 2592 466 2680 quis
484 2592 656 2679 Scripturae
670 2611 776 2655 sermo
787 2591 830 2656 ito
844 2605 934 2680 optus
946 2606 1014 2672 est,
1028 2611 1062 2662 nt
1074 2600 1152 2690 lign-

108 2704 219 2774 ruliter
233 2705 346 2771 docent
363 2702 448 2790 quud
466 2701 569 2766 omnis
586 2700 639 2790 qui
655 2698 812 2787 primord
828 2699 925 2766 fidem
943 2708 1150 2786 convertitur,

107 2813 194 2878 laete
208 2825 240 2878 et
255 2835 320 2878 non
335 2812 408 2878 oibo
427 2810 497 2874 forti
516 2807 623 2884 alitur,
640 2808 680 2873 de
695 2808 811 2896 quibus
823 2809 855 2873 iu
867 2807 967 2878 oltero
984 2811 1054 2881 loco
1070 2817 1151 2884 ‹lici-

109 2933 167 2987 tur
184 2945 193 2986 ε
213 2924 276 2988 «Et
289 2921 395 2988 effoeti
409 2919 484 2985 estis
499 2917 554 3006 qui
570 2916 651 2983 laete
668 2917 830 3006 indigetis,
848 2931 880 2982 et
895 2941 958 2984 non
975 2921 1048 2988 cibo
1062 2925 1147 2993 sorti.

111 3029 295 3110 »Quoniam
307 3028 409 3094 omnis
425 3026 478 3114 qui
493 3024 575 3090 lacte
591 3022 696 3099 ulitur,
712 3021 831 3090 alienus
841 3035 889 3089 est
901 3051 918 3090 n
930 3049 1076 3096 sermone
1088 3035 1151 3120 jus·
1234 3050 1235 3053 ’

106 3169 122 3202 ι
135 3138 220 3204 titiae.
238 3135 388 3204 Parvulos
409 3147 458 3200 ost
477 3134 572 3200 onim.
598 3132 814 3198 Perseetornm
834 3145 881 3197 est
901 3134 993 3202 eibos
1012 3138 1147 3220 solidus,

1 3320 3 3327 ,
105 3278 121 3311 s
132 3248 186 3336 qui
200 3269 260 3336 pro
275 3244 482 3335 possibilitate
497 3239 642 3307 sumendi
657 3240 845 3306 exercitatos
859 3241 978 3308 habent
990 3269 1098 3316 sensus
1111 3255 1151 3319 ad

0 3395 4 3396 ν
106 3385 122 3416 ι
135 3337 358 3420 discretionem
379 3353 453 3418 boni
472 3373 512 3417 eo
532 3347 639 3417 malit
663 3375 677 3406 r
700 3347 799 3436 lgitur
820 3349 1013 3440 quicumque
1034 3379 1050 3432 a
1071 3357 1151 3427 lacte

104 3463 255 3530 nondum
270 3460 452 3550 depellitur,
469 3459 525 3526 sed
540 3453 690 3548 purvulos
702 3468 767 3532 est,
786 3479 850 3522 non
863 3465 966 3544 polest
981 3468 1150 3534 oscendere

100 3571 151 3641 ad
171 3569 327 3660 templum
347 3568 493 3642 Domini,
518 3589 582 3632 non
605 3576 709 3654 potest
727 3565 897 3631 oseendere
917 3569 956 3634 nd
978 3572 1150 3645 ministeria

97 3681 331 3755 sacerdotum,
350 3699 409 3744 neo
425 3675 586 3744 snerisroiis
597 3676 769 3750 iuteresse,
782 3673 838 3738 sed
854 3697 893 3740 ue
909 3690 1011 3745 meter
1021 3685 1148 3768 quidem

0 3820 1 3841 2
93 3793 178 3881 ejus
197 3788 356 3863 aseendit,
372 3809 447 3852 oum
464 3784 561 3872 possit
576 3781 756 3848 ascendere.
773 3781 880 3848 Gratis
892 3787 1035 3864 ‚estenim
1049 3805 1149 3859 mater

144 3926 714 3994 ¹1Cor.1rr,2.-²}lebr.r‚rs,13,14.

245 4047 275 4086 Χ.
935 4042 968 4080 ΙΙ
