2748 4596
364 283 396 324 aa
422 283 535 333 uranon
556 282 625 324 satu
652 283 733 326 aava
759 284 831 326 riou.
858 287 920 328 xxi.
1114 267 1153 351 75

119 431 220 475 snum
236 401 352 470 diem¹.
373 431 386 464 ι
405 401 558 470 Volumus
579 424 596 466 a
619 400 721 467 littere
742 402 926 491 incipientes
940 407 1099 494 inquirere
1116 410 1155 473 ab

120 522 156 586 iis
172 519 225 608 qui
241 528 356 608 putant
372 515 440 581 haee
452 515 626 581 seeundum
642 515 779 582 litteram
794 531 877 584 stare
892 543 1000 608 posse,
1018 523 1156 610 quidest

120 624 206 722 qued
227 623 344 689 dicitur
357 645 369 679 a
383 644 482 709 usque
498 621 530 685 iu
550 620 740 686 hodiernum
758 622 844 687 diem
864 647 872 687 :
891 652 903 683 a
920 626 1007 711 quod
1023 631 1156 694 uerbum

121 743 248 820 semper
263 729 426 817 Scriptura
442 751 502 816 pro
515 751 554 792 ee
571 729 678 816 penit,
702 740 738 792 ut
751 730 959 796 eternitatem
978 733 1085 800 saeculi
1100 759 1158 824 per

122 841 187 906 hec
201 837 370 927 significet,
394 837 476 901 sieut
497 847 529 900 et
553 835 652 901 dicit:
669 861 682 894 a
699 835 802 903 Nolite
821 839 970 904 recedere
987 863 1004 906 a
1019 823 1157 908 Domino

123 948 179 1012 sin
199 945 354 1012 hodierno
364 942 454 1020 die²,
468 971 481 1005 s
497 943 530 1008 id
546 954 612 1019 est,
629 943 732 1008 donee
746 939 896 1010 saeculum
913 959 983 1015 stat.
1002 949 1160 1017 Ostendat

1 1063 2 1066 ’
120 1077 199 1144 erge
214 1052 291 1120 mihi
307 1033 469 1141 quemodo
484 1050 647 1116 Jehusaeus
663 1051 765 1117 donee
782 1052 931 1118 saeeulum
944 1068 1024 1133 stat,
1040 1056 1163 1124 habitat

1 1171 2 1178 ’
121 1181 198 1226 cum
216 1157 288 1224 liliis
303 1156 389 1223 Juda
408 1156 440 1220 in
461 1153 657 1231 Jerusalem,
674 1155 792 1244 quippe
809 1179 885 1223 cum
901 1181 942 1224 ne
959 1161 1018 1249 ipsi
1034 1163 1162 1249 quidem

120 1266 178 1332 filii
194 1265 276 1331 Juda
294 1264 438 1332 habitent
452 1263 486 1327 iu
501 1261 687 1328 Jerusalem.
707 1263 783 1328 ldee
793 1287 870 1354 ergo
884 1253 945 1332 nec
956 1267 1041 1334 istud
1054 1289 1162 1337 verum

123 1393 194 1440 esse
200 1370 648 1462 poterit,qu0dtebusaeicum
656 1369 775 1436 ludaeis
784 1370 927 1439 habitent
935 1363 1162 1454 inderusalem,

126 1474 384 1565 quandoquidem
399 1493 440 1540 ne
458 1474 515 1561 ipsi
533 1474 664 1560 quidem
679 1473 824 1540 habitant
841 1477 874 1541 iu
892 1501 939 1544 ea.
961 1480 1024 1546 Sed
1039 1505 1097 1548 uos
1114 1485 1164 1548 iu·
1191 1497 1203 1516 ‘

128 1583 305 1673 telligamus
316 1581 383 1648 haec
396 1581 588 1670 splritaliter,
599 1593 794 1648 assumentes
809 1584 969 1674 Evangelii
980 1589 1164 1676 parabolam

128 1716 199 1779 qum
220 1692 295 1758 dicit
313 1692 352 1756 de
368 1691 493 1758 zizaniis
511 1714 519 1754 :
537 1716 550 1749 a
570 1689 671 1756 Sinite
686 1701 818 1778 utraque
834 1711 998 1771 erescere,
1020 1718 1060 1762 ue
1082 1695 1166 1763 ferte

127 1821 225 1866 »cum
245 1797 337 1864 vidtis
355 1798 515 1864 eradicare
534 1795 670 1872 zizania,
690 1797 857 1863 eradicetis
879 1800 973 1866 simul
995 1826 1069 1869 cum
1091 1805 1165 1894 ipsis

125 1909 246 1974 setiam
258 1904 430 1972 triticum⁸.
447 1905 642 1993 »stoutergo
656 1905 689 1970 iu
704 1901 875 1993 Evangelio
887 1910 1167 1996 permittunturzi

126 2017 217 2082 aauia
233 2013 327 2081 simrd
349 2035 423 2079 eum
444 2013 549 2078 tritico
563 2033 706 2078 crescere
725 2037 733 2077 :
751 2014 866 2080 eedem
886 2008 984 2082 modo
1001 2018 1098 2085 etiam
1113 2021 1166 2086 hic

127 2127 162 2192 iu
174 2121 370 2196 Jerusalem,
387 2121 420 2186 id
434 2133 500 2195 est,
514 2120 546 2184 iu
562 2118 703 2186 Ecclesia
718 2133 791 2186 sunt
802 2121 932 2208 quidam
944 2123 1101 2202 Jebusaei,
1116 2115 1173 2193 isti

130 2233 187 2320 qui
204 2228 374 2320 ignobilem
392 2241 425 2293 et
446 2228 635 2316 degenerem
649 2228 746 2292 vitam
763 2227 907 2304 ducunt,
925 2232 980 2319 qui
1002 2245 1034 2298 et
1056 2233 1120 2299 lide
1136 2247 1168 2298 et

132 2341 276 2415 actibus,
291 2351 322 2403 et
345 2337 431 2403 omni
453 2336 691 2402 conversatione
714 2359 768 2401 aua
792 2340 931 2424 perversi
951 2353 1035 2405 sunt.
1059 2341 1169 2429 Neque

127 2448 217 2516 euim
237 2445 386 2537 possibile
405 2457 453 2510 est
471 2443 510 2509 ad
530 2442 686 2532 liquidum
701 2445 827 2532 purgari
846 2444 1020 2513 Ecclesiam
1040 2447 1117 2514 dum
1136 2449 1169 2514 iu

128 2557 223 2622 terris
238 2566 304 2631 est,
320 2555 364 2618 ita
382 2565 416 2618 ut
428 2573 531 2640 neque
543 2552 656 2639 impius
672 2551 705 2615 in
720 2574 757 2617 ea
773 2554 941 2640 quisquam
954 2575 1076 2643 ,neque
1090 2579 1170 2643 pee-

128 2676 222 2731 cater
232 2662 370 2730 residere
380 2660 536 2735 videntur,
552 2659 607 2724 sed
618 2659 680 2722 sint
692 2659 724 2722 in
740 2681 776 2724 ea
789 2681 899 2732 omues
913 2661 1013 2726 sancti
1026 2673 1057 2726 et
1071 2665 1168 2738 beati,

128 2784 165 2838 et
185 2771 349 2858 inquibus
365 2767 450 2833 nulla
467 2789 594 2855 prorsus
610 2767 732 2854 peceati
750 2766 874 2832 macula
888 2767 1166 2860 deprehendatur.

132 2878 199 2944 Sed
212 2878 293 2943 sieut
304 2876 421 2942 dieitur
437 2875 476 2940 de
492 2874 634 2949 zizaniis,
652 2901 665 2936 a
681 2873 727 2940 Ne
742 2873 823 2939 sorte
839 2876 1034 2942 eradicantes
1052 2877 1170 2944 zizania

131 2985 250 3051 ssimul
268 2982 413 3052 cumillis
429 2981 595 3050 eradicetis
609 2992 642 3045 et
654 2983 795 3048 triticum
810 3007 816 3048 ε
832 3009 844 3044 s
860 2984 902 3048 ita
916 2986 1011 3050 etiam
1025 3011 1120 3076 super
1135 2987 1171 3052 iis

130 3092 198 3160 dici
209 3105 313 3182 potest
323 3095 356 3157 iu
371 3093 486 3181 quibus
498 3090 546 3156 vel
562 3090 657 3154 dubia
669 3088 716 3154 vel
726 3089 849 3162 occulta
864 3104 996 3179 peecata
1006 3107 1089 3159 sunt.
1106 3093 1172 3162 Ne·-

130 3227 197 3294 que
218 3203 302 3268 enim
322 3200 456 3267 dicimus
475 3200 514 3264 de
534 3199 571 3263 iis
586 3197 641 3286 qui
660 3197 825 3263 manifeste
840 3210 873 3262 et
884 3199 1047 3268 evidenter
1063 3203 1169 3268 crimi·
1246 3197 1259 3206 ”

133 3311 207 3379 nesi
215 3322 302 3385 suut,
315 3321 351 3374 ut
360 3331 423 3374 non
435 3308 475 3383 de
489 3304 630 3372 Ecclesia
645 3303 854 3393 expellantur.
873 3305 956 3372 Audi
973 3331 1048 3398 erge
1067 3310 1172 3398 Scrip-

132 3433 241 3485 turam
258 3419 437 3491 dicentem,
456 3415 528 3503 quia
543 3437 607 3479 uon
619 3425 790 3500 potueruut
810 3412 866 3478 lilii
887 3413 971 3486 Judu
990 3417 1173 3506 disperdere

130 3527 315 3601 Jehusaeos,
338 3524 392 3589 sed
407 3522 630 3588 habitaverunt
647 3543 722 3592 cum
737 3521 812 3610 ipsis
828 3522 860 3586 in
877 3520 1053 3590 Jerusalem
1073 3547 1174 3612 usque

129 3638 167 3703 iu
180 3632 371 3700 hodiernum
386 3631 481 3696 diem.
501 3627 591 3694 Unde
603 3629 759 3717 deprecor
773 3652 827 3695 vos
841 3629 893 3717 qui
906 3629 1015 3696 fideles
1031 3633 1124 3707 estis,
1138 3641 1174 3694 ut

125 3748 177 3826 lta
194 3743 292 3808 vitam
307 3752 442 3808 vestram
461 3750 493 3804 et
509 3737 780 3814 conversationem
796 3739 945 3816 servetis,
963 3763 1003 3806 ne
1018 3742 1049 3805 in
1068 3739 1172 3826 alique

170 3889 179 3935 ¹.
190 3893 244 3948 Jos,
254 3887 349 3950 anfi}
361 3915 392 3926 --
404 3885 415 3919 ²
429 3903 438 3936 ι
454 3889 513 3960 Ecg.
524 3903 581 3948 xus,
593 3903 632 3946 qo.
646 3914 666 3921 -
685 3883 795 3943 ³Mattlr.
805 3903 854 3945 narr
863 3922 870 3947 ‚
880 3903 922 3962 29,
935 3887 976 3944 30,
