2706 4624
316 321 349 367 ιιι
371 322 542 367 nnvrnrcon
564 323 694 367 nonme
716 321 779 366 xor.
999 303 1061 388 275

68 464 113 508 rer
125 440 199 506 robis
212 449 442 528 persequentur
458 437 556 506 multa
570 438 667 506 millia
680 439 702 504 ¹.
714 468 727 500 ι
745 439 810 519 Qui
825 452 899 506 sunt
909 439 960 506 isti
972 443 1062 532 qnin-

61 575 106 639 qne
116 551 162 640 qni
173 563 308 638 possunt
323 549 468 638 persequi
483 549 637 615 centumil
649 549 800 639 Quinque
813 571 965 617 numerus
977 564 1011 618 et
1025 553 1058 619 in

60 658 241 726 laudabilibus
250 659 378 748 ponitur
385 658 458 724 etin
466 657 686 748 culpabilibus.
699 659 929 749 Quinque'sunt
939 662 1059 749 sapien·

62 771 238 859 tesrirgines,
252 779 285 834 et
295 769 435 858 quinque
444 768 653 858 ·insipientes².
665 767 719 834 Sic
731 793 806 858 ergo
817 781 850 834 et
861 772 1061 840 centenarius

60 903 178 946 numerus
198 879 244 946 ad
263 890 430 968 utramque
446 889 569 967 portem
584 879 685 966 accipi
698 891 820 968 potesto·
830 878 864 945 Si
882 880 988 969 itaque
1001 906 1061 949 nos

61 991 132 1055 sinus
142 1014 177 1054 ex
191 989 339 1080 quinque
354 986 577 1064 laudabilibus,
589 987 622 1051 id
638 999 697 1064 est,
710 1009 749 1052 ex
763 986 901 1077 quinque
916 991 1061 1078 sapienti*

57 1098 110 1173 bus,
118 1120 345 1188 persequemur
356 1095 536 1185 insipientes
550 1106 691 1161 centnm.
707 1094 741 1160 Si
756 1096 841 1162 enim
856 1099 1013 1187 sapienter
1027 1111 1060 1168 et

52 1207 232 1294 probabiliter
248 1229 427 1296 pugnemus
445 1204 589 1270 inverbo
609 1203 679 1279 Dei,
697 1204 723 1268 si
742 1204 916 1292 prudenter
934 1208 973 1274 de
990 1207 1059 1298 lege

46 1317 155 1384 llomini
179 1319 386 1391 disseramus,
412 1313 629 1380 convincimus
654 1325 687 1378 et
712 1312 857 1402 lugemus
882 1315 1058 1383 infidelium
1136 1403 1139 1411 .

49 1413 277 1494 multitudinem.
298 1424 390 1492 Sicut
410 1425 495 1490 enim
519 1423 658 1511 quinque
681 1445 833 1488 numerus
854 1436 887 1489 et
904 1427 1058 1514 sapientes

51 1536 158 1602 indicat
175 1551 205 1602 et
221 1537 416 1626 insipientes,
438 1535 480 1599 ita
499 1545 533 1598 et
554 1544 705 1600 centenus
728 1557 879 1598 numerus
898 1548 930 1599 et
948 1534 1057 1603 fideles

54 1644 160 1710 indicat
173 1659 201 1712 et
217 1645 372 1712 infideles.
395 1645 474 1712 Nam
488 1655 521 1708 et
536 1644 595 1708 sub
617 1643 799 1709 centenario
820 1667 975 1711 annorum
996 1671 1059 1712 nu*

56 1775 133 1819 mere
149 1755 299 1822 lbrahnm
314 1756 382 1821 Deo
397 1753 580 1829 credidisse,
596 1764 629 1818 et
648 1753 839 1842 justificatus
854 1777 923 1820 esse
937 1756 1058 1823 descri-

52 1863 137 1940 bitur,
148 1877 177 1929 et
189 1877 361 1955 «peccator
376 1864 431 1954 qui
445 1863 581 1929 moritur
596 1874 726 1928 centum
737 1885 899 1930 annorum
909 1863 1058 1932 meledic-

53 1986 119 2038 stus
131 1976 239 2042 erit⁸.»
254 1978 293 2042 Et
308 1975 361 2040 bie
376 1987 506 2042 centum
520 1971 662 2040 infideles
677 1996 694 2038 a
709 1974 849 2063 quinque
863 1976 1057 2066 sapientibus

50 2081 226 2173 effugantur,
237 2097 267 2151 et
277 2107 401 2151 rursum
413 2097 542 2151 centum
552 2081 674 2160 fideles,
687 2105 751 2149 non
763 2096 827 2149 tam
839 2107 973 2152 numero
983 2109 1057 2156 een·

53 2204 119 2256 tum
132 2219 223 2280 quam
233 2196 417 2283 perlectione
431 2195 556 2284 signati,
569 2191 668 2260 multa
683 2193 778 2260 millia
796 2195 971 2262 infidelium
985 2221 1055 2288 per·

59 2313 227 2386 sequentur.
239 2302 346 2392 Fugant
362 2305 449 2369 enim
465 2301 573 2369 fideles
589 2302 734 2369 doctores
746 2303 928 2370 innumeros
941 2307 1055 2374 ὀωιιιο-

54 2429 119 2483 nes,
135 2433 173 2474 ne
187 2411 293 2478 animas
305 2413 502 2479 credentium
522 2411 650 2498 antiqua
673 2410 783 2476 fraude
805 2412 973 2500 decipient.
987 2441 1000 2477 r
1016 2418 1056 2482 Et

44 2519 177 2586 »cedent
196 2522 311 2589 inimici
332 2522 427 2589 vestri
444 2522 477 2587 in
499 2533 673 2612 conspectu
693 2530 796 2587 vestro
814 2519 917 2610 gladio
930 2522 976 2589 ’.ι
992 2526 1056 2606 Qui

36 2629 94 2695 sint
104 2631 222 2700 mimici
237 2657 332 2723 snpra
355 2634 500 2716 diximus,
517 2655 581 2720 quo
596 2643 701 2698 antem
720 2631 823 2722 gladio
841 2633 986 2702 dicantur
1000 2649 1069 2703 ee-‘

36 2738 111 2816 dere,
126 2745 338 2832 requiramus.
360 2738 527 2831 Apostolus
542 2739 657 2807 Paulus
672 2766 730 2808 nos
745 2743 839 2810 docet
861 2746 930 2832 quis
946 2746 986 2811 sit
1000 2746 1053 2813 bie

29 2845 150 2936 glsdins,
162 2875 245 2919 enm
264 2852 341 2918 dicit
355 2874 363 2916 :
375 2878 388 2912 r
399 2851 494 2916 Vivus
510 2851 594 2915 enim
609 2863 657 2917 est
672 2873 775 2917 sermo
791 2852 862 2928 Dei,
880 2866 913 2918 et
930 2854 1053 2932 ellienx,

27 2972 79 3024 oet
91 2960 329 3052 penetrabilior
350 2963 437 3028 omni
457 2959 559 3050 gladio
581 2961 728 3048 utrinque
750 2975 858 3039 acuto,
872 2966 1053 3055 pertingens

24 3095 167 3164 »quoqne
185 3095 298 3161 usqne
313 3071 354 3138 ad
368 3094 554 3161 compagem
568 3071 728 3138 animosae
740 3072 1053 3160 spiritns-membro-

26 3205 107 3250 »rum
130 3206 277 3278 qunque
300 3195 332 3248 et
353 3163 626 3274 medullarumet
646 3194 694 3246 est
715 3181 870 3248 discretor
890 3185 1053 3273 cogitatio

22 3317 110 3362 anum
124 3307 161 3362 et
178 3292 406 3361 intentionum
421 3291 523 3358 cerdis
534 3290 555 3355 ⁵.
573 3320 586 3352 s
601 3291 661 3357 Hic
674 3303 720 3356 est
735 3290 856 3380 gladius
873 3295 963 3383 cujus
981 3297 1051 3362 acie

24 3404 123 3474 dunt
148 3403 288 3473 inimici
307 3401 416 3468 nostri.
432 3400 544 3467 Sermo
559 3425 696 3490 namque
710 3402 769 3467 Dei
785 3403 900 3492 estqui
915 3418 1053 3493 prester·
1095 3424 1102 3433 ·

19 3513 56 3578 nit
66 3540 182 3584 omnes
195 3512 366 3589 inimicos,
377 3523 410 3577 et
421 3513 510 3602 ponit
521 3536 575 3578 eos
586 3515 643 3578 sub
660 3511 794 3601 pedibus
805 3513 881 3588 suis,
896 3526 931 3579 nt
945 3517 1051 3584 subdi-

19 3625 119 3692 ΜΗ(
136 3623 263 3694 omnis
278 3621 415 3688 mundns
433 3622 509 3688 Deo.
528 3620 582 3689 Vis
600 3621 704 3688 adhuc
725 3633 759 3686 et
778 3623 818 3688 de
839 3621 898 3688 alin
919 3626 1050 3714 epistola

44 3774 137 3828 liaris.
148 3793 233 3836 mr,
247 3773 319 3824 8.-·2
332 3774 423 3824 ldatth.
436 3791 493 3834 nv,
506 3774 724 3834 s.-·¹1sai.nxv,
738 3790 776 3826 ao.
785 3801 815 3813 -
826 3773 837 3808 t
848 3775 930 3826 Levit.
944 3785 1012 3835 xxvi,
1025 3781 1049 3830 8.

19 3849 126 3902 —tflen
142 3869 183 3911 rr,
202 3866 251 3898 n.
809 3857 812 3864 ’

866 4047 913 4111 ιδ.
