2692 4610
10 3625 12 3718 t

253 275 313 361 ¹9⁸
531 293 533 298 ·
696 293 839 336 ortonnes

247 408 376 474 eoribua
394 406 527 471 inveniri
554 417 646 494 putea
664 404 752 492 qnod
769 403 876 470 offerri
892 404 1005 480 deceat
1019 404 1100 468 Deo.
1118 403 1198 468 laton
1215 403 1287 468 boe

247 517 307 582 tiae
326 517 411 580 intra
432 507 569 602 teipau'rn
593 514 734 598 requiro,
757 523 790 577 et
810 510 950 575 invenies
965 533 1019 575 eas
1040 510 1123 574 intra
1144 510 1287 574 onimam

247 641 348 690 tuom.
367 620 511 710 intellige
528 633 559 687 te
580 622 698 687 habere
713 620 797 685 intra
820 619 1024 707 temetipsum
1042 641 1154 707 greges
1170 608 1286 692 bourn,

249 730 319 798 ilios
337 752 408 818 quae
423 729 657 796 benedicuntur
667 729 700 793 in
711 726 885 794 Abrabam.
906 725 1051 814 Intellige
1067 726 1190 791 babere
1209 738 1242 789 te
1256 737 1290 789 ot

251 861 362 928 greges
379 840 499 914 orium,
514 851 547 902 et
561 861 671 926 gregna
693 857 874 924 caprorum,
893 837 926 900 in
944 835 1062 922 quibus
1076 834 1240 900 benedieti
1258 846 1291 898 et

248 946 449 1036 multiplicati
470 958 545 1011 sunt
571 945 769 1011 Patriamhae.
793 943 936 1032 Intelligo
954 967 1023 1010 ease
1039 944 1123 1009 intra
1138 954 1172 1008 te
1191 943 1289 1008 etiam

248 1079 321 1122 ores
333 1054 417 1122 ooeti.
433 1055 499 1122 Nee
517 1053 639 1120 mireris
651 1053 739 1142 qnod
753 1053 822 1118 bae
836 1055 919 1118 intro
933 1066 965 1115 te
980 1075 1049 1118 esee
1066 1051 1223 1124 dicimo„
1244 1052 1289 1116 in-

247 1164 353 1254 tellige
368 1177 445 1230 teet
456 1164 553 1230 atium
565 1163 801 1228 mundumeaee
810 1183 958 1250 parvam,
970 1174 1002 1226 et
1013 1185 1083 1228 eoae
1096 1162 1181 1226 intra
1194 1172 1226 1224 te
1237 1183 1286 1224 so·

248 1271 326 1348 iem,
339 1297 409 1340 ease
426 1272 546 1350 innam,
568 1273 664 1337 etiem
680 1271 795 1338 stelias.
813 1273 883 1338 Hoc
897 1271 984 1338 enim
1002 1273 1028 1336 ai
1044 1271 1088 1336 ita
1103 1293 1173 1335 non
1192 1281 1282 1344 erant,

246 1405 414 1471 nunqnam
430 1383 559 1448 dixiaset
575 1381 730 1447 Dominus
747 1381 789 1446 acl
806 1380 990 1446 Abraham
1014 1380 1155 1467 «bapino
1170 1380 1204 1442 in
1218 1398 1285 1444 ooe-

248 1520 265 1555 »
280 1491 361 1568 lum,
372 1504 407 1556 et
417 1491 488 1557 ride
499 1489 619 1564 stelias,
632 1491 657 1556 ai
674 1489 867 1555 dinumerari
881 1495 1014 1577 poenum
1029 1487 1283 1557 amultitndine3

251 1599 327 1664 »aie
341 1599 402 1662 erit
425 1621 534 1664 semen
551 1598 701 1664 tuum¹.n
723 1597 789 1663 Neo
811 1597 947 1672 mireris.
963 1598 1108 1685 inquam,
1125 1596 1153 1661 ai
1172 1596 1289 1662 dieitur

250 1707 293 1772 ad
314 1706 489 1781 Abraham,
508 1707 582 1793 qnia
599 1706 653 1772 Sia
666 1706 727 1771 erit
747 1727 856 1770 nemen
881 1718 972 1771 tuom
992 1706 1075 1770 aient
1094 1703 1193 1770 eteltae
1214 1719 1290 1772 aunt

251 1810 325 1880 coeli
342 1836 351 1877 τ
371 1814 411 1877 de
431 1812 491 1878 iltis
507 1811 628 1878 scilicet
642 1814 697 1901 qni
712 1837 752 1878 ex
768 1812 832 1880 fide
852 1814 922 1898 ejus
942 1813 1039 1902 geniti
1059 1813 1289 1880 rationabiliter

252 1919 371 1996 vivant]
388 1942 427 1986 ao
441 1920 561 1986 divinos
576 1918 660 2008 legas
676 1932 709 1985 et
726 1931 882 2008 praeoepta
905 1921 1096 1987 custodiant.
1115 1922 1203 1986 Audi
1226 1945 1286 1986 nm·

250 2026 333 2116 ptius
346 2025 464 2113 aliquid
476 2025 671 2092 salvatorem
683 2028 725 2091 ed
737 2027 906 2116 discipulos
918 2027 1077 2095 dicentem
1092 2051 1100 2094 :
1112 2056 1126 2089 r
1139 2029 1206 2095 Vos
1217 2030 1286 2096 estis

251 2165 264 2198 ι
281 2135 336 2201 lux
349 2136 462 2200 mundi
471 2134 493 2199 ².
508 2164 522 2197 ι
537 2137 714 2216 Dubitaene
724 2159 792 2200 esse
803 2136 884 2202 intra
902 2149 932 2201 te
945 2135 1057 2211 solem,
1067 2149 1100 2202 et
1112 2134 1232 2212 lunam,
1244 2137 1283 2201 ad

250 2267 348 2333 quem
364 2244 480 2311 dicitur
495 2245 567 2331 quia
589 2243 642 2309 lux
664 2247 705 2310 sis
726 2246 861 2311 mundi?
880 2244 934 2312 Vis
956 2246 1061 2312 adhuc
1078 2247 1217 2336 amptius
1232 2246 1287 2314 ati-

253 2354 331 2440 qnid
347 2353 386 2418 de
402 2365 433 2418 te
448 2355 516 2442 ipso
531 2353 654 2427 audire,
671 2376 712 2418 no
727 2353 807 2418 sorte
822 2377 918 2442 parva
938 2355 977 2420 do
993 2367 1024 2420 le
1039 2367 1074 2420 et
1087 2355 1219 2422 humilia
1238 2380 1291 2424 co·

251 2464 367 2552 gitana,
391 2474 543 2550 tanquam
567 2460 660 2527 vitem
683 2460 820 2550 negligas
845 2462 941 2527 vitam
970 2464 1083 2530 toarni
1101 2464 1203 2528 Habet
1232 2464 1292 2531 hio

252 2574 392 2640 mundns
407 2574 654 2661 gubernatorem
673 2593 779 2644 auum,
795 2571 893 2636 hobet
913 2572 967 2658 qui
982 2596 1057 2638 enm
1079 2584 1164 2661 regat
1179 2584 1214 2636 et
1226 2571 1292 2638 ba-

253 2683 334 2748 bitet
348 2682 380 2746 in
398 2682 465 2769 ipso
481 2680 733 2768 omnipotentem
749 2678 867 2754 Deum,
883 2680 965 2746 sicut
984 2681 1051 2768 ipse
1066 2704 1124 2770 per
1143 2681 1289 2770 Prophe·

255 2801 321 2854 tam
337 2789 435 2856 dicit:
455 2789 591 2854 «Nonne
608 2786 724 2855 cretum
739 2799 771 2852 et
785 2800 902 2855 terram
917 2813 976 2878 ego
991 2788 1123 2878 repleo?
1135 2791 1213 2858 dicit
1226 2790 1290 2856 Do·

255 2926 268 2958 »
284 2898 418 2974 minns⁸.
434 2927 447 2960 ι
464 2897 547 2964 Audi
560 2919 634 2986 ergo
650 2897 716 2984 ipse
728 2897 927 2990 omnipotens
942 2899 1028 2964 Deus
1042 2900 1121 2986 quid
1136 2902 1236 2966 etiam
1251 2902 1292 2967 de

253 3019 298 3082 to,
315 3006 377 3072 hoo
392 3017 452 3080 est,
470 3004 548 3092 qnid
566 3005 605 3070 do
623 3005 804 3070 hominibus
821 3005 927 3072 dicat:
948 3007 1147 3083 «fiattono,
1162 3008 1288 3094 inquit,

253 3142 266 3176 ι
283 3116 316 3182 in
328 3114 385 3188 eis,
397 3125 430 3178 et
445 3113 528 3177 inter
543 3114 626 3201 ipsos
639 3110 809 3180 ambulabo
819 3113 841 3177 ⁴.
857 3142 869 3175 ι
887 3113 960 3180 Plus
976 3113 1096 3202 aliquid
1107 3118 1200 3184 addit
1214 3141 1288 3208 ergo

252 3244 425 3311 personam
446 3233 560 3290 tuem:
582 3247 595 3280 ι
612 3219 652 3286 Et
671 3244 739 3295 ero,
760 3222 884 3307 inquit,
900 3225 944 3290 eis
970 3225 1003 3288 in
1023 3236 1163 3312 patrem,
1180 3240 1213 3292 et
1236 3228 1294 3316 ipsi

254 3361 267 3392 ι
283 3343 376 3396 erunt
392 3331 468 3398 mihi
486 3332 519 3395 in
535 3329 615 3394 titios
634 3343 667 3396 et
684 3328 778 3404 filias.
790 3331 868 3397 dicit
883 3332 1038 3400 Dominus
1049 3334 1072 3398 ⁶.
1087 3363 1099 3396 ι
1115 3335 1224 3402 Habet
1242 3337 1294 3404 hie

255 3440 395 3506 mundus
418 3440 534 3506 Filium
556 3439 627 3514 Dei,
643 3440 740 3505 babet
762 3439 916 3528 Spiritum
935 3456 1094 3520 sonetum,
1112 3448 1297 3514 secundum

255 3548 340 3634 quod
352 3547 428 3613 dicit
443 3545 624 3634 Propheta:
644 3544 775 3612 «Verbo
786 3547 915 3614 Domini
927 3549 999 3616 ooeli
1016 3551 1135 3618 firmati
1154 3541 1247 3631 sunt,
1265 3567 1297 3620 et

254 3687 266 3720 ι
282 3658 392 3746 spiritu
409 3657 472 3721 oris
491 3656 558 3744 ejus
574 3655 676 3719 omnis
693 3656 790 3722 virtus
802 3659 945 3729 eornm‘.
960 3689 974 3723 ι
992 3663 1031 3726 Et
1050 3663 1172 3730 iterum
1185 3665 1291 3732 alibi:

285 3809 294 3841 ¹
306 3809 370 3858 Gen.
383 3825 424 3866 xv,
437 3811 458 3856 5.
469 3835 499 3846 -
510 3809 520 3840 ²
533 3809 624 3859 Matth.
635 3827 658 3867 v,
675 3813 712 3868 rt.
726 3841 755 3852 -
768 3814 778 3848 ⁸
790 3816 886 3866 torem.
898 3832 970 3876 mn,
984 3818 1082 3876 ι4.-*
1095 3820 1184 3871 nCor.
1199 3839 1237 3882 aa,
1252 3823 1288 3870 rb.

252 3908 282 3919 -
294 3881 303 3914 ⁵
316 3880 385 3931 tbid.
403 3880 439 3930 18.
451 3882 499 3917 „a
512 3881 578 3931 Ptol.
591 3898 670 3941 aran,
684 3885 709 3933 6.
