2744 4624
416 330 447 372 111
471 325 596 371 1111011111
619 325 747 369 uottttls
774 327 794 366 l·
1076 326 1112 390 91

78 450 160 518 dicit
171 462 205 517 ct
221 450 261 514 rie
277 449 383 524 uoltis,
394 447 478 526 Quia
487 469 567 534 gens
581 443 677 510 lsrac'i
689 465 801 532 magna
811 454 872 516 est,
886 453 918 506 ct
931 441 1012 506 vaiet
1023 463 1118 529 supe-r

77 585 151 628 nos.
173 560 239 625 Sed
251 572 283 624 et
295 560 357 624 hoc
368 556 459 644 quod
469 553 647 622 dicitssNe
659 553 872 619 sorteaaeidat
884 554 974 618 nobis
983 551 1116 626 bellum,

80 698 94 733 ι
109 683 146 735 et
161 671 357 736 conoentimt
367 678 401 732 et
413 667 446 732 hi
460 689 534 732 cum
544 665 727 730 adversariis
741 665 854 730 nostris
864 663 874 698 ¹
885 710 894 739 ,
907 683 967 728 sax
982 663 1117 751 prophe·

83 781 162 846 ticis
178 779 302 844 vocibus
317 777 463 866 praevidit
474 787 641 841 venturum
654 776 712 840 sibi
724 773 842 840 bellum
853 786 886 839 et
896 772 1115 860 derelinquen-

89 889 171 953 dum
186 911 218 953 se
230 911 249 951 a
263 887 332 953 filiis
352 885 462 961 Israel,
479 899 511 951 et
526 888 599 972 quia
614 885 812 951 consentient
833 885 1010 950 adversario
1030 885 1112 970 ejus,

89 1009 124 1061 et
139 997 323 1085 adjicientur
337 997 379 1062 ad
395 996 577 1061 Dominum.
592 995 661 1059 Hoc
676 1004 724 1058 est
740 994 824 1058 enim
840 992 925 1079 quod
939 993 979 1056 de
993 1013 1031 1057 eo
1044 992 1115 1056 Hie·

89 1107 202 1171 romias
216 1105 370 1194 propheta
391 1102 578 1194 praedixerat
592 1127 600 1168 z
613 1129 625 1162 r
640 1101 794 1167 Clamavit
809 1102 930 1189 perdix.
946 1123 1115 1189 congrega·

84 1217 158 1282 »rit
174 1241 245 1304 quae
260 1239 324 1280 nou
338 1217 473 1303 peperit,
491 1213 565 1280 fecit
582 1214 703 1279 divitias
719 1236 791 1278 suas
807 1236 870 1278 non
886 1232 960 1278 oum
973 1197 1110 1297 judicio}

85 1354 100 1385 s
113 1326 147 1390 in
162 1324 296 1389 dimidio
308 1325 430 1388 dierum
440 1326 510 1411 ejus
525 1322 841 1410 derelinquenteum,
853 1321 929 1385 etin
942 1319 1115 1384 novissimis

88 1462 103 1494 ι
120 1433 256 1498 sui'serit
267 1431 408 1496 stultus².
420 1429 586 1519 »iutelligit
598 1454 673 1519 ergo
686 1430 847 1518 perdicem
860 1429 1035 1502 aedictum,
1046 1450 1116 1512 quaa

96 1565 164 1606 non
180 1541 303 1628 peperit
321 1561 529 1628 congregasse,
548 1551 580 1604 et
595 1540 679 1626 quod
694 1539 725 1603 hi
742 1561 821 1626 quos
836 1560 899 1602 nou
913 1559 985 1602 cum
997 1535 1117 1623 judicio

97 1647 309 1735 congregarit,
322 1647 353 1710 in
365 1646 490 1710 dimidio
503 1642 627 1712 dierum
644 1667 774 1710 suorum
790 1642 1009 1730 derelinquent
1028 1663 1115 1714 eum,

92 1765 125 1817 et
136 1767 309 1841 sequemur
317 1753 517 1818 domiuumet
530 1766 705 1819 creatorem
714 1777 806 1818 suum
820 1752 981 1816 Christum
992 1750 1117 1822 Jesum,

88 1862 142 1949 qui
157 1884 214 1926 eos
228 1862 347 1948 genuit.
364 1858 420 1926 lile
436 1872 542 1926 autem
558 1862 759 1950 congregavit
769 1884 848 1948 quos
864 1884 927 1926 non
942 1858 1061 1948 genunt.
1076 1858 1116 1921 Et

86 1971 160 2035 ideo
176 1970 352 2035 remanebit
367 1967 485 2035 stultus
499 1971 532 2036 in
547 1971 720 2036 novissimis
733 1970 809 2045 suis,
821 1993 894 2034 cum
909 1969 950 2034 od
964 1969 1117 2034 factorem

85 2091 119 2143 et
135 2081 175 2145 ad
193 2092 356 2168 parantem
371 2103 464 2144 suum
481 2060 623 2145 universa
640 2103 708 2168 quae
721 2103 806 2146 nunc
823 2103 880 2168 pro
893 2080 988 2168 hujus
1007 2089 1117 2168 tyran·

89 2187 165 2255 nida
181 2188 400 2275 congemiscit,
417 2201 561 2254 creatura
583 2189 770 2278 confugerit.
790 2191 830 2255 Et
844 2189 907 2256 hoc
922 2189 1114 2278 indignatur,

93 2306 128 2358 ct
149 2295 226 2360 dicit
242 2317 252 2358 a
270 2321 283 2353 ι
300 2319 338 2360 ne
360 2309 589 2384 expugnantes,
614 2298 735 2384 inquit,
756 2321 826 2374 nos,
847 2316 960 2363 exeant
979 2298 1117 2362 deterre

90 2432 106 2464 s
122 2402 265 2468 nostra⁸.
281 2404 368 2472 »Nou
390 2405 457 2472 vult
479 2430 536 2472 uos
557 2407 642 2472 exire
662 2409 702 2472 de
724 2420 805 2472 terra
828 2431 896 2482 sua,
918 2408 973 2472 sed
994 2405 1061 2471 vult
1084 2417 1118 2470 ut

85 2536 221 2602 semper
240 2532 401 2601 portemus
424 2516 592 2604 imaginem
614 2516 743 2582 terreni.
761 2515 795 2580 Si
810 2516 895 2580 euim
911 2515 952 2578 ad
972 2513 1118 2583 adversa·
1160 2539 1165 2550 ·

83 2623 171 2687 rium
186 2622 258 2710 ejus
274 2622 520 2712 confugerimus,
544 2647 617 2689 eum
634 2626 688 2713 qui
709 2625 800 2690 nobis
821 2621 1005 2712 preparavit
1023 2645 1119 2711 regua

82 2717 259 2805 coeiorum,
277 2753 405 2798 necesse
420 2744 468 2797 est
482 2743 516 2797 ut
532 2731 747 2821 relinquamus
761 2734 930 2821 imaginem
944 2731 1074 2805 terreni,
1086 2746 1118 2797 et

83 2841 300 2930 suscipiamus
315 2841 483 2930 imaginem
496 2841 641 2908 coelestis.
657 2841 825 2930 Propterea
841 2863 916 2929 ergo
927 2839 1049 2905 Pharao
1060 2854 1120 2906 stu·

84 2949 145 3013 tuit
162 2949 333 3038 magistros
347 2972 492 3038 operum,
505 2950 558 3037 qui
575 2973 631 3014 nos
647 2972 718 3014 suas
734 2961 815 3014 artes
829 2929 976 3024 doceant,
992 2949 1046 3037 qui
1062 2973 1120 3014 nos

84 3058 225 3129 artifices
249 3053 378 3122 malitiae
399 3057 527 3133 saciant,
550 3059 604 3146 qui
628 3059 719 3124 nobis
734 3059 947 3148 magisterium
964 3057 1119 3124 malorum

85 3169 263 3256 praebeant.
282 3167 323 3230 Et
338 3167 410 3254 quia
423 3167 514 3232 uuiti
531 3181 605 3234 sunt
619 3169 669 3234 isti
685 3169 824 3257 magistri
842 3181 874 3234 et
892 3171 1038 3234 doctores
1050 3193 1119 3234 ma-

87 3275 171 3352 litie,
185 3300 269 3366 quos
283 3275 425 3364 praesecit
439 3276 574 3353 Pharao,
587 3287 621 3342 et
634 3287 681 3342 est
697 3278 806 3366 ingens
826 3275 995 3341 multitudo
1007 3277 1120 3365 hujus-

94 3388 210 3452 cemodi
228 3383 486 3474 compulsorum,
500 3387 553 3476 qui
565 3409 674 3452 omnes
685 3367 826 3475 exigunt,
839 3387 1009 3474 imperant,
1022 3400 1055 3451 at
1065 3410 1121 3451 ex-

99 3503 236 3581 torquent
251 3518 353 3583 opera
371 3507 517 3560 terrena:
533 3495 604 3560 ideo
620 3496 748 3560 venians
766 3495 918 3562 Dominus
939 3495 1032 3560 Jesus
1046 3495 1122 3561 fecit

96 3597 167 3666 aiios
181 3604 366 3692 magistros,
378 3614 412 3666 et
427 3602 586 3679 doctores,
602 3603 654 3690 qui
671 3616 846 3692 pugnantes
862 3605 1028 3669 adversum
1039 3603 1123 3678 illos,

91 3722 120 3772 at
134 3713 345 3800 subjicientes
367 3733 478 3776 omnes
492 3735 604 3776 eorum
620 3713 827 3800 principatus,
843 3727 875 3777 at
891 3724 1073 3802 potestates,
1089 3724 1122 3774 et

90 3817 227 3896 nautes,
247 3819 427 3886 defendant
447 3843 464 3883 a
488 3818 641 3885 violentiis
665 3843 774 3886 eorum
791 3821 871 3886 tilios
888 3820 996 3897 lsrael,
1017 3832 1049 3884 et
1063 3819 1123 3883 do-

121 3945 219 3996 taxea.
236 3965 257 4006 ι,
269 3963 352 3997 10.—
365 3944 511 4004 ²Jer.rvu,
524 3964 561 3997 rr.
574 3976 603 3986 -
614 3947 622 3981 ⁵
634 3947 712 3998 Exod.
729 3968 746 4010 ι,
761 3965 797 3998 ro.
