2702 4610
232 261 292 340 rol
671 283 814 329 omoeurs
831 311 837 322 .

226 407 274 462 est
290 397 385 462 etium
402 398 486 463 boue
496 398 609 486 egendi
625 400 690 474 vio3
707 399 910 468 nihilominus
925 403 1011 468 enim
1027 401 1074 468 rel
1089 425 1199 492 opere,
1211 401 1263 468 vol

227 506 430 594 cogitatione,
444 505 493 572 vel
505 509 602 573 verbo
616 509 691 574 boni
708 508 828 598 uliquid
845 511 957 600 egitur.
975 511 1045 576 lloc
1062 509 1147 576 euim
1162 508 1262 598 sigui-

228 613 304 682 licut
321 627 353 680 ot
369 614 537 704 Apostolus
552 637 626 683 oum
647 617 746 684 dicit:
773 645 786 680 ι
803 619 867 699 Qui
888 631 994 684 nutem
1015 617 1150 684 aediiicot
1164 639 1265 706 super

226 752 239 786 ι
252 725 493 794 fundumentum
505 727 581 804 boe,
589 751 717 805 eruum,
726 742 907 819 argentum,
918 727 1228 819 lepidospretiosos¹,
1238 756 1258 790 ι

226 833 385 924 triplicem
404 837 564 902 bonorum
581 836 725 904 iudicans
744 839 837 906 riom.
856 837 1028 928 Subiungit
1051 833 1261 902 nihilomiuus

226 944 383 1034 triplicem
397 946 492 1010 etium
508 944 677 1023 melorum,
692 970 768 1012 eum
784 946 862 1013 dioit
879 969 887 1010 ι
908 945 1027 1036 «ligno,
1043 945 1177 1020 soenum,
1195 945 1256 1008 sti-

223 1053 396 1142 »pulsma
418 1055 472 1120 lsti
489 1047 565 1144 ergo
583 1057 665 1121 terni
685 1065 819 1122 statores
840 1066 915 1121 sunt
933 1051 1035 1142 angeli
1056 1073 1194 1140 nequam
1215 1051 1260 1118 de

222 1164 363 1229 exercitu
378 1163 562 1240 Pharaonis,
582 1165 636 1252 qui
658 1176 742 1230 stent
763 1165 795 1232 in
818 1162 1038 1253 hujuscemodi
1059 1161 1128 1238 riis,
1144 1162 1260 1226 obser—

224 1284 332 1339 vantes
346 1297 603 1362 unumquemque
619 1289 763 1342 nostrum
777 1297 834 1364 per
845 1274 915 1341 baec
925 1274 986 1339 iter
997 1295 1089 1362 egero
1101 1271 1133 1336 iu
1145 1293 1259 1358 pecor-

223 1397 305 1460 tum,
314 1407 394 1472 quos
406 1383 560 1473 demergit
570 1385 725 1451 Dominus
736 1384 769 1451 iu
779 1384 925 1452 Rubrum
938 1393 1078 1458 more,et
1086 1379 1192 1469 ignitis
1203 1403 1259 1445 eos

222 1494 255 1558 iu
269 1495 380 1582 judieii
394 1495 444 1560 dio
459 1493 738 1570 ssuotibuutrodot,
758 1517 796 1560 ee
810 1514 976 1581 poenerum
991 1489 1102 1580 pelago
1118 1501 1216 1579 teget,
1228 1489 1255 1554 si

222 1615 256 1668 tu
272 1603 375 1672 Deum
387 1626 521 1692 sequeus
533 1603 573 1670 de
587 1626 699 1670 eorum
716 1615 747 1670 te
761 1613 916 1692 potestate
932 1599 1145 1676 subtraxeris,

264 1712 321 1782 IV.
335 1712 593 1780 «Decideruntin
605 1713 798 1802 profundum
811 1713 898 1801 quusi
910 1710 999 1800 lapis.
1009 1709 1042 1773 ἰ
1055 1710 1160 1790 Quare
1171 1712 1256 1778 deei-

222 1823 337 1888 deruut
347 1821 379 1886 in
394 1820 588 1909 profundum
608 1835 758 1910 tanquam
774 1820 875 1910 lupis?
891 1820 973 1900 Quia
989 1843 1056 1886 uon
1068 1831 1153 1886 eraut
1166 1817 1245 1886 tales

222 1931 340 2020 lapides
360 1931 399 1996 de
419 1933 535 2019 quibus
554 1934 697 2000 suscitari
712 1945 840 2024 possent
856 1931 912 1998 filii
932 1931 1082 2009 Abrabae,
1102 1931 1157 1997 sod
1175 1929 1254 1996 tales

220 2041 273 2130 qui
286 2052 429 2106 emerent
440 2042 648 2130 profundum,
656 2056 688 2109 ot
700 2042 856 2132 liquidum
868 2040 1034 2132 diligerent
1045 2039 1251 2118 elementum,

218 2149 252 2216 id
266 2161 326 2224 est,
342 2151 395 2237 qui
407 2173 548 2218 umorem
563 2165 596 2218 et
610 2151 729 2218 lluxam
748 2152 953 2242 praesentium
975 2172 1081 2215 rerum
1101 2161 1254 2238 cuperent

219 2257 424 2347 voluptatem.
445 2259 535 2326 Unde
554 2272 587 2326 et
602 2260 642 2326 de
657 2261 731 2349 ipsis
747 2261 864 2328 dicitur
881 2257 1072 2325 :cbemersi
1088 2268 1162 2323 sunt
1176 2269 1250 2324 tou-

219 2391 343 2456 »quum
368 2366 537 2457 plumbum
559 2369 592 2436 iu
614 2393 729 2459 aquom
756 2367 1041 2436 validissimom⁸.»
1065 2366 1251 2434 Peccatores

87 2499 90 2507 ’
217 2499 325 2566 graves
349 2488 433 2542 suut.
452 2478 596 2567 Denique
617 2491 650 2544 et
671 2478 819 2566 iniquitas
838 2499 932 2566 super
947 2475 1104 2542 talentum
1125 2475 1245 2565 plumbi

219 2585 328 2650 sedere
343 2598 550 2662 monstratur,
567 2586 650 2651 sicut
668 2585 837 2653 Zacharias
858 2585 1011 2675 propheto
1029 2585 1105 2652 dicit
1122 2582 1252 2661 uvidi,

218 2695 368 2780 sinonis,
391 2694 557 2760 mulierem
580 2696 742 2761 sedentem
761 2720 856 2786 super
878 2694 1035 2763 talentum
1055 2695 1192 2784 plumbi,
1219 2705 1252 2760 el

217 2831 230 2866 ι
244 2802 325 2868 dixi:
343 2803 423 2881 Quae
438 2815 486 2870 est
504 2802 594 2869 breui
609 2807 649 2870 lit
667 2805 829 2894 respondit
849 2829 857 2870 :
876 2804 1029 2892 iniquitas
1042 2802 1091 2870 ’,ι
1107 2803 1187 2871 lude
1200 2813 1250 2868 est

219 2931 295 2998 ergo
306 2910 392 2997 quod
407 2910 507 2997 iniqui
521 2911 656 2978 demersi
674 2925 748 2978 sunt
768 2914 799 2978 in
817 2913 1026 3001 profundum,
1040 2913 1123 2980 sieut
1139 2912 1249 3001 plum-

218 3022 295 3086 bum
306 3019 339 3084 in
354 3042 468 3107 equum
485 3020 716 3088 validissimum.
734 3023 842 3092 Sancti
858 3037 965 3090 eutem
980 3047 1044 3090 non
1057 3023 1251 3112 demergun-

219 3142 284 3204 tur,
297 3129 353 3194 sed
371 3127 536 3195 ambulant
551 3154 646 3220 super
660 3156 770 3220 equos,
787 3134 860 3222 quio
876 3132 959 3199 leves
974 3144 1061 3210 sunt,
1076 3144 1109 3198 et
1123 3132 1245 3221 peoenti

219 3237 359 3327 pondere
372 3259 436 3302 non
452 3249 629 3325 gravantur.
645 3240 788 3329 Denique
804 3243 959 3308 Dominus
975 3253 1007 3306 et
1022 3238 1168 3308 Sulvntor
1179 3263 1255 3307 uos·

220 3359 269 3412 ter
280 3369 375 3434 super
386 3369 482 3432 oquas
493 3347 690 3414 smhulovit⁵.
702 3351 772 3439 lpse
784 3364 830 3416 est
842 3351 927 3417 enim
939 3349 1074 3437 quivere
1083 3361 1255 3440 peccatum

218 3455 329 3520 nescit.
346 3452 526 3521 dmbulevit
542 3467 573 3519 et
590 3457 762 3546 discipulus
778 3461 847 3548 ejus
858 3459 984 3536 Petrus,
999 3458 1073 3526 licet
1083 3456 1252 3547 paululum

219 3562 430 3650 trepidaverit.
449 3563 519 3630 Non
541 3565 627 3638 enim
647 3577 752 3634 tantus
767 3580 835 3635 erat
853 3591 891 3636 ue
912 3568 994 3646 talio,
1010 3570 1065 3659 qui
1087 3568 1163 3634 nihil
1178 3590 1255 3634 om·

222 3671 298 3739 uiuo
311 3670 351 3736 de
368 3673 472 3760 speeie
487 3672 609 3762 plumbi
629 3675 662 3740 iu
678 3699 711 3741 se
725 3676 857 3744 hoberot
869 3678 1056 3744 admixtum.
1071 3676 1202 3752 Habuit,
1214 3673 1235 3740 li

250 3831 259 3865 ¹
273 3846 281 3878 1
294 3829 408 3880 Corinth.
421 3849 468 3894 ιιι,
480 3847 517 3882 ιι.
531 3861 560 3871 -
572 3833 583 3866 ²
597 3835 678 3885 Exud.
691 3851 732 3897 n,
743 3839 767 3886 5.
779 3865 810 3876 -
823 3837 833 3872 ⁸
850 3837 921 3887 lbid.
936 3851 974 3888 to.
986 3865 1015 3876 -
1028 3835 1039 3869 ⁴
1051 3835 1127 3885 Zrob.
1145 3851 1170 3896 r,
1183 3851 1206 3899 7.
1226 3857 1258 3874 -

217 3903 330 3954 turoth.
341 3920 396 3953 ιιι.
