2604 4614
313 278 345 320 ιιι
370 275 532 320 curriculi
556 275 759 320 osnrtconuu
782 275 855 318 unu,
883 276 905 317 1.
1061 249 1125 339 527

90 398 184 472 vino,
203 396 277 484 quin
293 397 377 464 bona
393 398 491 463 ultera
510 408 564 464 tua
581 417 679 484 super
698 394 817 464 vinum.
837 395 874 461 ln
889 393 1001 460 mediis
1023 395 1128 484 preci-

90 508 149 572 tus
167 505 207 573 sd
227 527 381 594 sponsum
400 505 676 571 verba'oonvertit.
705 505 769 568 «Et
786 504 866 572 odor
889 500 1124 593 unguentorum

92 626 242 678 »tuorum
262 613 479 702 superomnia
501 609 672 680 aromatu¹.
688 639 702 674 ι
722 611 793 680 Non
808 635 893 687 uno,
909 612 964 680 sed
979 612 1129 678 omuibus

92 743 225 809 sponsus
253 721 338 786 venit
360 732 475 786 unctus
504 719 682 809 unguentis.
709 719 743 785 Si
770 730 876 786 nutem
899 731 932 784 ot
955 720 997 785 ad
1022 743 1128 787 meum

93 831 231 896 unimam
244 830 361 898 sentum
383 853 532 920 sponsum
547 852 637 896 suem
651 852 785 917 sponsus
803 828 910 894 venire
924 828 1127 918 dignabitur,

93 963 189 1028 quam
200 951 327 1027 oportet
339 963 410 1006 esse
418 941 590 1008 formosam
600 989 608 1015 ,
618 951 653 1004 ιιι
667 937 757 1005 illum
769 937 809 1003 de
822 937 902 1004 coelo
914 939 954 1007 ad
966 959 998 1004 se
1010 939 1128 1015 trehet,

93 1059 129 1112 ut
141 1048 338 1114 descendero
348 1048 443 1115 faciet
457 1048 497 1114 sd
507 1059 623 1123 terres,
638 1058 672 1112 ut
685 1046 788 1114 veniet
802 1046 1017 1116 ndnmntnm?
1036 1047 1130 1128 Quali

88 1153 328 1246 pulchritudine
350 1156 531 1224 deoornndn
552 1155 622 1222 est?
641 1154 727 1243 quali
742 1155 837 1226 debet
859 1177 967 1224 umore
988 1155 1129 1231 fervere,

90 1276 125 1328 ut
139 1288 176 1332 en
192 1261 345 1352 loquatur
355 1263 395 1330 nd
407 1262 493 1330 illam
508 1285 579 1352 quse
594 1263 635 1330 nd
649 1262 821 1352 perlectum
833 1261 1023 1332 loeutus‘est
1037 1287 1130 1354 spon-

96 1393 161 1438 sem
171 1421 180 1448 ,
191 1372 264 1460 quis
276 1372 385 1438 cervix
398 1384 473 1446 tua,
489 1371 564 1458 quia
580 1369 667 1438 oculi
680 1371 727 1436 tui
739 1370 837 1458 ,unia
854 1393 943 1460 genae
959 1382 1039 1448 tuse,
1055 1373 1131 1461 quin

97 1503 204 1546 munus
216 1493 299 1553 tuae,
314 1481 390 1570 quin
405 1491 517 1547 venter
532 1491 625 1556 tuus,
641 1478 719 1567 quin
726 1479 852 1546 humeri
864 1479 932 1556 tui,
947 1480 1021 1566 quia
1033 1481 1130 1570 pedes

96 1588 149 1652 tui.
165 1587 212 1654 De
226 1588 344 1677 quibus
358 1589 384 1654 si
401 1586 592 1656 oouoesserit
606 1587 761 1654 Dominus
776 1586 1026 1675 disputabimus,
1043 1611 1127 1678 quo-

94 1695 185 1762 modo
203 1719 327 1785 sponsae
347 1697 494 1768 membra
514 1694 699 1772 varientur,
716 1705 749 1760 et
770 1693 965 1784 singularum
988 1697 1129 1784 partium

89 1803 155 1870 laus
171 1805 295 1872 diversa
314 1805 456 1881 dicetur,
472 1816 508 1870 ut
523 1815 595 1894 post
612 1803 857 1893 disputationem
876 1804 972 1872 etinm
996 1805 1036 1871 nd
1051 1828 1130 1872 nos-

87 1927 170 1981 tram
193 1915 258 1982 diei
274 1916 412 1984 animem
424 1914 569 1983 similiter
582 1913 774 1984 laboremus.
794 1917 909 1984 «Bona
923 1917 1019 2006 igitur
1030 1921 1128 1987 ubere

87 2035 164 2088 »tuo
186 2045 284 2112 super
307 2025 439 2102 vinum,
461 2035 497 2090 et
516 2023 601 2089 odor·
620 2036 855 2112 unguentorum
874 2037 1006 2092 tuorum
1032 2042 1129 2119 super

88 2132 216 2198 »omnis
234 2144 411 2198 ommate.»
430 2131 464 2198 si
478 2131 593 2198 videris
607 2153 778 2220 sponsum,
795 2143 875 2199 tuno
893 2134 1047 2225 intelliges
1070 2161 1127 2202 ve-

91 2264 163 2306 rum
175 2263 243 2306 esse
262 2241 350 2329 quod
365 2240 501 2308 dieitur:
524 2240 717 2320 eQuouinm
732 2241 816 2306 bonu
835 2243 932 2308 ubere
954 2255 1010 2309 tun
1031 2266 1127 2334 super

96 2351 219 2416 »vinnm
230 2399 242 2426 ,
255 2362 290 2415 ot
311 2351 396 2415 odor·
407 2361 640 2438 unguentorum
663 2361 792 2416 tuorum
816 2350 1036 2440 superomnia
1054 2377 1126 2420 ero-

91 2470 234 2524 smum.»
264 2455 354 2524 Multi
375 2458 558 2524 habuerunt
574 2468 725 2523 aromata.
743 2458 988 2546 Regina-Austri
1013 2461 1126 2527 detulit

86 2575 228 2629 aromata
240 2561 421 2638 Salomoni,
433 2573 467 2627 et
474 2560 580 2650 plures
591 2559 642 2626 alii
656 2564 1054 2652 aromntnpossederunt²2
1069 2567 1125 2634 sed

85 2670 236 2740 tabuerit
256 2671 331 2760 quis.
348 2668 567 2758 quantalibet,
591 2691 656 2734 non
676 2683 808 2758 possunt
831 2671 949 2738 Cl'tristi
962 2673 1130 2746 odoribus.
1254 2665 1269 2688 ⁸

82 2779 284 2869 comparari,
301 2779 342 2844 de
364 2778 480 2866 quibus
500 2800 587 2844 nuno
603 2800 717 2866 sponsa
733 2779 792 2844 nit:
810 2805 824 2840 ι
840 2779 930 2846 Odor
944 2795 1124 2871 unguento-

82 2911 182 2956 »rum
207 2899 339 2952 tuorum
356 2885 573 2975 superomnia
595 2879 795 2950 alemant.»
816 2887 884 2975 Ego
900 2889 1036 2955 arbitror
1050 2892 1123 2978 quin

81 3013 117 3066 et
140 2998 245 3064 Moses
261 2995 375 3062 hebuit
392 3005 549 3068 mumulo,
567 3005 602 3058 et
618 2993 745 3070 Aaron,
759 3006 793 3072 et
816 2995 928 3086 singuli
951 2998 1123 3087 propheta.

81 3129 157 3173 rum
171 3129 183 3170 ε·
197 3126 308 3173 verum
327 3104 352 3169 si
367 3103 478 3168 uidero
492 3101 656 3168 Christum
665 3113 725 3178 ,et
743 3103 930 3170 suavitatem
948 3121 1123 3196 unguento-

80 3238 156 3280 rum
169 3213 239 3302 ejus
255 3211 451 3298 odoremque
465 3232 657 3298 percepero,
673 3211 779 3276 stetim
794 3213 983 3316 sententium
994 3217 1122 3304 profero

84 3320 194 3386 disens
216 3341 224 3383 ι
250 3316 379 3382 «Odor
399 3326 636 3404 unguentorum
656 3326 785 3380 tuorum
810 3340 905 3410 snper
925 3321 1032 3388 omniu
1054 3347 1122 3389 oro-

81 3437 202 3492 »mute
217 3453 236 3486 ι.

125 3533 182 3601 tv.
209 3530 347 3599 «Oleum
363 3531 501 3598 effusum
516 3553 633 3596 nomen
648 3543 740 3597 tuum
750 3531 773 3597 ⁴.
787 3560 807 3594 r.
821 3534 1047 3624 Propheticum
1070 3561 1122 3606 ῃ.

76 3653 287 3712 eramentum
305 3652 364 3706 eet.
382 3640 617 3706 Tantummodo
636 3662 753 3706 nomen
768 3641 845 3708 Jesu
864 3645 951 3710 venit
971 3647 1005 3712 in
1025 3671 1122 3714 mun-

73 3753 159 3819 dum
181 3800 191 3826 ‚
216 3761 249 3814 ot
271 3760 468 3840 unguentum
491 3747 682 3836 praedieutur
707 3747 854 3818 effusum.
884 3751 922 3818 In
947 3754 1118 3844 Evangelio

130 3899 224 3951 'Cant
236 3917 260 3964 ι,
273 3898 298 3950 3.
313 3927 343 3938 -
356 3895 467 3964 ²3neg.
479 3916 506 3948 x.
521 3925 552 3938 ··-
566 3895 578 3931 ³·
588 3899 656 3951 (ὶιιιιι.
672 3917 695 3962 ι,
707 3916 737 3960 ι,
760 3919 784 3951 r.
799 3927 826 3938 —
838 3899 849 3932 ¹
862 3902 925 3952 tbtu.
941 3919 965 3952 r.
975 3902 1053 3954 lllaro.
1068 3924 1121 3958 xxv.
