2660 4610
199 245 264 339 598
654 269 795 312 onronrus

201 397 288 462 'vorbi
296 395 354 462 Dei
362 394 533 460 exercitate
541 391 705 460 videturet
713 391 836 457 erudito
847 393 932 468 ,sive
940 415 980 458 ex
991 391 1171 459 moralibus
1181 391 1247 460 dea-

201 507 386 578 condentes,
399 505 464 568 sire
474 525 514 568 ex
525 499 721 568 naturalibus
734 498 862 567 scholis.
878 501 978 568 Erant
990 502 1079 568 enim
1093 502 1124 566 ei
1140 503 1244 568 omnia
1312 479 1316 492 ⁸

204 615 261 679 ista
271 623 412 678 aromata
420 610 564 697 quaedmn
573 632 631 698 pro
639 631 680 673 eo
693 608 779 696 quod
787 609 820 673 in
829 607 878 674 his
887 608 1046 674 institutio
1052 607 1245 696 probabilis,

202 733 235 786 et
257 743 384 786 morum
399 716 599 805 conquiritur
621 714 821 791 emendatio,
837 715 926 804 quod
942 715 1201 804 deprehenditur
1217 717 1246 782 in

202 820 251 896 his
266 829 385 894 vanitas
400 824 527 901 saeeuli,
541 837 574 890 et
597 825 792 892 caducarum
815 847 924 890 rerum
947 811 1158 912 respuuntur
1177 823 1245 890 tata

201 934 365 1002 miracula.
384 935 484 1000 Erant
499 955 575 1021 ergo
586 932 615 996 ei
630 932 700 998 hee
715 933 822 999 omnia
836 929 922 996 velut
935 944 1084 998 aromata
1096 943 1135 996 et
1145 931 1246 997 odorr-

202 1054 309 1110 menta
329 1042 473 1128 quaedam
495 1040 607 1106 animae
634 1039 805 1129 pigmenta.
825 1038 890 1105 Sed
910 1041 965 1104 ubi
983 1041 1035 1108 ad
1056 1040 1244 1128 agnitionem

203 1149 447 1239 mysteriorum,
463 1160 496 1212 et
518 1147 697 1213 divinorum
721 1147 907 1236 dogmatum
929 1146 1106 1212 scientiam
1126 1159 1243 1214 rentum

200 1270 269 1334 est,
292 1257 345 1323 uhi
363 1258 402 1323 ad
418 1258 529 1344 januas
551 1255 712 1344 sapientie
735 1255 852 1344 ipsius,
869 1267 903 1319 et
924 1255 1094 1344 sapientise
1113 1279 1179 1322 non
1194 1257 1242 1321 hu-

201 1368 254 1456 jus
268 1365 398 1440 mundi,
420 1387 524 1451 neque
549 1364 730 1453 principum
745 1364 842 1450 hujus
865 1364 978 1430 mundi
999 1366 1059 1452 qui
1081 1367 1241 1432 destruun-

204 1487 257 1541 tur
271 1496 434 1540 uocesaum
449 1483 517 1548 est,
533 1472 590 1538 sed
611 1471 652 1536 ad
673 1472 775 1560 ipsum
795 1472 855 1538 Dei
878 1473 1096 1560 sapientiam,
1114 1499 1182 1562 qua
1200 1476 1240 1540 in·

202 1595 252 1648 tor
275 1581 432 1672 periectos
448 1580 681 1674 disseriturpet
697 1581 752 1644 ubi
772 1579 962 1667 mysterium
979 1581 1075 1670 quod
1095 1582 1237 1670 prioribus

202 1691 459 1780 generationibus
484 1711 549 1754 nou
574 1685 635 1752 suit
663 1695 801 1762 notum,
828 1685 900 1752 filiis
928 1687 1107 1756 hominurn
1134 1689 1235 1758 reseis-

204 1811 273 1866 tum
299 1809 376 1863 est:
401 1797 481 1872 nbi,
506 1795 659 1882 inquam,
689 1795 793 1862 anima
815 1795 856 1860 ad
879 1796 958 1861 tanti
976 1798 1171 1885 agnitionem
1187 1821 1227 1864 n-

204 1906 311 1971 oendit
334 1904 461 1980 arcani,
487 1903 602 1968 merito
625 1902 732 1968 dicit:
761 1929 774 1963 r
794 1901 884 1968 Odor
910 1919 1142 1994 unguentorum
1163 1919 1219 1971 tue

205 2032 352 2084 »rum‚»
378 2005 525 2096 spiritalis
550 2006 670 2074 scilieet
696 2005 901 2096 intelligentia
923 2020 956 2074 et
979 2012 1134 2098 mystica,
1157 2033 1219 2076 ‹su-

206 2113 412 2206 »peremnia
439 2127 608 2182 aromata»
640 2114 769 2180 moralis
785 2115 1001 2204 naturalisque
1026 2117 1225 2208 philosophie

205 2223 231 2292 N
235 2247 276 2290 on
289 2235 394 2290 autem
409 2223 506 2290 lateat
517 2246 575 2289 noa
591 2222 678 2310 quod
688 2223 721 2288 in
733 2223 922 2310 quibusdam
936 2225 1174 2316 exemplaribus
1185 2249 1229 2316 pro

203 2351 244 2398 eo
265 2333 350 2420 quod
370 2331 522 2420 legimus:
546 2330 651 2410 «Quia
673 2332 758 2396 bona
784 2344 859 2397 sunt
883 2332 981 2398 ubera
1008 2347 1064 2400 tua
1086 2359 1181 2424 super
1200 2338 1236 2400 ri

204 2439 324 2506 snum¹
336 2466 367 2516 ,r
389 2439 567 2504 invenimus
584 2439 762 2526 seriptum:
793 2440 899 2520 «Quia
914 2442 999 2508 hona
1021 2456 1101 2508 suut
1117 2441 1235 2532 loquele

204 2561 288 2614 »tuae
303 2569 397 2637 super
414 2547 521 2612 vinum
533 2569 567 2610 :r
592 2547 677 2633 quod
700 2548 842 2636 quumvis
864 2547 1031 2614 videantur
1056 2551 1238 2641 significasse

203 2656 379 2722 evidentius
400 2678 437 2720 ea
459 2655 525 2743 ipsa
547 2678 617 2741 quae
636 2655 728 2720 nohis
749 2653 880 2744 spiritali
897 2657 1163 2747 interpretatione
1184 2662 1241 2728 dis·

204 2774 287 2830 serte
302 2775 394 2838 eunt,
410 2775 518 2828 tamen
533 2784 592 2827 nos
607 2762 814 2852 Septuaginta
830 2764 1043 2853 interpretum
1058 2770 1177 2859 scripta
1191 2793 1240 2859 per

204 2873 312 2937 omnia
334 2862 548 2946 custodimus,
565 2871 644 2936 certi
661 2867 749 2957 quod
771 2871 914 2962 Spiritus·
928 2886 1057 2942 sanctus
1077 2879 1240 2965 mysterio-

203 3001 277 3044 rum
291 2980 408 3044 formas
424 2979 566 3043 obtectas
585 2978 686 3043 inesse
707 2976 806 3044 voluit
822 2981 855 3046 in
874 2979 1046 3070 Scripturis
1068 2985 1198 3062 divinis,
1211 2999 1239 3051 ot

203 3101 268 3150 non
284 3080 388 3168 palam
404 3094 498 3169 atque
513 3081 546 3146 in
561 3080 730 3170 propatulo
744 3080 866 3148 haberi.
893 3083 1128 3174 «Unguentum
1143 3091 1240 3156 exin*

202 3188 330 3254 snitum
354 3209 469 3253 nomen
489 3198 592 3253 tuum.
616 3190 787 3277 Propterea
807 3183 1051 3260 adolesoeotulae
1067 3195 1239 3263 dilexerunt

204 3309 275 3370 ste,
292 3319 329 3360 ao
343 3306 509 3360 traxerunt
525 3307 556 3360 te
571 3308 642 3384 post
654 3319 698 3361 se.
718 3297 755 3361 ln
771 3297 903 3363 odorem
921 3314 1163 3390 unguentorum
1177 3319 1240 3371 tuo

203 3426 298 3468 arum
314 3421 478 3468 curremus
487 3401 510 3466 ².
522 3403 711 3470 »Historiae
726 3403 855 3491 quidem
872 3409 1027 3496 expositio
1041 3411 1155 3479 eudem
1174 3439 1238 3503 que

202 3511 235 3578 in
247 3509 481 3599 superioribus,
494 3510 652 3598 percurrit
667 3512 765 3577 etism
780 3513 813 3576 in
824 3516 971 3601 praesenti
987 3515 1061 3584 loeo
1072 3519 1177 3588 donee
1187 3523 1238 3588 fiat

200 3615 307 3707 eliqua
318 3618 452 3685 mutatio
468 3641 693 3707 personarum,
707 3619 751 3686 ita
762 3622 879 3710 quippe
897 3623 978 3690 ordo
991 3626 1145 3695 dramatis
1157 3633 1235 3718 quir

200 3727 294 3794 nobis
310 3727 342 3791 in
358 3725 419 3792 hac
441 3727 635 3814 expositione
651 3740 798 3815 reoeptus
818 3742 883 3806 est,
906 3734 1019 3820 poscit.
1039 3737 1149 3804 Potest
1167 3761 1234 3804 saur

238 3867 247 3899 ¹
260 3867 332 3919 Cant.
342 3885 366 3928 1,
378 3886 400 3918 ι.
414 3896 447 3906 -
458 3861 469 3898 ²
481 3867 545 3918 Ibid.
556 3863 581 3928 3,
595 3879 618 3926 t.
