2744 4600
344 311 375 352 ru
401 309 540 352 nonanus
565 307 694 352 nonnum
720 311 804 352 xxm.
1023 291 1080 355 551

77 427 134 514 quin
153 437 298 512 tanquam
321 426 354 490 in
381 427 521 501 musicis,
546 428 572 491 si
600 427 763 494 harmonia
781 430 974 496 chordarum
993 431 1087 500 inerit

77 546 266 600 consonanter
281 545 400 621 aptata,
416 557 530 600 sonum
547 559 675 601 suavem
688 535 842 604 modulati
859 541 1007 605 carminis
1020 541 1089 605 red-

77 645 131 718 dit;
148 644 256 710 sivero
273 643 313 708 sit
332 642 436 732 alique
452 645 485 710 in
502 645 617 710 fidibus
634 645 841 724 dissonantia,
860 648 1088 737 ingratissimus

76 776 158 818 sonna
171 753 322 828 redditur,
339 766 372 818 et
387 754 538 820 carminis
551 753 687 821 dulcedo
699 758 936 845 corrumpitur:
958 761 998 824 ita
1019 771 1052 824 et
1067 760 1087 821 ii

76 859 124 947 qui
135 860 192 926 Deo
208 857 355 935 militant,
380 861 404 924 si
429 861 637 926 dissensiones
652 875 684 926 ct
700 863 873 930 discordias
891 866 1022 931 intense
1038 866 1091 931 ha·

80 972 173 1045 beant,
185 970 303 1057 ingrate
316 982 411 1035 erunt
427 972 547 1047 omnia,
563 983 595 1036 et
611 970 689 1036 nihil
712 985 879 1060 acceptum
893 975 961 1039 Deo
974 975 1091 1042 videbi·

76 1091 130 1154 tur,
155 1081 272 1146 etiamsi
294 1079 391 1146 multa
420 1078 502 1145 bello
525 1080 710 1155 conficiant,
734 1082 855 1147 etiamsi
878 1083 975 1171 spolia
992 1085 1092 1151 mults

74 1187 214 1264 deserent,
238 1202 271 1254 et
293 1187 392 1255 multa
409 1211 540 1254 munera
557 1188 693 1256 offerant
708 1188 786 1254 Deo.
806 1188 939 1255 Dicetur
953 1193 1038 1258 euim
1052 1195 1092 1258 ed

72 1318 141 1362 eos:
159 1297 287 1386 Depone
301 1320 415 1363 munus
429 1298 573 1384 tuum—nd
590 1297 701 1373 uitare,
714 1310 747 1364 ct
758 1301 836 1366 vade
847 1300 935 1388 prins
953 1303 1091 1368 reconci-

73 1403 136 1468 liari
147 1404 229 1471 fratri
244 1418 314 1482 tuo,
329 1419 362 1472 ut
378 1407 479 1496 possis
498 1419 530 1470 et
549 1420 582 1470 tu
598 1407 680 1473 inter
695 1409 814 1495 eosqui
830 1431 952 1476 summe
968 1422 1042 1474 sunt
1053 1411 1095 1476 ni·

75 1537 177 1580 rorum
196 1514 383 1582 bellatorum
402 1515 576 1591 numerari,
589 1529 621 1582 et
636 1518 756 1595 dicere,
776 1519 848 1605 (suia
871 1541 935 1584 non
950 1519 1095 1585 dissensit

72 1627 205 1692 exnobis
216 1629 390 1716 quisquam.
401 1628 719 1718 Eguetiamamplius
730 1628 848 1717 aliquid
861 1631 933 1695 dico
949 1652 956 1694 τ
973 1631 1031 1696 nisi
1048 1643 1093 1696 tn·

70 1733 106 1800 lis
120 1735 222 1811 sceris,
237 1739 314 1803 utin
331 1735 420 1834 nullu
433 1737 625 1804 dissentiusn
640 1738 873 1813 mundatisDei,
882 1739 981 1804 necin
991 1739 1096 1829 aliquo

68 1846 221 1936 discrepes
232 1849 273 1913 ab
285 1845 481 1936 Evangeiicis
497 1849 674 1937 praeceptis,
688 1871 752 1914 non
765 1848 883 1936 poteris
894 1848 1019 1915 hostem
1032 1850 1097 1916 vin·
1135 1877 1138 1882 ·

66 1979 152 2030 cere,
169 1979 233 2024 non
248 1959 366 2046 poteris
382 1981 531 2046 superare
553 1959 728 2024 inimicum.
750 1958 786 2023 ln
801 1979 839 2022 eo
851 1957 936 2022 enim
948 1959 1017 2046 ipso
1032 1960 1098 2046 jam

67 2066 167 2132 victus
182 2091 215 2133 es
231 2067 263 2132 in
277 2091 340 2154 quo
352 2067 515 2139 dissentis3
533 2079 564 2132 et
576 2089 632 2155 per
644 2068 706 2134 hoc
718 2069 822 2156 ipsum
836 2069 992 2154 superaris
1004 2091 1020 2131 a
1035 2067 1098 2132 dia-

65 2174 156 2250 bolo,
172 2177 205 2241 in
223 2199 286 2263 quo
302 2175 496 2242 discordasti
516 2176 593 2241 Deo.
610 2175 644 2239 Si
662 2187 768 2241 nutem
788 2179 832 2242 vis
850 2178 977 2242 vincere
997 2175 1100 2240 inimi·

65 2305 161 2357 cum,
172 2296 205 2348 et
219 2307 284 2350 esse
299 2307 420 2352 summa
438 2283 641 2359 bellatorum,
656 2284 781 2350 edhaere
795 2286 876 2361 Deo,
891 2299 923 2351 et
938 2286 1099 2352 concorda

62 2416 150 2462 cum
169 2393 250 2482 ipso,
274 2396 354 2462 sicut
377 2395 429 2461 ille
449 2397 504 2484 ¹qui
529 2395 676 2462 dicebat:
700 2421 713 2456 a
730 2397 809 2475 Quis
833 2419 891 2461 nos
910 2397 1100 2484 seperabita

55 2535 72 2569 ι
92 2501 253 2571 charitate
268 2505 348 2570 Deii'
367 2503 542 2579 tribulatio,
559 2527 599 2569 an
620 2504 776 2592 angustia,
797 2526 838 2568 un
856 2502 967 2578 sumes,
984 2522 1023 2568 an
1045 2525 1102 2568 nu·

53 2646 72 2678 ι
92 2616 194 2690 ditas,
211 2638 251 2680 an
267 2613 459 2702 periculum,
475 2637 515 2680 au
531 2611 651 2700 gladius
669 2610 730 2675 'is
746 2611 787 2676 Et
801 2611 916 2676 iterum
932 2633 941 2675 t
964 2638 977 2670 a
993 2611 1103 2700 Neque

50 2757 68 2788 ι
91 2726 176 2801 vite,
200 2747 305 2812 neque
326 2747 426 2800 mors,
450 2745 555 2810 nsque
571 2722 730 2796 instantia,
748 2743 851 2810 neque
869 2721 987 2796 sutura,
1000 2741 1104 2808 neque

45 2867 65 2902 ι
90 2835 247 2912 altitudo,
264 2857 367 2923 nequo
384 2832 591 2922 profundum,
616 2851 719 2917 neque
741 2841 884 2896 creature
908 2829 967 2894 elin
990 2830 1106 2917 poterit

44 2979 62 3010 ι
88 2967 156 3012 nos
172 2964 319 3030 separare
335 2963 352 3004 a
368 2939 521 3005 charitate
538 2936 608 3012 Dei,
623 2957 693 3024 quoe
708 2947 756 3002 est
770 2938 803 3001 in
816 2935 941 3000 Christo
952 2935 1028 3001 Jesn
1044 2935 1106 3000 De

40 3088 59 3120 ι
87 3049 380 3120 minonostro‘.»
404 3048 467 3113 Iste
493 3044 564 3112 talis
587 3057 691 3134 potest
718 3046 843 3110 vincere
863 3037 1059 3120 Madianitas,
1075 3057 1107 3110 et

40 3161 255 3232 interficere
267 3181 377 3226 omnes
387 3161 571 3246 peccatores
582 3167 688 3231 terroe,
701 3167 734 3220 et
747 3154 879 3242 perdere
890 3175 1018 3220 omnem
1030 3156 1105 3220 ima-

33 3277 182 3366 ginem
203 3291 315 3335 eorum
338 3267 526 3334 decivitate
553 3263 691 3330 Domini.
722 3265 762 3327 Et
787 3264 846 3350 ego
865 3262 1108 3350 ergodebeode

34 3383 213 3467 meipso,
225 3391 257 3444 et
273 3379 411 3444 deterre
432 3375 536 3442 cernis
551 3397 630 3439 mcae
646 3371 778 3460 perdere
799 3383 995 3460 peccatores,
1012 3383 1044 3436 et
1060 3373 1111 3436 in·-

27 3485 227 3558 terficere
243 3484 494 3558 fornicationem,
512 3480 764 3555 immunditiam,
781 3481 971 3567 passionem,
996 3503 1098 3546 conco

16 3593 263 3694 piscendam
277 3591 407 3668 molam,
422 3604 456 3657 et
475 3592 646 3659 nvuritidm.
666 3590 721 3655 lsti
737 3591 821 3654 enim
838 3603 912 3654 sunt
929 3601 1112 3678 peccatores

17 3729 166 3782 εει-τω
185 3725 279 3779 meae,
290 3726 370 3791 quos
382 3715 461 3769 tnnc
476 3703 605 3767 demum
622 3700 831 3767 exterminare
845 3711 956 3787 potero
971 3712 1004 3764 ct
1020 3699 1113 3764 inter·

11 3827 187 3894 ficere,
205 3817 230 3880 si
248 3837 312 3880 non
328 3813 511 3879 dissentiam
526 3835 543 3876 a
560 3811 715 3876 mandatis
729 3809 855 3875 Domini
874 3831 882 3873 τ
901 3820 933 3875 et
952 3823 1027 3876 tunc
1041 3831 1112 3874 vore

73 3952 87 3982 ¹
117 3947 208 3994 Rom.
222 3960 277 4002 vrso,
289 3944 330 3992 55.
343 3971 372 3980 -
385 3940 395 3974 ²
408 3943 475 4008 ibid.
490 3942 531 3999 58,
545 3939 583 4002 39.

935 4027 985 4101 tl..
