2644 4612
321 327 353 372 ru
377 325 538 372 cxxrxcuu
558 323 761 370 csxrrcoauu
785 323 845 366 ιιιι.
875 322 922 364 ιιι.
1082 295 1140 359 5οι

106 453 223 519 habeat
242 449 438 516 Hierusalem
461 447 641 524 caelestem,
667 447 811 514 conserat
827 444 945 534 aliquid
956 465 1084 510 necesse
1099 453 1149 506 est

109 561 150 624 ad
171 581 280 647 agrum
302 555 390 622 hunc
411 555 640 631 excolendum,
662 567 695 621 et
716 553 835 621 coelesti
853 575 928 620 cum
951 551 1147 642 possessione

109 667 241 754 «lignum
259 665 365 753 cupiat
381 664 474 729 ellici.
495 665 533 730 ln
547 665 635 728 istius
651 687 726 751 ergo
747 662 813 751 agri
836 662 1005 728 virtutibus
1024 658 1141 725 elevari

111 775 297 841 charitatem
320 771 457 848 Christi,
474 784 506 836 et
521 772 650 837 excitari
675 772 716 836 ab
739 767 980 835 adolescentulis
1001 781 1034 832 et
1057 766 1147 834 initia

112 881 185 945 fidei
204 879 395 946 habentibus
416 889 609 968 protestatur
629 875 790 952 Ecclesia,
808 886 842 941 et
856 875 933 942 dicit
949 874 989 941 ad
1003 897 1074 940 ens:
1092 859 1149 941 ‹s'i

111 988 311 1053 »levaveritis
322 999 354 1051 et
369 987 577 1052 excitaveritis
593 984 779 1052 charitatem
791 983 896 1072 thoad
914 1006 1012 1072 usque
1026 980 1099 1049 velit
1109 1004 1142 1046 :a

108 1097 172 1161 hoc
187 1107 252 1170 est,
270 1096 294 1160 si
310 1096 375 1183 jam
389 1094 432 1161 ad
446 1093 509 1159 hoc
526 1092 694 1167 veneritis,
713 1104 747 1156 ut
764 1091 921 1179 incipiatis
940 1092 989 1180 agi
1004 1113 1069 1156 non
1084 1090 1150 1178 spi-

109 1204 174 1270 ritu
194 1203 336 1279 timoris,
355 1201 411 1267 sed
434 1201 629 1290 adoptionis,
651 1211 685 1266 ot
708 1202 740 1267 in
764 1199 827 1266 hoc
846 1197 1035 1288 proficeritis
1055 1199 1097 1264 ita
1114 1207 1154 1262 ut

110 1311 253 1400 perlecta
270 1311 302 1375 in
316 1311 403 1376 vobis
420 1309 546 1376 dilectio
562 1309 764 1375 lorasmittat
780 1309 927 1374 timorem
939 1358 948 1385 ,
961 1319 993 1372 et
1005 1318 1039 1372 ut
1051 1305 1150 1371 eleve-

112 1421 152 1485 tis
164 1432 257 1508 atque
270 1417 412 1485 exaltetis
420 1418 452 1484 in
460 1419 549 1485 vobis
556 1418 746 1484 charitatem
756 1431 790 1483 et
796 1417 939 1484 excitetis
947 1439 1031 1492 eam,
1040 1414 1150 1480 tandiu

113 1527 233 1594 elevate
248 1551 339 1603 eam,
363 1538 396 1592 et
414 1527 524 1592 tandiu
547 1524 706 1601 extollite,
723 1525 876 1614 quamdiu
897 1526 964 1614 ipso
979 1520 1053 1588 velit
1068 1519 1158 1586 lilius

114 1631 294 1707 charitatis,
312 1632 377 1697 imo
396 1631 463 1719 ipse
478 1631 532 1717 qui
551 1653 591 1695 ex
605 1629 673 1695 Deo
688 1642 736 1694 est
755 1629 910 1696 charitas:
929 1651 970 1695 ne
989 1627 1070 1693 sorte
1090 1649 1151 1715 pu-

116 1752 216 1806 tantes
231 1739 374 1805 sufficere
393 1738 541 1804 humanae
560 1737 720 1802 charitatis
738 1758 918 1811 mensuras,
943 1735 975 1800 in
998 1735 1152 1800 charitate

114 1848 172 1913 Dei
186 1849 290 1917 miuus
304 1847 425 1934 aliquid
440 1870 535 1934 quam
551 1847 619 1912 Deo
641 1845 853 1934 dignum'est,
877 1843 983 1931 agatis.
1004 1843 1151 1908 lllensura

111 1959 199 2023 cuim
214 1959 376 2025 charitatis
390 1957 460 2023 haec
475 1955 619 2032 solaest,
636 1968 672 2020 ut
687 1967 814 2022 tuntum
831 1965 985 2043 quantum
1000 1955 1067 2044 ipse
1084 1951 1151 2019 vult

111 2065 281 2153 diligatur:
301 2064 446 2129 voluntas
462 2076 568 2128 autem
583 2063 641 2128 Dei
657 2085 783 2151 semper
796 2063 908 2128 eadem
924 2074 992 2138 est,
1014 2085 1073 2128 nec
1088 2085 1151 2126 un·

111 2195 210 2259 quam
224 2182 375 2237 mutatur.
396 2170 566 2258 Nunquam
581 2193 657 2257 ergo
673 2169 852 2235 immutatio
870 2170 993 2258 aliqua,
1011 2182 1065 2235 aut
1080 2169 1151 2236 linis

111 2278 200 2343 ullus
221 2279 253 2343 iu
270 2277 329 2344 Dei
344 2275 498 2342 charitato
515 2275 677 2364 recipitur.¹
696 2275 878 2340 Notandum
893 2299 968 2341 sane
983 2287 1047 2352 est,
1064 2278 1153 2364 quod

113 2409 179 2452 non
192 2386 292 2461 dixit,
307 2385 331 2449 si
345 2382 528 2471 acceperitis
543 2382 747 2464 charitatem,
761 2381 817 2446 sed
828 2382 854 2446 si
865 2382 1048 2448 mannitio:
1063 2384 1152 2469 quasi

113 2517 186 2580 quae
200 2505 249 2557 est
263 2491 392 2580 quidem
410 2491 443 2554 in
458 2489 567 2564 vobis,
584 2488 639 2553 sed
654 2490 739 2577 jacet
753 2501 784 2553 et
804 2489 947 2554 nondum
966 2503 1071 2555 erecta
1089 2501 1147 2554 est.

114 2603 360 2666 Etrursumnon
378 2598 474 2672 dixit,
494 2596 518 2660 si
534 2596 796 2671 inveneritis,sed
812 2598 836 2661 si
847 2597 1044 2662 tardaveritis
1056 2597 1153 2662 cluri-

117 2719 227 2771 totem:
242 2706 330 2794 quasi
346 2729 416 2793 qum
433 2704 474 2768 sit
489 2704 677 2768 intrinsecus
689 2703 837 2789 quidem,
854 2705 909 2768 sed
920 2706 1023 2792 jaceat
1033 2717 1067 2770 et
1082 2705 1153 2770 dor-

114 2815 193 2880 miat
216 2815 248 2878 in
270 2813 335 2888 eis,
358 2812 463 2878 donee
484 2811 622 2876 inveniat
640 2811 855 2875 suscitantem.
881 2812 985 2900 lpsam
1006 2813 1103 2878 credo
1121 2827 1153 2879 et

115 2920 230 2989 Paulus
255 2921 427 2986 suscitabat
457 2931 536 2983 tunc
554 2917 660 2983 adhuc
686 2918 719 2982 in
741 2916 903 3006 discipulis
925 2919 1152 2998 dormientem,

116 3053 192 3096 cum
213 3029 355 3094 dicebat:
368 3029 513 3114 «Exurge
523 3026 577 3112 qui
585 3025 926 3116 dormis,etcontinges
935 3029 1146 3097 Christum¹.a

169 3135 257 3204 sVox
268 3135 398 3201 fraterni
407 3132 501 3199 mei².
515 3160 528 3194 ι
543 3134 743 3219 Frequenter
754 3157 812 3198 nos
826 3134 1155 3205 admoneroconvenit

4 3293 6 3328 ι
117 3245 204 3331 quod
218 3241 405 3309 libellushic
418 3243 450 3306 in
463 3240 595 3305 modum
607 3241 758 3305 dramatis
770 3241 899 3306 texitur..
915 3244 1054 3311 Praesens
1069 3246 1155 3310 enim

4 3401 8 3440 ι
119 3350 291 3418 versiculus
308 3373 404 3437 quem
427 3347 670 3437 proposuimus,
693 3345 756 3412 tale
774 3345 891 3434 aliquid
914 3351 1052 3418 indicat:
1069 3353 1156 3440 quod

4 3511 8 3550 ἰ
121 3483 196 3525 eum
214 3482 337 3548 sponsae
352 3479 457 3521 sermo
471 3467 553 3520 esset
576 3455 616 3520 ad
638 3453 887 3521 adolescentulas
909 3457 989 3524 lilias
1005 3460 1158 3524 Hierusa-

122 3568 206 3643 lem,
223 3567 328 3632 subito
340 3565 428 3653 qussi
443 3564 566 3629 eminus
578 3585 689 3629 vocem
701 3563 807 3650 sponsi
819 3568 970 3643 senserit,
982 3569 1071 3654 quasi
1082 3591 1158 3634 eum

120 3674 278 3763 aliquibus
294 3671 468 3759 loquentis:
489 3671 730 3758 interruptoque
745 3693 892 3738 sermone
906 3697 1003 3760 quem
1020 3674 1159 3742 faciebat

121 3781 162 3847 ad
178 3777 443 3863 adolescentulas,
466 3799 716 3866 sponsaaurem
737 3780 927 3846 converterit
951 3779 990 3847 ad
1011 3781 1156 3849 auditum

158 3931 297 3996 xliplxes.r,
313 3934 352 3992 14.
363 3957 392 3966 -
402 3924 413 3959 ²
424 3927 497 3980 Cant.
507 3945 544 3992 ιι,
559 3929 583 3978 8.
