2744 4600
214 199 277 267 566
658 217 801 262 ontcnurs
876 218 880 232 ·

210 357 286 400 rena
301 333 435 424 populus
450 333 507 402 Dei
525 333 638 399 dehent
651 332 823 398 custodire.
838 312 925 397 Dicit
936 351 1012 419 ergo
1028 329 1111 396 iniis
1128 331 1253 420 simpli-

213 445 280 511 oior
294 435 633 532 quisque'auditorum,
650 441 723 529 quia
739 451 870 529 possunt
880 439 948 504 h'aec
961 439 1137 505 necessaria
1148 438 1253 504 videri

214 564 248 618 ot
264 549 351 616 utilio
363 551 460 615 etium
471 549 648 616 secuudum
655 547 807 623 litteram,
819 569 878 636 pro
889 571 928 613 eo
940 558 975 612 ut
987 571 1080 614 nemo
1092 559 1257 637 transgre-

215 661 319 727 diatur
330 658 481 724 terminos
492 681 549 747 per
559 669 754 747 praeceptum
767 658 896 724 Domini
908 657 1110 734 constitutos,
1127 667 1159 723 et
1171 657 1258 723 fines
1353 639 1354 672 l

216 767 453 833 ulteriustribus
462 766 520 832 alia
529 764 645 832 violare
655 787 720 831 non
729 765 853 831 audeat.
866 767 907 830 Et
915 765 1167 853 quidfaoiemus,
1178 789 1260 834 cum

217 879 250 944 in
265 878 357 942 torris
373 877 438 942 istis
449 897 513 942 non
526 873 808 942 soluminradendi
821 873 949 940 alterius
961 875 1040 941 fines
1051 875 1186 949 ludaeis,
1200 875 1260 942 sed

219 983 492 1074 qualitercumque
503 984 684 1074 possidendi
699 983 832 1050 laoultas
847 982 933 1050 nulla
953 985 1166 1050 remanserit?
1183 985 1261 1049 Pro-

219 1095 284 1184 fugi
305 1116 442 1184 namque
459 1097 498 1162 ab
515 1118 551 1159 ea
568 1103 601 1158 et
615 1105 757 1158 extorres
774 1091 915 1167 exulant,
938 1104 971 1157 et
990 1091 1069 1158 fines
1089 1117 1156 1159 non
1177 1115 1259 1181 quos

219 1203 270 1271 lex
290 1206 394 1270 divina
416 1205 525 1270 statuit
546 1226 634 1270 nunc
655 1203 851 1292 possidentes
873 1202 1071 1278 custodiunt,
1094 1203 1152 1268 sed
1179 1225 1257 1291 quos

220 1317 377 1384 victorum
392 1312 676 1403 jura'maudarunt.
694 1312 793 1392 Quid,
806 1314 948 1400 inquam,
962 1335 1019 1377 noa
1034 1311 1189 1378 faciemus
1204 1313 1257 1402 qui

221 1428 291 1492 haec
310 1427 343 1490 in
365 1423 505 1492 Ecclesia
517 1422 674 1512 legimusi‘
689 1423 722 1489 Si
737 1424 914 1489 secundum
926 1423 1113 1488 dudaeornm
1129 1445 1257 1488 sensum

222 1536 376 1626 legamus,
386 1532 545 1622 superflua
558 1535 650 1598 nohis
661 1533 804 1621 profecto
815 1533 1009 1598 videbuntur
1020 1545 1053 1597 et
1064 1533 1181 1597 inania.
1194 1531 1259 1596 Sed

222 1659 255 1711 et
269 1669 328 1734 ego
340 1644 394 1732 qui
410 1642 480 1730 lego
496 1643 537 1706 de
552 1643 703 1730 supientia
719 1644 895 1730 scriptum:
915 1668 928 1701 ι
942 1643 1000 1709 Exi
1009 1653 1081 1730 post
1092 1663 1164 1707 eum
1176 1642 1257 1706 sicut

223 1752 481 1842 »vestigator¹·‚s
507 1749 577 1816 volo
595 1751 680 1816 exire
704 1761 774 1838 post
789 1773 873 1826 eam,
889 1762 921 1815 et
937 1750 1009 1838 quia
1029 1751 1060 1815 in
1081 1753 1254 1817 rebuseum

224 1858 441 1950 corporalibus
461 1883 525 1926 non
542 1859 681 1935 invenio,
707 1860 828 1947 insequi
851 1862 921 1948 ejus
945 1861 1073 1949 vestigia
1096 1861 1204 1948 cupio,
1225 1871 1258 1923 et

225 1972 413 2060 investigare
431 1993 493 2058 quo
508 1981 571 2045 eut,
590 1993 628 2036 ac
644 1970 749 2035 videre
765 1970 943 2036 intellectus
963 1993 1053 2036 meus
1069 1971 1194 2059 adquae
1209 1993 1256 2036 me

228 2081 342 2151 cubilia
357 2081 529 2170 pertrahat.
548 2080 628 2145 Puto
645 2081 730 2146 enim
746 2080 872 2167 quodsi
889 2079 1056 2174 diiigenter
1075 2103 1147 2146 oum
1174 2083 1254 2168 sequi

225 2203 370 2282 potuero,
390 2200 420 2254 et
439 2189 624 2278 investigare
639 2188 701 2254 vias
717 2188 799 2275 ojus,
823 2188 911 2255 dabit
933 2190 1009 2255 milri
1027 2189 1148 2278 aliquas
1168 2215 1260 2257 occa·

226 2301 329 2366 sioues
344 2297 581 2386 exscriptoris,
598 2299 759 2386 quomodo
771 2299 866 2362 otiam
884 2297 924 2362 de
944 2299 993 2363 his
1008 2297 1086 2365 locis
1102 2299 1263 2388 explicare.

226 2411 411 2484 debeamus,
423 2409 447 2473 si
461 2407 620 2474 credimus
631 2407 668 2472 iis
683 2431 753 2495 quae
766 2407 882 2473 Paulus
895 2409 928 2473 in
943 2410 1094 2498 mysterio
1108 2410 1265 2498 loquitur,

226 2521 311 2611 quod
323 2522 377 2610 qui
393 2543 450 2609 per
468 2519 584 2608 Legem
598 2519 817 2594 deserviunt„
834 2521 954 2584 umbrae
970 2534 1002 2584 ot
1014 2521 1142 2610 imagini
1160 2523 1268 2588 deser·

227 2633 337 2702 »viunt
346 2628 522 2696 coelestium
536 2628 557 2692 ².
570 2629 631 2693 »Et
644 2628 669 2694 si
680 2629 856 2695 secuudum
866 2629 964 2717 ipsius
977 2629 1188 2697 nihilominus
1200 2656 1268 2698 seu-

227 2741 371 2814 tentiam,
387 2737 466 2814 Lex,
482 2738 574 2830 cujus
592 2761 663 2825 pars
684 2749 731 2801 est
746 2737 815 2802 haeo
831 2735 925 2804 lectio
945 2760 1042 2828 quam
1059 2739 1218 2806 habemus
1235 2742 1267 2807 iu

225 2851 386 2932 munibus,¹
400 2847 546 2922 umlrram
560 2847 656 2916 hahet
670 2845 850 2912 futurorum
863 2849 1023 2914 bonorum
1032 2848 1056 2924 ⁸,
1066 2872 1268 2940 consequens

226 2959 352 3025 videtur
363 2967 394 3022 et
410 2955 637 3030 necessarium,
651 2956 756 3021 omnia
773 2977 842 3042 quae
857 2958 947 3042 quusi
964 2957 1004 3022 de
1018 2955 1115 3023 rebus
1129 2961 1269 3026 terrenis

227 3067 451 3138 describuntur
477 3067 507 3130 in
529 3063 626 3154 Lege,
643 3065 771 3130 umbras
794 3089 861 3130 esse
884 3064 1065 3132 futurorum
1089 3072 1267 3146 honorum,

227 3178 392 3264 omnisque
404 3174 571 3268 haereditas
587 3187 679 3240 terrae
695 3173 777 3240 illius
792 3199 862 3263 quae
879 3176 911 3240 in
927 3175 946 3241 J
951 3176 1037 3241 udaea
1054 3190 1139 3243 terra
1156 3191 1266 3246 sancta

209 3295 260 3353 ’ct
282 3299 364 3351 terra
391 3285 474 3349 bona
499 3282 687 3372 appellatur,
704 3284 807 3372 imago
828 3285 868 3348 sit
883 3287 1041 3350 bonorum
1060 3284 1264 3352 coelestium:

229 3389 364 3494 ‹juorum
375 3393 457 3464 hauc,
475 3402 510 3456 ut
525 3391 674 3469 diximus,
692 3414 762 3478 quae
774 3390 806 3456 in
823 3393 915 3457 terris
928 3395 1011 3458 hona
1029 3411 1266 3472 memorantur,

229 3505 375 3570 umbram
391 3513 486 3589 atque
502 3499 672 3588 imaginem
688 3511 826 3567 teneant.

282 3611 347 3679 Sed
367 3623 402 3675 ut
420 3608 583 3698 paululum
605 3622 637 3675 et
657 3633 747 3676 meus
765 3633 869 3677 sermo
885 3624 917 3677 et
933 3625 1034 3680 vestro
1057 3612 1268 3704 intelligentia

230 3721 430 3805 sublimetur,
446 3732 541 3807 atque
556 3720 730 3810 ingressum
745 3719 917 3807 quemdam
933 3722 974 3786 ad
989 3745 1024 3788 eo
1041 3745 1112 3810 quae
1128 3723 1268 3791 dicimus

262 3851 358 3906 tEccli.
373 3866 423 3906 arv,
438 3847 623 3900 23.-²llelrr.
638 3865 692 3908 vrri,
708 3849 791 3898 5.-³
807 3847 845 3897 ld.
860 3865 884 3912 x,
899 3865 918 3898 r.
