2632 4600
188 263 250 325 258
639 279 779 322 (inventus

183 405 270 492 prius
286 404 363 475 erit,
377 414 412 464 ut
426 413 609 489 peccatores
623 412 655 465 et
674 401 787 489 impios
803 403 876 488 justi
893 401 1019 468 videant
1030 407 1220 475 condemna-

183 524 242 576 tos.
262 511 353 576 Prius
368 510 452 574 enim
468 509 687 596 peecatoribus
708 531 810 596 poenae
825 521 857 574 et
871 510 1024 599 supplicia
1040 513 1220 582 decernun-

182 631 236 684 tur
252 641 260 683 ε
279 639 349 706 quae
359 640 434 682 eum
450 616 585 681 viderint
596 616 672 704 justi
683 665 692 692 ,
705 629 737 680 et
750 618 933 705 agnoverint
945 619 1023 706 quid
1033 621 1158 687 intersit
1174 625 1220 690 in-

182 728 353 792 torbouam
362 725 456 789 vitam
467 734 500 788 et
507 721 680 799 malam,et
691 721 986 791 eumintellexerint
996 727 1078 793 beno
1088 730 1221 798 vivendo

182 834 222 899 de
238 831 363 921 quantis
378 830 534 896 evaserint
548 829 659 906 malis,
674 829 718 896 ita
733 842 768 894 ut
784 829 829 896 illi
848 833 901 919 qui
918 833 950 899 in
965 835 1067 922 poeuis
1084 851 1160 902 sunt
1176 839 1220 904 vi-

181 942 291 1006 dentes
305 961 359 1004 oos
375 939 407 1003 in
426 936 524 1027 gloria
539 937 647 1004 dicant
658 987 667 1015 ,
679 965 691 998 r
703 961 761 1004 nos
779 938 866 1004 stulti
882 939 978 1007 vitam
994 964 1107 1010 eorum
1127 959 1219 1033 puta-

180 1039 317 1113 »bamus'
337 1047 490 1112 insaniam
504 1045 529 1121 ¹,
547 1057 682 1135 »postea
699 1069 776 1134 ergo
796 1069 890 1134 quam
905 1048 1042 1114 viderint
1057 1055 1219 1139 quomodo

179 1166 314 1246 pereunt
328 1166 529 1244 peccatores,
545 1166 624 1220 tune
639 1154 697 1242 ipsi
712 1153 937 1220 exaltabuntur
948 1167 980 1220 et
992 1157 1169 1226 efferentur
1180 1163 1219 1228 ad

180 1263 297 1330 ooelum
314 1275 349 1328 ut
369 1262 555 1328 haereditent
578 1274 705 1327 terram.
725 1261 819 1328 Nune
836 1264 902 1351 jam
920 1285 1025 1330 sermo
1039 1281 1173 1344 monet,
1188 1282 1220 1333 et

179 1370 319 1438 solamen
332 1371 461 1436 adhibet
473 1393 576 1435 causae
588 1369 681 1444 huie,
694 1391 765 1457 que
776 1369 890 1435 crebro
906 1373 979 1436 satis
992 1395 1048 1437 cor
1058 1397 1143 1462 pene
1155 1399 1221 1442 om

179 1480 268 1544 nium
288 1477 455 1544 hominum
474 1475 588 1566 pulsat.
611 1477 691 1542 Nam
711 1478 784 1563 quia
810 1476 993 1564 frequenter
1014 1503 1072 1545 uos
1099 1482 1218 1550 infirmi

178 1586 320 1651 videntes
335 1583 459 1671 iniquos
474 1605 634 1671 quosque,
651 1596 683 1647 et
703 1583 817 1671 impios
832 1584 864 1648 in
880 1584 941 1650 hae
957 1586 1019 1651 vita
1036 1609 1115 1653 eum
1131 1593 1218 1656 omni

179 1690 328 1756 felicitate
340 1691 488 1778 degentes
503 1701 534 1752 et
550 1690 708 1778 prosperis
724 1690 920 1756 sucoessibus
932 1691 1103 1770 florentes,
1121 1699 1218 1763 abuu-

162 1789 254 1862 'dare
274 1797 407 1871 divitiis,
429 1795 623 1868 honoribus,
645 1795 782 1861 fecunda
802 1807 835 1860 et
858 1798 1000 1864 universa
1026 1801 1117 1888 prola
1139 1827 1217 1892 gau-

179 1899 548 1978 dere,delieiislluitare‚
562 1899 813 1967 scandalizamur
823 1915 856 1967 et
872 1903 1008 1970 dicimus
1020 1907 1053 1972 in
1066 1911 1217 1976 cordibus

179 2011 314 2074 nostris:
334 2009 387 2073 ubi
403 2021 450 2074 est
471 2009 589 2095 justitia
603 2008 684 2072 Ileii’
699 2008 731 2074 Si
751 2032 807 2096 per
820 2011 1052 2098 providentiam
1076 2016 1214 2082 divinam

178 2139 226 2182 res
242 2126 422 2204 agerentur,
447 2115 644 2202 permitteret
659 2116 744 2181 Deus
762 2115 850 2183 huuc
866 2118 1011 2206 iniquum
1026 2133 1058 2186 et
1077 2122 1213 2210 impium

177 2225 209 2289 in
226 2235 349 2288 tantum
366 2218 520 2286 felicitatis
533 2221 704 2287 ascendere
714 2223 728 2287 l
739 2224 909 2312 Propterea
922 2249 999 2316 ergo
1010 2251 1098 2294 ntrno
1109 2253 1219 2296 sermo

176 2330 299 2395 divinus
316 2353 353 2394 ex
369 2351 502 2418 persona
517 2329 675 2417 justorum
695 2330 794 2396 dicit:
816 2331 895 2397 Vidi
919 2332 1064 2420 impitus,
1087 2359 1154 2404 nou
1167 2363 1221 2404 so-

176 2435 243 2502 lum
258 2435 449 2510 exaltatum,
466 2437 523 2502 sed
539 2439 793 2523 superexaltatum
808 2451 837 2503 et
852 2441 1015 2518 alermum,
1034 2467 1101 2509 non
1122 2469 1225 2534 super

177 2546 305 2610 arbores
319 2541 586 2632 qualescumque,
601 2545 657 2610 sed
671 2569 759 2630 super·
774 2546 876 2612 cedros
892 2548 1005 2613 Liburni
1013 2548 1024 2582 ²
1042 2575 1053 2615 .·
1073 2565 1111 2617 ut
1128 2565 1161 2618 et
1174 2577 1226 2619 an

175 2635 235 2717 lror
249 2648 372 2717 excelsa
389 2649 482 2715 nimis
496 2650 556 2725 sit,
573 2664 605 2716 et
620 2650 707 2717 loeus
723 2652 841 2718 montis
860 2655 984 2721 orrnotis
999 2656 1177 2737 exoelsior,
1195 2673 1230 2726 et

175 2772 282 2825 tamen
307 2757 416 2824 videus
440 2757 507 2822 haec
522 2759 647 2832 omnia,
665 2787 678 2820 r
695 2759 842 2836 transivi,
866 2761 978 2848 inquit,
1000 2775 1034 2829 et
1055 2789 1137 2832 eone
1159 2791 1234 2836 nou

175 2866 295 2932 »erat⁸.
310 2847 419 2946 »Quid
441 2876 533 2952 putas
556 2863 633 2930 illud
652 2879 699 2930 est
719 2867 804 2955 quod
828 2869 938 2934 transit
961 2871 1089 2958 justus,
1108 2889 1149 2942 ut
1173 2879 1237 2942 ista

176 2986 276 3041 cesset
289 2973 407 3040 elatio?
419 2971 451 3037 Si
465 2972 651 3037 meministis
667 2974 700 3038 iu
711 2975 925 3062 superioribus
942 2999 1019 3044 eum
1036 2980 1245 3052 diceremus

174 3065 321 3148 transisse
335 3077 466 3168 Moysen
485 3091 520 3144 ut
535 3079 655 3144 videret
679 3080 829 3152 visionem
851 3105 1019 3172 magnam,
1036 3093 1196 3175 potestis
1213 3105 1249 3158 et

174 3211 261 3256 nunc
277 3188 357 3254 seire
368 3186 445 3275 quid
456 3199 504 3252 est
518 3187 603 3274 quod
619 3187 751 3252 transire
768 3187 884 3254 dieitur
899 3189 1012 3278 justus.
1030 3194 1126 3264 Cum
1147 3201 1255 3268 vide-

174 3320 245 3363 mus
259 3292 486 3384 extolliimpios
497 3305 546 3368 ,et
558 3295 589 3358 in
599 3295 728 3360 nimiam
741 3295 922 3383 superbiam
933 3320 1083 3368 creseere
1101 3355 1116 3380 ,
1135 3320 1257 3376 trans

161 3426 283 3470 'eamus
294 3413 326 3467 et
338 3423 395 3466 nos
403 3412 511 3466 mente
522 3411 554 3464 et
569 3398 731 3466 intellectu
740 3405 780 3467 al)
792 3402 840 3470 his
851 3427 921 3491 quoe
934 3404 1089 3474 videntur
1100 3427 1152 3479 et
1169 3429 1264 3484 tom-

174 3509 293 3604 poralia
312 3520 403 3584 sunt,
419 3519 451 3572 et
471 3508 697 3574 transieramus
718 3533 846 3576 sensum
868 3524 1013 3578 nostrum
1035 3517 1080 3582 ad
1104 3545 1161 3592 ea
1181 3549 1266 3616 qm

174 3618 404 3691 nonvidentur,
413 3629 445 3680 et
456 3626 571 3681 aeterna
584 3628 667 3682 sunt.
684 3617 866 3706 Cogitemus
874 3621 1063 3706 temporalia
1071 3625 1269 3702 δωρεῇ,

174 3741 206 3793 et
220 3747 396 3816 paueorum
410 3723 533 3788 dierum
545 3724 777 3812 quaevidentur
791 3724 882 3792 elata.
902 3727 1109 3802 lutueamur
1129 3739 1271 3828 judicii

212 3870 285 3938 ¹Sap.
299 3888 326 3932 v,
341 3873 365 3932 4.
376 3897 407 3905 -
418 3863 430 3900 ²
441 3869 528 3918 Psalrn.
541 3885 634 3931 xxxva,
648 3865 729 3920 35.-—
742 3866 751 3901 ⁸
762 3869 826 3922 lbid.
842 3869 883 3922 36.
