<?xml version="1.0" encoding="UTF-8"?>
<!DOCTYPE html PUBLIC "-//W3C//DTD XHTML 1.0 Transitional//EN"
    "http://www.w3.org/TR/xhtml1/DTD/xhtml1-transitional.dtd">
<html xmlns="http://www.w3.org/1999/xhtml" xml:lang="en" lang="en">
 <head>
  <title>
</title>
<meta http-equiv="Content-Type" content="text/html;charset=utf-8" />
  <meta name='ocr-system' content='tesseract 3.04.00' />
  <meta name='ocr-capabilities' content='ocr_page ocr_carea ocr_par ocr_line ocrx_word'/>
</head>
<body>
  <div class='ocr_page' id='page_1' title='image "./collectioselect01guilgoog_0177.png"; bbox 0 0 2702 4610; ppageno 0'>
   <div class='ocr_carea' id='block_1_1' title="bbox 487 308 1098 389">
    <p class='ocr_par' dir='ltr' id='par_1_1' title="bbox 487 308 1098 389">
     <span class='ocr_line' id='line_1_1' title="bbox 487 308 1098 389; baseline 0.003 -23"><span class='ocrx_word' id='word_1_1' title='bbox 487 325 519 369; x_wconf 79' lang='lat' dir='ltr'><strong>us</strong></span> <span class='ocrx_word' id='word_1_2' title='bbox 544 324 676 368; x_wconf 82' lang='lat' dir='ltr'><strong>nxonou.</strong></span> <span class='ocrx_word' id='word_1_3' title='bbox 1039 308 1098 389; x_wconf 74' lang='lat'><strong>¹75</strong></span> 
     </span>
    </p>
   </div>
   <div class='ocr_carea' id='block_1_2' title="bbox 52 529 1102 550">
    <p class='ocr_par' dir='ltr' id='par_1_2' title="bbox 52 529 1102 550">
     <span class='ocr_line' id='line_1_2' title="bbox 52 529 1102 550; baseline -0.002 0"><span class='ocrx_word' id='word_1_4' title='bbox 52 529 1102 550; x_wconf 52' lang='grc' dir='ltr'><strong>ἱἏὶΜὶἊΜΙΜΜἊΏΒἎἈΝἉὶΜΜΜἉὶἎἈΙΊὶΒἏᾺδΜΜΜᾺἿ</strong></span> 
     </span>
    </p>
   </div>
   <div class='ocr_carea' id='block_1_3' title="bbox 396 701 779 778">
    <p class='ocr_par' dir='ltr' id='par_1_3' title="bbox 396 701 779 778">
     <span class='ocr_line' id='line_1_3' title="bbox 396 701 779 778; baseline 0.01 -4"><span class='ocrx_word' id='word_1_5' title='bbox 396 701 619 777; x_wconf 78' lang='lat' dir='ltr'><strong>uomlnln</strong></span> <span class='ocrx_word' id='word_1_6' title='bbox 644 703 779 778; x_wconf 79' lang='lat' dir='ltr'>x111¹.</span> 
     </span>
    </p>
   </div>
   <div class='ocr_carea' id='block_1_4' title="bbox 271 898 898 984">
    <p class='ocr_par' dir='ltr' id='par_1_4' title="bbox 271 898 898 984">
     <span class='ocr_line' id='line_1_4' title="bbox 271 898 898 984; baseline 0.006 -28"><span class='ocrx_word' id='word_1_7' title='bbox 271 899 319 957; x_wconf 81' lang='lat' dir='ltr'><strong>De</strong></span> <span class='ocrx_word' id='word_1_8' title='bbox 331 898 378 958; x_wconf 77' lang='lat' dir='ltr'><strong>itis</strong></span> <span class='ocrx_word' id='word_1_9' title='bbox 389 921 454 973; x_wconf 82' lang='lat' dir='ltr'><strong>quoe</strong></span> <span class='ocrx_word' id='word_1_10' title='bbox 466 901 621 984; x_wconf 78' lang='lat' dir='ltr'><strong>offenmtur</strong></span> <span class='ocrx_word' id='word_1_11' title='bbox 633 899 673 960; x_wconf 82' lang='lat' dir='ltr'><strong>od</strong></span> <span class='ocrx_word' id='word_1_12' title='bbox 684 902 898 962; x_wconf 74' lang='lat' dir='ltr'><strong>tabernaculum.</strong></span> 
     </span>
    </p>
   </div>
   <div class='ocr_carea' id='block_1_5' title="bbox 2 1117 1112 3823">
    <p class='ocr_par' dir='ltr' id='par_1_5' title="bbox 60 1117 1101 1424">
     <span class='ocr_line' id='line_1_5' title="bbox 119 1117 1098 1208; baseline 0.001 -23"><span class='ocrx_word' id='word_1_13' title='bbox 119 1119 190 1185; x_wconf 61' lang='lat' dir='ltr'><strong>«inm</strong></span> <span class='ocrx_word' id='word_1_14' title='bbox 209 1117 345 1205; x_wconf 87' lang='lat' dir='ltr'><strong>quidem</strong></span> <span class='ocrx_word' id='word_1_15' title='bbox 359 1131 392 1184; x_wconf 89' lang='lat' dir='ltr'><strong>et</strong></span> <span class='ocrx_word' id='word_1_16' title='bbox 406 1119 493 1208; x_wconf 89' lang='lat' dir='ltr'><strong>prius</strong></span> <span class='ocrx_word' id='word_1_17' title='bbox 506 1119 546 1184; x_wconf 93' lang='lat' dir='ltr'><strong>de</strong></span> <span class='ocrx_word' id='word_1_18' title='bbox 560 1117 788 1185; x_wconf 81' lang='lat' dir='ltr'><strong>tubernaculo²</strong></span> <span class='ocrx_word' id='word_1_19' title='bbox 806 1142 864 1208; x_wconf 92' lang='lat' dir='ltr'><strong>pro</strong></span> <span class='ocrx_word' id='word_1_20' title='bbox 879 1119 998 1186; x_wconf 84' lang='lat' dir='ltr'><strong>viribus</strong></span> <span class='ocrx_word' id='word_1_21' title='bbox 1010 1119 1098 1186; x_wconf 77' lang='lat' dir='ltr'><strong>dixe-</strong></span> 
     </span>
     <span class='ocr_line' id='line_1_6' title="bbox 62 1229 1101 1319; baseline 0.002 -25"><span class='ocrx_word' id='word_1_22' title='bbox 62 1249 183 1304; x_wconf 75' lang='lat' dir='ltr'><strong>ramus,</strong></span> <span class='ocrx_word' id='word_1_23' title='bbox 200 1251 316 1296; x_wconf 83' lang='lat' dir='ltr'><strong>verum</strong></span> <span class='ocrx_word' id='word_1_24' title='bbox 331 1229 483 1316; x_wconf 80' lang='lat' dir='ltr'><strong>quonium</strong></span> <span class='ocrx_word' id='word_1_25' title='bbox 503 1251 585 1318; x_wconf 84' lang='lat' dir='ltr'><strong>saepe</strong></span> <span class='ocrx_word' id='word_1_26' title='bbox 604 1229 636 1292; x_wconf 91' lang='lat' dir='ltr'><strong>in</strong></span> <span class='ocrx_word' id='word_1_27' title='bbox 651 1230 752 1295; x_wconf 82' lang='lat' dir='ltr'><strong>Exodi</strong></span> <span class='ocrx_word' id='word_1_28' title='bbox 767 1229 849 1294; x_wconf 87' lang='lat' dir='ltr'><strong>libro</strong></span> <span class='ocrx_word' id='word_1_29' title='bbox 866 1231 1019 1318; x_wconf 86' lang='lat' dir='ltr'><strong>repetitur</strong></span> <span class='ocrx_word' id='word_1_30' title='bbox 1036 1229 1101 1319; x_wconf 79' lang='lat' dir='ltr'><strong>ipss</strong></span> 
     </span>
     <span class='ocr_line' id='line_1_7' title="bbox 60 1336 310 1424; baseline -0.004 -23"><span class='ocrx_word' id='word_1_31' title='bbox 60 1336 239 1424; x_wconf 84' lang='lat' dir='ltr'><strong>descriptio</strong></span> <span class='ocrx_word' id='word_1_32' title='bbox 241 1381 310 1401; x_wconf 84' lang='lat'><strong>.....</strong></span> 
     </span>
    </p>

    <p class='ocr_par' dir='ltr' id='par_1_6' title="bbox 2 1443 1112 3823">
     <span class='ocr_line' id='line_1_8' title="bbox 110 1443 1103 1534; baseline 0.002 -27"><span class='ocrx_word' id='word_1_33' title='bbox 110 1443 224 1508; x_wconf 86' lang='lat' dir='ltr'><strong>Primo</strong></span> <span class='ocrx_word' id='word_1_34' title='bbox 243 1443 411 1510; x_wconf 76' lang='lat' dir='ltr'><strong>omnium¹</strong></span> <span class='ocrx_word' id='word_1_35' title='bbox 428 1446 589 1512; x_wconf 80' lang='lat' dir='ltr'><strong>videamus</strong></span> <span class='ocrx_word' id='word_1_36' title='bbox 609 1446 688 1534; x_wconf 87' lang='lat' dir='ltr'><strong>quid</strong></span> <span class='ocrx_word' id='word_1_37' title='bbox 709 1446 861 1533; x_wconf 89' lang='lat' dir='ltr'><strong>estquod</strong></span> <span class='ocrx_word' id='word_1_38' title='bbox 883 1443 961 1512; x_wconf 87' lang='lat' dir='ltr'><strong>dicit</strong></span> <span class='ocrx_word' id='word_1_39' title='bbox 980 1446 1103 1533; x_wconf 81' lang='lat' dir='ltr'><strong>Moyses</strong></span> 
     </span>
     <span class='ocr_line' id='line_1_9' title="bbox 70 1551 1106 1647; baseline 0.003 -30"><span class='ocrx_word' id='word_1_40' title='bbox 70 1554 114 1617; x_wconf 86' lang='lat' dir='ltr'><strong>nd</strong></span> <span class='ocrx_word' id='word_1_41' title='bbox 135 1551 218 1619; x_wconf 84' lang='lat' dir='ltr'><strong>iiiios</strong></span> <span class='ocrx_word' id='word_1_42' title='bbox 234 1555 325 1620; x_wconf 78' lang='lat' dir='ltr'><strong>isreiii</strong></span> <span class='ocrx_word' id='word_1_43' title='bbox 342 1579 350 1621; x_wconf 90' lang='lat'><strong>:</strong></span> <span class='ocrx_word' id='word_1_44' title='bbox 370 1581 384 1614; x_wconf 78' lang='lat' dir='ltr'><strong>r</strong></span> <span class='ocrx_word' id='word_1_45' title='bbox 401 1555 524 1622; x_wconf 87' lang='lat' dir='ltr'><strong>Sumite</strong></span> <span class='ocrx_word' id='word_1_46' title='bbox 542 1581 558 1621; x_wconf 90' lang='lat' dir='ltr'><strong>o</strong></span> <span class='ocrx_word' id='word_1_47' title='bbox 577 1560 664 1624; x_wconf 83' lang='lat' dir='ltr'><strong>vobis</strong></span> <span class='ocrx_word' id='word_1_48' title='bbox 681 1559 754 1647; x_wconf 89' lang='lat' dir='ltr'><strong>ipsis</strong></span> <span class='ocrx_word' id='word_1_49' title='bbox 769 1559 1022 1645; x_wconf 76' lang='lat' dir='ltr'><strong>redemptionem</strong></span> <span class='ocrx_word' id='word_1_50' title='bbox 1038 1557 1106 1622; x_wconf 88' lang='lat' dir='ltr'><strong>Do-</strong></span> 
     </span>
     <span class='ocr_line' id='line_1_10' title="bbox 75 1665 1105 1756; baseline 0.004 -30"><span class='ocrx_word' id='word_1_51' title='bbox 75 1665 211 1736; x_wconf 78' lang='lat' dir='ltr'><strong>·mino,·</strong></span> <span class='ocrx_word' id='word_1_52' title='bbox 225 1667 325 1730; x_wconf 90' lang='lat' dir='ltr'><strong>omnis</strong></span> <span class='ocrx_word' id='word_1_53' title='bbox 344 1667 398 1754; x_wconf 91' lang='lat' dir='ltr'><strong>qui</strong></span> <span class='ocrx_word' id='word_1_54' title='bbox 419 1671 602 1756; x_wconf 76' lang='lat' dir='ltr'><strong>conceperit</strong></span> <span class='ocrx_word' id='word_1_55' title='bbox 621 1669 729 1745; x_wconf 91' lang='lat' dir='ltr'><strong>corde,</strong></span> <span class='ocrx_word' id='word_1_56' title='bbox 750 1667 864 1734; x_wconf 82' lang='lat' dir='ltr'><strong>offeret</strong></span> <span class='ocrx_word' id='word_1_57' title='bbox 886 1667 973 1732; x_wconf 86' lang='lat' dir='ltr'><strong>initio</strong></span> <span class='ocrx_word' id='word_1_58' title='bbox 993 1667 1105 1731; x_wconf 92' lang='lat' dir='ltr'><strong>Domi-</strong></span> 
     </span>
     <span class='ocr_line' id='line_1_11' title="bbox 73 1771 1105 1866; baseline 0.007 -32"><span class='ocrx_word' id='word_1_59' title='bbox 73 1801 87 1834; x_wconf 74' lang='grc' dir='ltr'><strong><em>ι</em></strong></span> <span class='ocrx_word' id='word_1_60' title='bbox 102 1797 144 1838; x_wconf 93' lang='lat' dir='ltr'><strong>no</strong></span> <span class='ocrx_word' id='word_1_61' title='bbox 154 1772 176 1838; x_wconf 77' lang='lat'><strong>⁴.</strong></span> <span class='ocrx_word' id='word_1_62' title='bbox 195 1802 209 1835; x_wconf 76' lang='grc' dir='ltr'>ι</span> <span class='ocrx_word' id='word_1_63' title='bbox 230 1774 301 1841; x_wconf 88' lang='lat' dir='ltr'><strong>Non</strong></span> <span class='ocrx_word' id='word_1_64' title='bbox 319 1771 386 1840; x_wconf 87' lang='lat' dir='ltr'><strong>vuit</strong></span> <span class='ocrx_word' id='word_1_65' title='bbox 403 1775 526 1864; x_wconf 81' lang='lat' dir='ltr'><strong>Moyses</strong></span> <span class='ocrx_word' id='word_1_66' title='bbox 544 1791 578 1842; x_wconf 91' lang='lat' dir='ltr'><strong>ut</strong></span> <span class='ocrx_word' id='word_1_67' title='bbox 594 1775 714 1866; x_wconf 83' lang='lat' dir='ltr'><strong>aliquid</strong></span> <span class='ocrx_word' id='word_1_68' title='bbox 731 1778 845 1844; x_wconf 81' lang='lat' dir='ltr'><strong>offeras</strong></span> <span class='ocrx_word' id='word_1_69' title='bbox 860 1777 929 1842; x_wconf 91' lang='lat' dir='ltr'><strong>Deo</strong></span> <span class='ocrx_word' id='word_1_70' title='bbox 948 1777 1035 1864; x_wconf 93' lang='lat' dir='ltr'><strong>quod</strong></span> <span class='ocrx_word' id='word_1_71' title='bbox 1053 1799 1105 1841; x_wconf 85' lang='lat' dir='ltr'><strong>ex-</strong></span> 
     </span>
     <span class='ocr_line' id='line_1_12' title="bbox 69 1885 1104 1980; baseline 0.002 -32"><span class='ocrx_word' id='word_1_72' title='bbox 69 1899 116 1949; x_wconf 83' lang='lat' dir='ltr'><strong>tre</strong></span> <span class='ocrx_word' id='word_1_73' title='bbox 132 1896 165 1948; x_wconf 87' lang='lat' dir='ltr'><strong>tc</strong></span> <span class='ocrx_word' id='word_1_74' title='bbox 181 1897 255 1949; x_wconf 84' lang='lat' dir='ltr'><strong>est:</strong></span> <span class='ocrx_word' id='word_1_75' title='bbox 276 1885 332 1951; x_wconf 78' lang='lat' dir='ltr'><strong>«A</strong></span> <span class='ocrx_word' id='word_1_76' title='bbox 349 1887 437 1951; x_wconf 82' lang='lat' dir='ltr'><strong>vobis</strong></span> <span class='ocrx_word' id='word_1_77' title='bbox 454 1887 542 1974; x_wconf 86' lang='lat' dir='ltr'><strong>ipsis,</strong></span> <span class='ocrx_word' id='word_1_78' title='bbox 556 1889 677 1972; x_wconf 83' lang='lat' dir='ltr'><strong>inquit,</strong></span> <span class='ocrx_word' id='word_1_79' title='bbox 691 1889 817 1962; x_wconf 88' lang='lat' dir='ltr'><strong>sumite,</strong></span> <span class='ocrx_word' id='word_1_80' title='bbox 835 1898 868 1952; x_wconf 87' lang='lat' dir='ltr'><strong>et</strong></span> <span class='ocrx_word' id='word_1_81' title='bbox 886 1887 974 1952; x_wconf 84' lang='lat' dir='ltr'><strong>initis</strong></span> <span class='ocrx_word' id='word_1_82' title='bbox 991 1885 1104 1980; x_wconf 74' lang='lat' dir='ltr'><strong>oii&#39;ertc</strong></span> 
     </span>
     <span class='ocr_line' id='line_1_13' title="bbox 67 1991 1105 2085; baseline 0.005 -31"><span class='ocrx_word' id='word_1_83' title='bbox 67 2020 82 2054; x_wconf 84' lang='grc' dir='ltr'><strong>ι</strong></span> <span class='ocrx_word' id='word_1_84' title='bbox 98 1991 253 2068; x_wconf 86' lang='lat' dir='ltr'><strong>Domino,</strong></span> <span class='ocrx_word' id='word_1_85' title='bbox 265 2005 362 2082; x_wconf 88' lang='lat' dir='ltr'><strong>prout</strong></span> <span class='ocrx_word' id='word_1_86' title='bbox 379 1995 594 2081; x_wconf 87' lang='lat' dir='ltr'><strong>unusquisqne</strong></span> <span class='ocrx_word' id='word_1_87' title='bbox 609 1997 756 2085; x_wconf 87' lang='lat' dir='ltr'><strong>concepit</strong></span> <span class='ocrx_word' id='word_1_88' title='bbox 767 1997 876 2062; x_wconf 86' lang='lat' dir='ltr'><strong>corde.</strong></span> <span class='ocrx_word' id='word_1_89' title='bbox 890 2024 903 2057; x_wconf 73' lang='grc' dir='ltr'><strong>ι</strong></span> <span class='ocrx_word' id='word_1_90' title='bbox 919 1996 1041 2061; x_wconf 78' lang='lat' dir='ltr'><strong>Aurum</strong></span> <span class='ocrx_word' id='word_1_91' title='bbox 1058 1997 1105 2077; x_wconf 76' lang='lat' dir='ltr'><strong>iu·</strong></span> 
     </span>
     <span class='ocr_line' id='line_1_14' title="bbox 69 2103 1106 2191; baseline 0.003 -26"><span class='ocrx_word' id='word_1_92' title='bbox 69 2103 166 2167; x_wconf 86' lang='lat' dir='ltr'><strong>betur</strong></span> <span class='ocrx_word' id='word_1_93' title='bbox 184 2113 217 2166; x_wconf 87' lang='lat' dir='ltr'><strong>et</strong></span> <span class='ocrx_word' id='word_1_94' title='bbox 234 2116 402 2190; x_wconf 78' lang='lat' dir='ltr'><strong>argentum</strong></span> <span class='ocrx_word' id='word_1_95' title='bbox 420 2103 547 2179; x_wconf 77' lang='lat' dir='ltr'><strong>deferri,</strong></span> <span class='ocrx_word' id='word_1_96' title='bbox 563 2127 605 2169; x_wconf 72' lang='lat' dir='ltr'><strong>tes</strong></span> <span class='ocrx_word' id='word_1_97' title='bbox 620 2117 652 2170; x_wconf 87' lang='lat' dir='ltr'><strong>et</strong></span> <span class='ocrx_word' id='word_1_98' title='bbox 664 2116 786 2170; x_wconf 81' lang='lat' dir='ltr'><strong>eaetcrae</strong></span> <span class='ocrx_word' id='word_1_99' title='bbox 800 2104 956 2176; x_wconf 77' lang='lat' dir='ltr'><strong>materiae3</strong></span> <span class='ocrx_word' id='word_1_100' title='bbox 975 2124 1106 2191; x_wconf 77' lang='lat' dir='ltr'><strong>quomo</strong></span> 
     </span>
     <span class='ocr_line' id='line_1_15' title="bbox 73 2211 1106 2300; baseline 0 -26"><span class='ocrx_word' id='word_1_101' title='bbox 73 2211 119 2275; x_wconf 93' lang='lat' dir='ltr'><strong>do</strong></span> <span class='ocrx_word' id='word_1_102' title='bbox 132 2212 198 2275; x_wconf 90' lang='lat' dir='ltr'><strong>hoc</strong></span> <span class='ocrx_word' id='word_1_103' title='bbox 217 2233 343 2297; x_wconf 84' lang='lat' dir='ltr'><strong>possum</strong></span> <span class='ocrx_word' id='word_1_104' title='bbox 358 2234 418 2300; x_wconf 80' lang='lat' dir='ltr'><strong>ego</strong></span> <span class='ocrx_word' id='word_1_105' title='bbox 434 2211 474 2276; x_wconf 92' lang='lat' dir='ltr'><strong>de</strong></span> <span class='ocrx_word' id='word_1_106' title='bbox 490 2212 611 2300; x_wconf 82' lang='lat' dir='ltr'><strong>meipso</strong></span> <span class='ocrx_word' id='word_1_107' title='bbox 626 2212 764 2278; x_wconf 79' lang='lat' dir='ltr'><strong>oii&#39;errei’</strong></span> <span class='ocrx_word' id='word_1_108' title='bbox 779 2211 941 2297; x_wconf 87' lang='lat' dir='ltr'><strong>Numquid</strong></span> <span class='ocrx_word' id='word_1_109' title='bbox 957 2211 1038 2275; x_wconf 83' lang='lat' dir='ltr'><strong>intra</strong></span> <span class='ocrx_word' id='word_1_110' title='bbox 1054 2231 1106 2274; x_wconf 86' lang='lat' dir='ltr'><strong>me</strong></span> 
     </span>
     <span class='ocr_line' id='line_1_16' title="bbox 80 2313 1103 2407; baseline 0.002 -29"><span class='ocrx_word' id='word_1_111' title='bbox 80 2339 199 2380; x_wconf 76' lang='lat' dir='ltr'><strong>nurum</strong></span> <span class='ocrx_word' id='word_1_112' title='bbox 214 2320 346 2382; x_wconf 80' lang='lat' dir='ltr'><strong>nescitur</strong></span> <span class='ocrx_word' id='word_1_113' title='bbox 363 2330 418 2384; x_wconf 81' lang='lat' dir='ltr'><strong>aut</strong></span> <span class='ocrx_word' id='word_1_114' title='bbox 442 2329 627 2407; x_wconf 77' lang='lat' dir='ltr'><strong>argentum,</strong></span> <span class='ocrx_word' id='word_1_115' title='bbox 652 2328 684 2384; x_wconf 88' lang='lat' dir='ltr'><strong>ct</strong></span> <span class='ocrx_word' id='word_1_116' title='bbox 701 2329 814 2384; x_wconf 78' lang='lat' dir='ltr'><strong>coetero</strong></span> <span class='ocrx_word' id='word_1_117' title='bbox 837 2341 907 2405; x_wconf 68' lang='lat' dir='ltr'><strong>quie</strong></span> <span class='ocrx_word' id='word_1_118' title='bbox 927 2313 1103 2405; x_wconf 73' lang='lat' dir='ltr'><strong>jubentur?</strong></span> 
     </span>
     <span class='ocr_line' id='line_1_17' title="bbox 79 2424 1104 2515; baseline -0.003 -24"><span class='ocrx_word' id='word_1_119' title='bbox 79 2424 198 2491; x_wconf 86' lang='lat' dir='ltr'><strong>Nonne</strong></span> <span class='ocrx_word' id='word_1_120' title='bbox 213 2425 274 2490; x_wconf 83' lang='lat' dir='ltr'><strong>hoo</strong></span> <span class='ocrx_word' id='word_1_121' title='bbox 290 2428 501 2514; x_wconf 86' lang='lat' dir='ltr'><strong>unusquisque</strong></span> <span class='ocrx_word' id='word_1_122' title='bbox 517 2428 557 2492; x_wconf 90' lang='lat' dir='ltr'><strong>de</strong></span> <span class='ocrx_word' id='word_1_123' title='bbox 572 2427 796 2515; x_wconf 74' lang='lat' dir='ltr'><strong>promptuariis</strong></span> <span class='ocrx_word' id='word_1_124' title='bbox 811 2438 844 2491; x_wconf 87' lang='lat' dir='ltr'><strong>ot</strong></span> <span class='ocrx_word' id='word_1_125' title='bbox 855 2427 895 2490; x_wconf 87' lang='lat' dir='ltr'><strong>do</strong></span> <span class='ocrx_word' id='word_1_126' title='bbox 905 2426 1028 2491; x_wconf 86' lang='lat' dir='ltr'><strong>scriniis</strong></span> <span class='ocrx_word' id='word_1_127' title='bbox 1040 2424 1104 2490; x_wconf 85' lang='lat' dir='ltr'><strong>suis</strong></span> 
     </span>
     <span class='ocr_line' id='line_1_18' title="bbox 71 2532 1105 2624; baseline -0.004 -24"><span class='ocrx_word' id='word_1_128' title='bbox 71 2533 222 2624; x_wconf 79' lang='lat' dir='ltr'><strong>proserti&#39;</strong></span> <span class='ocrx_word' id='word_1_129' title='bbox 233 2534 315 2613; x_wconf 86' lang='lat' dir='ltr'><strong>Quid</strong></span> <span class='ocrx_word' id='word_1_130' title='bbox 330 2548 378 2600; x_wconf 88' lang='lat' dir='ltr'><strong>cst</strong></span> <span class='ocrx_word' id='word_1_131' title='bbox 396 2558 472 2624; x_wconf 80' lang='lat' dir='ltr'><strong>ergo</strong></span> <span class='ocrx_word' id='word_1_132' title='bbox 485 2536 571 2623; x_wconf 88' lang='lat' dir='ltr'><strong>quod</strong></span> <span class='ocrx_word' id='word_1_133' title='bbox 587 2535 664 2600; x_wconf 83' lang='lat' dir='ltr'><strong>dicit</strong></span> <span class='ocrx_word' id='word_1_134' title='bbox 677 2535 802 2622; x_wconf 78' lang='lat' dir='ltr'><strong>Moyses</strong></span> <span class='ocrx_word' id='word_1_135' title='bbox 820 2558 829 2596; x_wconf 74' lang='grc' dir='ltr'><em>τ</em></span> <span class='ocrx_word' id='word_1_136' title='bbox 847 2533 969 2599; x_wconf 78' lang='lat' dir='ltr'><strong>Offerte</strong></span> <span class='ocrx_word' id='word_1_137' title='bbox 985 2555 1003 2596; x_wconf 83' lang='lat' dir='ltr'><strong>e</strong></span> <span class='ocrx_word' id='word_1_138' title='bbox 1017 2532 1105 2596; x_wconf 83' lang='lat' dir='ltr'><strong>vobis</strong></span> 
     </span>
     <span class='ocr_line' id='line_1_19' title="bbox 68 2639 1106 2733; baseline -0.004 -23"><span class='ocrx_word' id='word_1_139' title='bbox 68 2645 162 2732; x_wconf 81' lang='lat' dir='ltr'><strong>ipsis,</strong></span> <span class='ocrx_word' id='word_1_140' title='bbox 181 2655 215 2708; x_wconf 86' lang='lat' dir='ltr'><strong>et</strong></span> <span class='ocrx_word' id='word_1_141' title='bbox 240 2646 456 2733; x_wconf 86' lang='lat' dir='ltr'><strong>unusquisque</strong></span> <span class='ocrx_word' id='word_1_142' title='bbox 476 2645 559 2710; x_wconf 86' lang='lat' dir='ltr'><strong>siout</strong></span> <span class='ocrx_word' id='word_1_143' title='bbox 573 2645 720 2732; x_wconf 81' lang='lat' dir='ltr'><strong>concepit</strong></span> <span class='ocrx_word' id='word_1_144' title='bbox 739 2642 861 2710; x_wconf 87' lang='lat' dir='ltr'><strong>corch</strong></span> <span class='ocrx_word' id='word_1_145' title='bbox 877 2640 959 2708; x_wconf 90' lang='lat' dir='ltr'><strong>iilud</strong></span> <span class='ocrx_word' id='word_1_146' title='bbox 975 2639 1106 2728; x_wconf 86' lang='lat' dir='ltr'><strong>quidem</strong></span> 
     </span>
     <span class='ocr_line' id='line_1_20' title="bbox 68 2748 1106 2843; baseline -0.005 -24"><span class='ocrx_word' id='word_1_147' title='bbox 68 2777 188 2819; x_wconf 77' lang='lat' dir='ltr'><strong>nstrum</strong></span> <span class='ocrx_word' id='word_1_148' title='bbox 200 2765 235 2819; x_wconf 92' lang='lat' dir='ltr'><strong>et</strong></span> <span class='ocrx_word' id='word_1_149' title='bbox 246 2767 413 2843; x_wconf 81' lang='lat' dir='ltr'><strong>argentum</strong></span> <span class='ocrx_word' id='word_1_150' title='bbox 425 2766 609 2842; x_wconf 80' lang='lat' dir='ltr'><strong>ceeteraeque</strong></span> <span class='ocrx_word' id='word_1_151' title='bbox 618 2754 756 2819; x_wconf 63' lang='lat' dir='ltr'><strong>materiae</strong></span> <span class='ocrx_word' id='word_1_152' title='bbox 769 2752 852 2819; x_wconf 86' lang='lat' dir='ltr'><strong>unde</strong></span> <span class='ocrx_word' id='word_1_153' title='bbox 864 2748 1106 2817; x_wconf 78' lang='lat' dir='ltr'><strong>tubernaculum</strong></span> 
     </span>
     <span class='ocr_line' id='line_1_21' title="bbox 70 2859 1107 2950; baseline -0.005 -22"><span class='ocrx_word' id='word_1_154' title='bbox 70 2873 298 2928; x_wconf 84' lang='lat' dir='ltr'><strong>constructum</strong></span> <span class='ocrx_word' id='word_1_155' title='bbox 315 2875 376 2938; x_wconf 87' lang='lat' dir='ltr'><strong>est,</strong></span> <span class='ocrx_word' id='word_1_156' title='bbox 392 2876 515 2929; x_wconf 83' lang='lat' dir='ltr'><strong>constat</strong></span> <span class='ocrx_word' id='word_1_157' title='bbox 531 2863 570 2928; x_wconf 87' lang='lat' dir='ltr'><strong>do</strong></span> <span class='ocrx_word' id='word_1_158' title='bbox 582 2864 704 2929; x_wconf 86' lang='lat' dir='ltr'><strong>scriniis</strong></span> <span class='ocrx_word' id='word_1_159' title='bbox 719 2877 751 2928; x_wconf 87' lang='lat' dir='ltr'><strong>et</strong></span> <span class='ocrx_word' id='word_1_160' title='bbox 765 2862 988 2950; x_wconf 80' lang='lat' dir='ltr'><strong>promptuariis</strong></span> <span class='ocrx_word' id='word_1_161' title='bbox 1003 2859 1107 2924; x_wconf 87' lang='lat' dir='ltr'><strong>unius·</strong></span> 
     </span>
     <span class='ocr_line' id='line_1_22' title="bbox 2 2964 1108 3061; baseline -0.001 -24"><span class='ocrx_word' id='word_1_162' title='bbox 2 2964 8 2976; x_wconf 51' lang='lat'>⁸</span> <span class='ocrx_word' id='word_1_163' title='bbox 70 2974 236 3060; x_wconf 80' lang='lat' dir='ltr'><strong>cujusque</strong></span> <span class='ocrx_word' id='word_1_164' title='bbox 248 2970 418 3059; x_wconf 77' lang='lat' dir='ltr'><strong>prolatum.</strong></span> <span class='ocrx_word' id='word_1_165' title='bbox 431 2971 607 3061; x_wconf 82' lang='lat' dir='ltr'><strong>Spirituuiie</strong></span> <span class='ocrx_word' id='word_1_166' title='bbox 620 2986 726 3038; x_wconf 85' lang='lat' dir='ltr'><strong>nutem</strong></span> <span class='ocrx_word' id='word_1_167' title='bbox 738 2972 787 3036; x_wconf 87' lang='lat' dir='ltr'><strong>iex</strong></span> <span class='ocrx_word' id='word_1_168' title='bbox 800 2993 914 3036; x_wconf 87' lang='lat' dir='ltr'><strong>nurum</strong></span> <span class='ocrx_word' id='word_1_169' title='bbox 926 2971 1056 3058; x_wconf 88' lang='lat' dir='ltr'><strong>requirit</strong></span> <span class='ocrx_word' id='word_1_170' title='bbox 1067 2971 1108 3036; x_wconf 83' lang='lat' dir='ltr'><strong>od</strong></span> 
     </span>
     <span class='ocr_line' id='line_1_23' title="bbox 72 3078 1108 3171; baseline -0.002 -27"><span class='ocrx_word' id='word_1_171' title='bbox 72 3078 334 3156; x_wconf 76' lang='lat' dir='ltr'><strong>tabernaculum,</strong></span> <span class='ocrx_word' id='word_1_172' title='bbox 347 3080 433 3169; x_wconf 83' lang='lat' dir='ltr'><strong>quod</strong></span> <span class='ocrx_word' id='word_1_173' title='bbox 444 3082 526 3147; x_wconf 87' lang='lat' dir='ltr'><strong>intro</strong></span> <span class='ocrx_word' id='word_1_174' title='bbox 538 3105 596 3147; x_wconf 80' lang='lat' dir='ltr'><strong>noe</strong></span> <span class='ocrx_word' id='word_1_175' title='bbox 607 3097 667 3155; x_wconf 86' lang='lat' dir='ltr'><strong>est,</strong></span> <span class='ocrx_word' id='word_1_176' title='bbox 681 3093 846 3171; x_wconf 79' lang='lat' dir='ltr'><strong>argentum</strong></span> <span class='ocrx_word' id='word_1_177' title='bbox 859 3079 945 3167; x_wconf 86' lang='lat' dir='ltr'><strong>quod</strong></span> <span class='ocrx_word' id='word_1_178' title='bbox 955 3080 1037 3143; x_wconf 81' lang='lat' dir='ltr'><strong>intro</strong></span> <span class='ocrx_word' id='word_1_179' title='bbox 1050 3101 1108 3144; x_wconf 86' lang='lat' dir='ltr'><strong>nos</strong></span> 
     </span>
     <span class='ocr_line' id='line_1_24' title="bbox 73 3188 1108 3279; baseline -0.005 -23"><span class='ocrx_word' id='word_1_180' title='bbox 73 3203 131 3266; x_wconf 77' lang='lat' dir='ltr'><strong>ost,</strong></span> <span class='ocrx_word' id='word_1_181' title='bbox 149 3204 184 3256; x_wconf 85' lang='lat' dir='ltr'><strong>et</strong></span> <span class='ocrx_word' id='word_1_182' title='bbox 202 3211 316 3254; x_wconf 87' lang='lat' dir='ltr'><strong>omnes</strong></span> <span class='ocrx_word' id='word_1_183' title='bbox 335 3189 472 3279; x_wconf 82' lang='lat' dir='ltr'><strong>reliques</strong></span> <span class='ocrx_word' id='word_1_184' title='bbox 487 3193 633 3256; x_wconf 80' lang='lat' dir='ltr'><strong>meterius</strong></span> <span class='ocrx_word' id='word_1_185' title='bbox 652 3189 720 3256; x_wconf 83' lang='lat' dir='ltr'><strong>illes</strong></span> <span class='ocrx_word' id='word_1_186' title='bbox 736 3190 864 3278; x_wconf 84' lang='lat' dir='ltr'><strong>deposci</strong></span> <span class='ocrx_word' id='word_1_187' title='bbox 882 3211 959 3275; x_wconf 85' lang='lat' dir='ltr'><strong>ques</strong></span> <span class='ocrx_word' id='word_1_188' title='bbox 977 3200 1010 3252; x_wconf 88' lang='lat' dir='ltr'><strong>et</strong></span> <span class='ocrx_word' id='word_1_189' title='bbox 1027 3188 1108 3252; x_wconf 77' lang='lat' dir='ltr'><strong>intra</strong></span> 
     </span>
     <span class='ocr_line' id='line_1_25' title="bbox 76 3296 1110 3389; baseline -0.006 -23"><span class='ocrx_word' id='word_1_190' title='bbox 76 3325 130 3366; x_wconf 80' lang='lat' dir='ltr'><strong>nos</strong></span> <span class='ocrx_word' id='word_1_191' title='bbox 150 3301 276 3366; x_wconf 82' lang='lat' dir='ltr'><strong>habere</strong></span> <span class='ocrx_word' id='word_1_192' title='bbox 299 3323 480 3389; x_wconf 85' lang='lat' dir='ltr'><strong>possumus,</strong></span> <span class='ocrx_word' id='word_1_193' title='bbox 507 3314 540 3365; x_wconf 89' lang='lat' dir='ltr'><strong>et</strong></span> <span class='ocrx_word' id='word_1_194' title='bbox 562 3300 704 3388; x_wconf 77' lang='lat' dir='ltr'><strong>proferre</strong></span> <span class='ocrx_word' id='word_1_195' title='bbox 728 3301 768 3364; x_wconf 90' lang='lat' dir='ltr'><strong>de</strong></span> <span class='ocrx_word' id='word_1_196' title='bbox 790 3299 891 3364; x_wconf 90' lang='lat' dir='ltr'><strong>nobis.</strong></span> <span class='ocrx_word' id='word_1_197' title='bbox 917 3297 1002 3363; x_wconf 87' lang='lat' dir='ltr'><strong>Dicit</strong></span> <span class='ocrx_word' id='word_1_198' title='bbox 1023 3296 1110 3361; x_wconf 90' lang='lat' dir='ltr'><strong>enim</strong></span> 
     </span>
     <span class='ocr_line' id='line_1_26' title="bbox 81 3405 1112 3502; baseline -0.004 -29"><span class='ocrx_word' id='word_1_199' title='bbox 81 3409 255 3498; x_wconf 73' lang='lat' dir='ltr'><strong>Scriptum,</strong></span> <span class='ocrx_word' id='word_1_200' title='bbox 274 3409 346 3497; x_wconf 85' lang='lat' dir='ltr'><strong>quio</strong></span> <span class='ocrx_word' id='word_1_201' title='bbox 364 3432 491 3498; x_wconf 66' lang='lat' dir='ltr'><strong>:prope</strong></span> <span class='ocrx_word' id='word_1_202' title='bbox 505 3420 553 3475; x_wconf 85' lang='lat' dir='ltr'><strong>est</strong></span> <span class='ocrx_word' id='word_1_203' title='bbox 564 3412 696 3502; x_wconf 74' lang='lat' dir='ltr'><strong>veritum</strong></span> <span class='ocrx_word' id='word_1_204' title='bbox 711 3410 743 3474; x_wconf 93' lang='lat' dir='ltr'><strong>in</strong></span> <span class='ocrx_word' id='word_1_205' title='bbox 755 3429 810 3476; x_wconf 90' lang='lat' dir='ltr'><strong>ore</strong></span> <span class='ocrx_word' id='word_1_206' title='bbox 827 3419 895 3480; x_wconf 87' lang='lat' dir='ltr'><strong>tuo,</strong></span> <span class='ocrx_word' id='word_1_207' title='bbox 908 3405 980 3493; x_wconf 87' lang='lat' dir='ltr'><strong>quio</strong></span> <span class='ocrx_word' id='word_1_208' title='bbox 999 3405 1024 3469; x_wconf 92' lang='lat' dir='ltr'><strong>si</strong></span> <span class='ocrx_word' id='word_1_209' title='bbox 1036 3426 1112 3471; x_wconf 89' lang='lat' dir='ltr'><strong>con-</strong></span> 
     </span>
     <span class='ocr_line' id='line_1_27' title="bbox 88 3514 1110 3591; baseline -0.003 -9"><span class='ocrx_word' id='word_1_210' title='bbox 88 3543 100 3574; x_wconf 79' lang='lat'><strong>»</strong></span> <span class='ocrx_word' id='word_1_211' title='bbox 116 3516 204 3582; x_wconf 68' lang='grc' dir='ltr'><strong>[ωας</strong></span> <span class='ocrx_word' id='word_1_212' title='bbox 216 3518 315 3584; x_wconf 79' lang='lat' dir='ltr'><strong>fueris</strong></span> <span class='ocrx_word' id='word_1_213' title='bbox 332 3519 364 3584; x_wconf 91' lang='lat' dir='ltr'><strong>in</strong></span> <span class='ocrx_word' id='word_1_214' title='bbox 376 3541 431 3582; x_wconf 90' lang='lat' dir='ltr'><strong>ore</strong></span> <span class='ocrx_word' id='word_1_215' title='bbox 447 3531 503 3582; x_wconf 91' lang='lat' dir='ltr'><strong>tuo</strong></span> <span class='ocrx_word' id='word_1_216' title='bbox 519 3517 692 3583; x_wconf 86' lang='lat' dir='ltr'><strong>Dominum</strong></span> <span class='ocrx_word' id='word_1_217' title='bbox 707 3517 876 3591; x_wconf 70' lang='lat' dir='ltr'><strong>desumet</strong></span> <span class='ocrx_word' id='word_1_218' title='bbox 889 3514 1063 3581; x_wconf 85' lang='lat' dir='ltr'><strong>credideris</strong></span> <span class='ocrx_word' id='word_1_219' title='bbox 1077 3515 1110 3580; x_wconf 90' lang='lat' dir='ltr'><strong>in</strong></span> 
     </span>
     <span class='ocr_line' id='line_1_28' title="bbox 84 3619 1110 3713; baseline -0.004 -23"><span class='ocrx_word' id='word_1_220' title='bbox 84 3627 201 3692; x_wconf 73' lang='lat' dir='ltr'><strong>»corde</strong></span> <span class='ocrx_word' id='word_1_221' title='bbox 216 3640 288 3702; x_wconf 91' lang='lat' dir='ltr'><strong>tuo,</strong></span> <span class='ocrx_word' id='word_1_222' title='bbox 313 3626 401 3713; x_wconf 93' lang='lat' dir='ltr'><strong>quod</strong></span> <span class='ocrx_word' id='word_1_223' title='bbox 416 3627 501 3691; x_wconf 88' lang='lat' dir='ltr'><strong>Deus</strong></span> <span class='ocrx_word' id='word_1_224' title='bbox 517 3625 606 3691; x_wconf 89' lang='lat' dir='ltr'><strong>ilium</strong></span> <span class='ocrx_word' id='word_1_225' title='bbox 625 3625 788 3690; x_wconf 78' lang='lat' dir='ltr'><strong>suscitarit</strong></span> <span class='ocrx_word' id='word_1_226' title='bbox 804 3649 821 3690; x_wconf 84' lang='lat' dir='ltr'><strong>o</strong></span> <span class='ocrx_word' id='word_1_227' title='bbox 844 3621 990 3697; x_wconf 85' lang='lat' dir='ltr'><strong>mortuis,</strong></span> <span class='ocrx_word' id='word_1_228' title='bbox 1007 3619 1110 3688; x_wconf 74' lang='lat' dir='ltr'><strong>salvus</strong></span> 
     </span>
     <span class='ocr_line' id='line_1_29' title="bbox 78 3733 1111 3823; baseline 0 -29"><span class='ocrx_word' id='word_1_229' title='bbox 78 3763 90 3794; x_wconf 80' lang='grc' dir='ltr'><strong><em>ι</em></strong></span> <span class='ocrx_word' id='word_1_230' title='bbox 105 3735 165 3798; x_wconf 84' lang='lat' dir='ltr'><strong>oris</strong></span> <span class='ocrx_word' id='word_1_231' title='bbox 175 3733 196 3799; x_wconf 73' lang='lat'><strong>⁵.</strong></span> <span class='ocrx_word' id='word_1_232' title='bbox 213 3765 225 3798; x_wconf 83' lang='lat'><strong>»</strong></span> <span class='ocrx_word' id='word_1_233' title='bbox 240 3735 275 3801; x_wconf 91' lang='lat' dir='ltr'><strong>Si</strong></span> <span class='ocrx_word' id='word_1_234' title='bbox 291 3757 370 3823; x_wconf 85' lang='lat' dir='ltr'><strong>ergo</strong></span> <span class='ocrx_word' id='word_1_235' title='bbox 382 3733 552 3802; x_wconf 82' lang='lat' dir='ltr'><strong>credideris</strong></span> <span class='ocrx_word' id='word_1_236' title='bbox 568 3735 601 3798; x_wconf 93' lang='lat' dir='ltr'><strong>in</strong></span> <span class='ocrx_word' id='word_1_237' title='bbox 616 3734 714 3799; x_wconf 87' lang='lat' dir='ltr'><strong>corde</strong></span> <span class='ocrx_word' id='word_1_238' title='bbox 728 3745 798 3807; x_wconf 86' lang='lat' dir='ltr'><strong>tuo,</strong></span> <span class='ocrx_word' id='word_1_239' title='bbox 812 3755 868 3797; x_wconf 89' lang='lat' dir='ltr'><strong>cor</strong></span> <span class='ocrx_word' id='word_1_240' title='bbox 889 3745 978 3797; x_wconf 91' lang='lat' dir='ltr'><strong>tuum</strong></span> <span class='ocrx_word' id='word_1_241' title='bbox 996 3743 1029 3794; x_wconf 87' lang='lat' dir='ltr'><strong>et</strong></span> <span class='ocrx_word' id='word_1_242' title='bbox 1042 3751 1111 3795; x_wconf 87' lang='lat' dir='ltr'><strong>sen·</strong></span> 
     </span>
    </p>
   </div>
   <div class='ocr_carea' id='block_1_6' title="bbox 108 3869 773 4009">
    <p class='ocr_par' dir='ltr' id='par_1_7' title="bbox 108 3869 773 4009">
     <span class='ocr_line' id='line_1_30' title="bbox 109 3869 773 3938; baseline -0.002 -19"><span class='ocrx_word' id='word_1_243' title='bbox 109 3871 203 3920; x_wconf 82' lang='lat' dir='ltr'><strong>¹Totn.</strong></span> <span class='ocrx_word' id='word_1_244' title='bbox 218 3873 297 3938; x_wconf 89' lang='lat' dir='ltr'><strong>ii‚p.</strong></span> <span class='ocrx_word' id='word_1_245' title='bbox 314 3873 357 3937; x_wconf 84' lang='lat'><strong>¹7⁵</strong></span> <span class='ocrx_word' id='word_1_246' title='bbox 369 3881 396 3921; x_wconf 88' lang='lat' dir='ltr'><strong>et</strong></span> <span class='ocrx_word' id='word_1_247' title='bbox 407 3889 479 3937; x_wconf 86' lang='lat' dir='ltr'><strong>seqq.</strong></span> <span class='ocrx_word' id='word_1_248' title='bbox 494 3869 591 3920; x_wconf 83' lang='lat' dir='ltr'><strong>—²N.</strong></span> <span class='ocrx_word' id='word_1_249' title='bbox 611 3870 735 3920; x_wconf 80' lang='lat' dir='ltr'><strong>t.-¹N.</strong></span> <span class='ocrx_word' id='word_1_250' title='bbox 752 3886 773 3918; x_wconf 65' lang='grc' dir='ltr'><strong>π.</strong></span> 
     </span>
     <span class='ocr_line' id='line_1_31' title="bbox 108 3943 597 4009; baseline 0.002 -18"><span class='ocrx_word' id='word_1_251' title='bbox 108 3943 208 3994; x_wconf 65' lang='lat' dir='ltr'><strong>tutet.</strong></span> <span class='ocrx_word' id='word_1_252' title='bbox 222 3963 300 4006; x_wconf 81' lang='lat' dir='ltr'><strong>nu,</strong></span> <span class='ocrx_word' id='word_1_253' title='bbox 313 3946 337 4004; x_wconf 68' lang='lat' dir='ltr'><strong>d.</strong></span> <span class='ocrx_word' id='word_1_254' title='bbox 349 3971 378 3981; x_wconf 93' lang='lat'><strong>·-</strong></span> <span class='ocrx_word' id='word_1_255' title='bbox 391 3944 400 3976; x_wconf 80' lang='lat'><strong>⁵</strong></span> <span class='ocrx_word' id='word_1_256' title='bbox 415 3945 488 3993; x_wconf 77' lang='lat' dir='ltr'><strong>lione.-</strong></span> <span class='ocrx_word' id='word_1_257' title='bbox 501 3943 560 4004; x_wconf 80' lang='lat'>1,8,</span> <span class='ocrx_word' id='word_1_258' title='bbox 574 3961 597 4009; x_wconf 81' lang='lat'><strong>9.</strong></span> 
     </span>
    </p>
   </div>
   <div class='ocr_carea' id='block_1_7' title="bbox 0 0 1374 4610">
    <p class='ocr_par' dir='ltr' id='par_1_8' title="bbox 0 0 1374 4610">
     <span class='ocr_line' id='line_1_32' title="bbox 0 0 1374 4610; baseline 0 0"><span class='ocrx_word' id='word_1_259' title='bbox 0 0 1374 4610; x_wconf 95' lang='lat' dir='ltr'><strong> </strong></span> 
     </span>
    </p>
   </div>
   <div class='ocr_carea' id='block_1_8' title="bbox 1341 2157 1359 4333">
    <p class='ocr_par' dir='ltr' id='par_1_9' title="bbox 1341 2157 1359 4333">
     <span class='ocr_line' id='line_1_33' title="bbox 1341 2157 1359 4333; baseline 0 0"><span class='ocrx_word' id='word_1_260' title='bbox 1341 2157 1359 4333; x_wconf 95' lang='lat' dir='ltr'><strong> </strong></span> 
     </span>
    </p>
   </div>
  </div>
 </body>
</html>
