2682 4594
192 217 253 280 arti
633 237 776 286 timasius

188 496 1224 532 ΜΜΜΜΜΜΜΜΜΜἌΜΜῊΜΜΜᾺ

494 737 692 816 HOMILIA
717 736 879 812 TERTIA
893 738 918 808 ¹,

214 1016 256 1072 De
269 1011 376 1073 eodem
393 1012 527 1091 psalmo,
545 1011 582 1070 ab
599 1009 650 1070 illa
664 1023 767 1091 parta,
787 1035 799 1064 ι
814 1008 955 1070 Gladium
970 1013 1211 1090 evaginaverunt

587 1119 796 1192 »peccatores
815 1133 828 1165 ι

234 1335 259 1401 l.
269 1335 446 1402 Surumoan
455 1344 594 1400 tractatu
607 1332 943 1422 dicebamusquaedam
952 1335 991 1400 de
1001 1333 1231 1425 gladloetarou
1329 1371 1330 1380 ι

191 1455 418 1532 peccatorum,
435 1449 468 1507 et
481 1441 578 1508 armis
592 1441 671 1528 Dei,
685 1452 718 1507 et
732 1441 806 1528 quia
823 1465 935 1508 omnes
953 1441 1101 1510 homines
1120 1447 1231 1512 armati
1325 1525 1330 1536 .

191 1564 265 1617 sunt
287 1573 295 1615 ι
321 1563 354 1616 et
375 1549 461 1638 quod
484 1550 621 1615 diximus
642 1571 751 1614 omnes
774 1548 945 1626 homines,
968 1573 1055 1618 nunc
1083 1552 1232 1641 adjiciam

194 1658 284 1748 quod
299 1658 398 1727 deluit
413 1657 649 1745 superioribus,
663 1656 697 1722 id
712 1667 776 1732 oet,
785 1657 818 1722 hi
830 1659 1004 1746 omnesqui
1019 1681 1155 1748 peocme
1170 1663 1234 1750 jam

195 1777 345 1856 possunt,
362 1763 411 1831 vel
430 1765 618 1835 abstineres
632 1765 780 1853 pascuis.
799 1763 938 1830 Infantes
952 1766 1040 1836 euim
1055 1789 1162 1857 neque
1177 1769 1232 1834 Dei

199 1897 286 1940 arma
301 1884 439 1954 tractare
457 1881 606 1960 possunt,
623 1893 726 1958 neque
749 1894 836 1942 arma
855 1870 983 1938 diaboli.
1002 1874 1035 1946 Si
1054 1875 1108 1962 qui
1128 1887 1232 1941 autem
1329 1859 1330 1882 ¹

198 1983 230 2047 in
247 1981 344 2047 verbo
358 1992 393 2046 et
408 1991 481 2046 actu
495 1992 527 2044 et
539 1979 728 2068 cogitatione
742 1990 875 2066 possunt
889 1981 955 2069 jam
966 1981 1049 2048 seire
1065 1983 1146 2070 quod
1162 2003 1230 2047 vee-

199 2104 267 2156 tum
285 2102 334 2156 est
347 2101 380 2156 et
395 2090 493 2156 vitare
508 2088 594 2175 quod
607 2089 804 2155 contrarium
815 2099 881 2164 est,
896 2089 955 2178 ipsi
969 2103 1044 2156 sunt
1055 2092 1104 2179 qui
1115 2091 1226 2158 dicun-

198 2213 251 2264 tur
262 2219 371 2264 omnes
380 2197 497 2264 hebere
511 2220 598 2264 arma
610 2245 618 2272 ,
631 2208 663 2262 et
675 2196 840 2284 siquidem
852 2210 1009 2286 peccam,
1020 2197 1137 2265 diaboli
1148 2223 1235 2266 arma

198 2306 319 2372 habent
333 2317 365 2369 et
376 2305 547 2393 iniquitatis
562 2328 570 2368 ε
589 2305 614 2370 si
630 2327 704 2370 vero
716 2315 802 2370 reete
814 2318 927 2393 agunt,
945 2306 1040 2376 armis
1052 2307 1110 2372 Dei
1127 2309 1231 2374 dieen-

200 2428 252 2480 tur
262 2414 376 2480 induti.
393 2413 489 2494 Quod
500 2437 576 2502 ergo
590 2407 668 2478 dixit
684 2435 692 2477 ε
713 2410 891 2478 «Gladium
903 2416 1151 2504 evaginaverunt
1161 2441 1238 2506 pec—

202 2535 364 2599 aratores,
381 2522 585 2587 tetenderunt
600 2543 709 2586 areum
722 2543 814 2587 suum
824 2519 856 2594 ²,
872 2519 1096 2610 »explanantes
1109 2525 1243 2594 diceba·
1329 2567 1330 2588 ι

203 2654 274 2696 mus
293 2629 470 2701 seeundum
486 2625 674 2716 Apostolum
690 2627 744 2715 qui
757 2627 835 2695 dixit
851 2631 1045 2696 econtrariis
1063 2656 1071 2696 :
1090 2660 1103 2693 ι
1120 2635 1161 2698 Et
1175 2633 1245 2723 gla-

204 2740 314 2806 ndium
329 2737 455 2826 spiritus
474 2733 563 2824 quod
577 2748 624 2800 est
639 2735 772 2806 verbum
791 2734 917 2812 uait„
939 2738 1013 2825 quia
1034 2753 1245 2827 peecatorum
1329 2815 1330 2828 χ

204 2845 325 2935 gladius
339 2855 422 2912 esset
436 2843 563 2932 spiritus
578 2842 677 2930 quiin
692 2843 766 2930 ipsis
776 2854 824 2908 est
838 2861 994 2931 nequam,
1010 2847 1133 2934 quiens
1150 2849 1248 2939 inspi-

202 2963 251 3016 rat
262 2949 302 3015 ad
311 2949 405 3014 verba
417 2944 620 3036 blasphemiae
634 2959 666 3018 et
677 2946 849 3035 iniquitatis
863 2959 897 3012 et
909 2949 1125 3037 turpitudinis.
1145 2953 1247 3022 Ver-hi

205 3080 316 3133 causa,
338 3058 363 3121 si
386 3055 491 3122 videas
516 3054 655 3121 Gentiles
679 3055 845 3121 adversum
868 3078 901 3120 se
921 3055 954 3123 in
974 3055 1249 3149 disputationibus
1329 3093 1330 3142 ι

204 3165 410 3238 dimicantes,
427 3175 459 3228 et
468 3162 605 3229 diversas
620 3175 733 3228 eontra
745 3185 777 3228 se
789 3162 927 3228 invicem
938 3163 1118 3252 impietates
1131 3169 1252 3240 dialec·
1329 3165 1330 3182 ³

204 3274 274 3339 ticae
290 3271 364 3336 artis
375 3271 518 3337 versutiis
537 3281 729 3346 astruentes,
746 3281 837 3359 potes
849 3281 927 3336 tunc
939 3269 1046 3338 dicere
1058 3291 1254 3366 compoten.

204 3395 265 3457 ter,
281 3381 354 3469 quia
370 3377 509 3468 gladium
525 3379 769 3468 evaginaverunt
784 3373 977 3467 peccatores.
996 3380 1062 3448 sod
1076 3397 1185 3476 etego
1196 3390 1254 3476 qui

205 3492 294 3557 dicor
308 3485 426 3563 fidelis,
440 3487 465 3552 si
481 3485 561 3552 forte
581 3499 742 3553 certamen
757 3486 835 3552 mihi
854 3487 894 3552 sit
909 3511 984 3554 oum
1000 3488 1128 3578 aliquo,
1151 3509 1189 3561 et
1210 3497 1255 3566 ad

203 3595 399 3670 iracundiam
425 3606 637 3683 provocatus¹
663 3595 786 3687 abjecta
809 3596 1054 3667 mausuetudine
1081 3602 1254 3690 proferam

238 3741 328 3791 1Τιιιιι.
342 3755 379 3798 ιι,
392 3745 463 3803 pagg.
478 3735 546 3788 663-
558 3739 619 3805 670.

236 3828 341 3891 lPsalm.
351 3841 433 3882 axxvr
445 3862 452 3887 ‚
466 3833 506 3883 rt.
518 3853 550 3862 —
562 3827 571 3862 Ι
583 3824 670 3888 Ephes.
681 3840 722 3888 vr,
736 3839 776 3897 ap.
