2660 4610
213 282 277 358 458
663 297 811 349 unlnms'

213 422 406 498 infunditur,
423 449 487 513 quo
502 427 601 513 magis
617 449 724 491 merus
739 437 787 490 est
803 427 869 491 dies
880 437 913 490 et
927 425 1038 514 purior
1052 435 1088 490 et
1103 423 1256 488 llornlen-

213 531 275 595 tior
288 542 336 593 est
354 529 417 594 lux.
438 559 451 592 r
469 533 579 608 Tunc,
597 532 709 620 inquit,
727 534 885 598 annuncia
900 533 978 597 mihi
991 582 1000 607 ,
1014 555 1036 596 o
1054 543 1091 595 tu
1105 537 1204 618 quem
1219 531 1259 595 di·

215 635 311 702 »lexit
323 626 426 703 anima
442 642 530 705 mea!
550 641 603 704 ubi
619 641 740 728 pascis,
753 642 808 704 ubi
822 639 927 706 cubile
943 639 1043 705 babes
1060 641 1097 703 in
1110 639 1257 712 meridie,

214 767 277 808 »ne
299 745 380 809 sorte
402 746 521 810 efficiar
543 758 577 809 ut
593 747 743 834 adoperta
766 771 862 836 super
882 770 993 836 greges
1012 745 1182 812 sodalium
1200 759 1258 836 tuo·

216 850 368 916 »rum¹.»
389 852 476 916 Novo
500 875 587 918 nunc
608 854 737 917 nomine
757 877 871 942 sponsa
894 851 1068 941 appellavit
1097 875 1253 940 sponsum.

216 959 326 1023 Sciens
341 959 427 1024 euim
450 961 553 1048 ipsum
572 983 640 1024 esse
660 960 763 1046 lilium
779 961 960 1036 charitatis,
977 962 1047 1025 imo
1069 961 1181 1048 ipsum
1200 983 1255 1024 esse

217 1062 402 1128 charitatem
422 1087 491 1150 quae
505 1087 544 1130 ex
560 1065 629 1129 Deo
643 1077 711 1140 ost,
732 1065 821 1151 quasi
837 1064 1033 1130 vocabulum
1052 1065 1084 1128 ci
1111 1065 1196 1128 istud
1212 1087 1255 1152 po-

215 1169 296 1233 enit:
321 1197 333 1228 r
352 1170 458 1249 Quem
481 1169 589 1235 dilexit
612 1173 716 1236 anima
737 1195 820 1236 mea.
846 1173 919 1236 »Et
937 1183 1052 1236 tamen
1078 1194 1150 1236 non
1167 1172 1253 1244 dixit,

216 1298 312 1362 quem
330 1275 442 1352 dilexi,
460 1277 516 1342 sed
531 1299 625 1364 quem
639 1275 747 1342 dilexit
761 1278 865 1344 anima
880 1301 971 1342 mea:
987 1279 1102 1343 sciens
1121 1302 1184 1342 non
1195 1302 1254 1365 qus-

216 1382 376 1470 licumque
392 1383 578 1460 dilectione,
591 1385 647 1448 sed
657 1408 696 1448 ex
707 1397 774 1450 tota
785 1387 908 1460 anima,
924 1397 957 1450 et
974 1409 1014 1449 ex
1034 1387 1116 1450 totis
1131 1387 1251 1460 viribus,

184 1484 187 1490 ¹
216 1503 249 1556 ct
268 1514 308 1556 ex
328 1491 507 1558 totocorde
526 1492 705 1558 habendam
724 1515 792 1557 esse
808 1491 1012 1557 dilectionem
1032 1496 1158 1580 sponsi.
1180 1493 1251 1557 :tbi

218 1599 361 1687 »pascis,
377 1598 512 1688 (iuquit)
527 1610 559 1663 et
572 1599 626 1663 ubi
638 1597 744 1664 cubile
755 1599 862 1664 habes.
877 1626 889 1658 ι
905 1599 989 1664 Puto
1006 1612 1127 1665 autem
1140 1601 1251 1686 qnodet

217 1707 372 1797 propheta
390 1706 430 1771 de
444 1705 507 1772 hoc
530 1705 602 1771 loco
624 1704 719 1793 quem
740 1729 828 1772 nnnc
850 1729 963 1796 sponsa
986 1707 1122 1772 discere
1143 1709 1249 1796 abipso

218 1838 334 1904 sponso
350 1815 525 1890 desiderat,
545 1825 577 1876 et
591 1813 702 1880 audire
716 1863 725 1889 ,
739 1815 833 1880 etiam
851 1815 917 1901 ipse
933 1815 995 1879 sub
1011 1816 1135 1880 eodem
1147 1817 1243 1903 positus

218 1933 345 2010 pastore
358 1921 442 1986 dicat
459 1944 468 1985 t
489 1947 501 1982 s
519 1921 675 1986 Dominus
693 1923 773 2009 regit
788 1943 859 1997 me,
876 1921 1047 2006 »(sire.ut
1066 1925 1098 1988 in
1114 1921 1237 2008 aliislegi

219 2051 290 2094 mus
305 2029 498 2092 :eliominus
513 2028 614 2116 pascit
629 2031 693 2117 me)
707 2078 716 2104 ,
729 2041 762 2092 et
777 2027 854 2093 nihil
871 2028 949 2093 mihi
961 2029 1105 2094 deerit².
1118 2032 1236 2114 »Elquo-

220 2136 305 2200 niam
328 2136 446 2200 sciebat
469 2135 545 2201 alios
569 2149 709 2223 pastores
732 2134 780 2201 vol
805 2136 944 2224 ignavia,
969 2135 1022 2202 rel
1050 2139 1197 2225 imperitia
1211 2135 1245 2199 la·

220 2245 322 2309 ciente
340 2267 449 2331 greges
465 2244 498 2307 in
513 2242 590 2308 locis
607 2243 794 2308 aridioribus
811 2241 988 2318 collocare,
1007 2244 1052 2308 de
1070 2244 1134 2310 boc
1149 2245 1246 2332 optimc

219 2357 344 2436 pastore
360 2347 497 2412 Domino
510 2347 606 2412 dixit:
623 2372 636 2405 ε
649 2348 686 2411 ln
698 2345 769 2411 loco
783 2347 872 2411 viridi
884 2347 927 2412 ibi
940 2367 993 2410 me
1006 2345 1190 2413 collocarit.
1208 2347 1254 2410 se

221 2478 300 2542 »per
312 2477 426 2541 nquam
439 2453 618 2518 resectionis
630 2453 776 2518 educarit
788 2452 879 2528 me⁸,
893 2479 906 2511 ι
921 2453 1100 2518 ostendeus
1112 2466 1257 2542 pastorem

220 2563 308 2628 huuc
322 2587 386 2627 non
402 2561 504 2626 solum
517 2561 714 2625 abundantes
730 2585 826 2648 aquas
838 2560 949 2626 ovibus
962 2563 1053 2636 suis,
1072 2563 1176 2626 sedet
1191 2559 1260 2625 saln-

219 2673 336 2737 breset
354 2693 466 2758 puras,
491 2680 523 2733 et
544 2691 614 2755 quse
629 2691 685 2754 per
706 2669 812 2734 omnia
836 2667 982 2733 reficiant
1001 2670 1191 2756 providere.
1208 2665 1263 2734 sed

221 2779 419 2867 quoniamab
438 2777 499 2840 hoc
511 2787 593 2840 statu
606 2797 669 2860 qno
686 2775 793 2839 uteris
810 2776 868 2839 sub
885 2787 1011 2862 pastore
1023 2775 1182 2862 degerat,
1198 2797 1264 2839 con

221 2908 327 2950 versus
343 2885 383 2950 ad
409 2879 605 2947 rationabilia
624 2893 656 2946 et
677 2879 807 2947 celsiora
823 2881 982 2970 proiecit,
1006 2881 1108 2968 idque
1137 2883 1266 2968 adeptus

220 3003 267 3055 est
283 3013 338 3079 per
354 2989 615 3062 conversionem,
632 2988 795 3076 subjungit
809 3000 841 3052 et
857 2988 933 3052 dicit
944 3010 952 3050 ε
963 2987 1144 3053 «Animam
1162 3011 1262 3054 meam

222 3098 408 3162 »convertit
429 3096 605 3161 Eduxitme
616 3117 712 3180 super
723 3095 848 3159 semitas
861 3095 986 3180 justitiae
998 3109 1138 3183 propter
1152 3119 1267 3161 nomen

223 3204 368 3270 »suum⁴.
390 3203 500 3268 »Hine
525 3225 599 3268 vero
618 3200 875 3289 quandoquidem
893 3202 926 3266 in
946 3201 1009 3266 hoe
1030 3203 1267 3289 prosecentur
1321 3233 1322 3262 r

222 3312 351 3398 justitiae
362 3313 523 3379 incederet
541 3312 621 3386 vies,
637 3311 757 3398 justitia
773 3322 879 3376 autem
895 3311 993 3375 hebet
1005 3312 1076 3376 sine
1092 3313 1195 3378 dubio
1212 3315 1269 3378 im·
1321 3351 1322 3374 t

222 3432 414 3508 pugnantem
438 3443 470 3484 se
492 3418 695 3506 injustitiam,
712 3430 745 3481 et
766 3439 894 3482 necesse
909 3430 957 3482 est
972 3441 1048 3482 eum
1065 3421 1121 3505 qui
1140 3422 1266 3507 justitia

220 3527 280 3590 iter
296 3523 413 3590 incedit
424 3527 543 3590 habere
557 3547 677 3614 pugnus
694 3525 950 3618 adversantium,
970 3523 1033 3588 lide
1048 3548 1227 3591 conversus
1238 3539 1268 3590 et
1321 3533 1322 3568 ³

220 3655 276 3720 spe
288 3631 365 3696 dicit
379 3633 418 3696 de
430 3633 474 3696 eis
487 3657 494 3696 :
507 3660 518 3692 e
532 3635 555 3697 N
561 3655 611 3697 nm
624 3643 655 3695 et
667 3631 691 3696 si
703 3629 864 3697 ambulem
878 3632 909 3694 in
923 3631 1029 3696 medio
1045 3635 1172 3698 umbrae
1182 3657 1266 3698 mor
1320 3625 1322 3674 l

222 3740 303 3814 rtis,
322 3761 385 3803 non
401 3739 520 3803 timebo
534 3739 634 3813 mula,
652 3738 803 3825 quoniam
819 3750 854 3801 tu
866 3761 993 3803 mecum
1005 3762 1038 3803 cs
1050 3738 1072 3804 ⁶.
1087 3766 1099 3798 ι
1113 3741 1266 3806 Posthac

279 3881 575 3949 Cunt.1,7.-—²Psnlm.
590 3901 662 3948 xxu,
677 3881 841 3936 1.·-⁸1bid.
856 3881 1025 3938 2.-⁴1bid.
1041 3891 1062 3935 3.
1082 3915 1089 3922 -
1119 3885 1207 3939 ‘leid
1221 3894 1247 3950 4.
