2748 4596
233 312 276 376 52
459 305 462 312 ’
682 333 823 376 erramus

231 477 355 523 rorum.
382 456 415 520 Si
439 455 523 518 enim
552 463 637 533 recte
660 454 870 543 intelligamus
901 455 1048 520 lsraelem
1074 457 1136 521 dici
1158 469 1269 522 mente

234 565 338 628 Deum
353 563 533 637 videntem,
550 562 723 626 rectissime
737 562 799 628 hoc
814 563 855 628 de
867 564 1017 628 ministris
1030 561 1157 651 Angelis
1168 565 1268 651 magis

233 671 369 744 dicitur,
386 669 560 734 secundum
575 668 701 733 Domini
718 671 920 743 sententiam,
938 669 1075 738 dicentis,
1086 671 1126 735 de
1137 670 1267 735 infanti-

233 780 311 853 bus,
323 778 410 865 quod
421 789 453 840 et
469 787 502 840 tu
515 776 599 839 luisti
616 774 719 841 inians
741 777 772 840 in
789 778 965 864 baptismo,
982 777 1052 863 quia
1070 775 1203 864 «Angeli
1217 800 1271 841 co-

238 908 330 949 urum
343 891 467 971 semper
480 883 589 948 vident
603 883 715 947 faciem
731 883 831 948 Patris
847 884 909 948 mei
929 885 983 971 qui
999 884 1031 947 in
1048 881 1134 948 coelis
1152 883 1231 948 est¹.
1249 914 1263 946 ι
1368 865 1370 876 ⁴

241 994 357 1057 Coram
369 991 434 1054 istis
447 990 543 1078 igitur
560 988 630 1054 filiis
648 989 762 1065 lsrael,
778 991 831 1077 qui
848 991 981 1055 aderant
996 989 1050 1054 illo
1061 991 1093 1054 in
1104 1003 1269 1079 tempore,
1369 1003 1370 1064 ξ

235 1124 309 1166 cum
325 1098 381 1162 tibi
398 1097 471 1162 lidei
494 1108 691 1162 sacramenta
713 1096 940 1172 tradebantur,
958 1097 1138 1162 videntibus
1157 1098 1270 1163 faciem

235 1208 313 1280 Dei,
330 1206 422 1270 ‚lesus
437 1205 469 1268 in
486 1205 581 1269 corde
603 1216 657 1268 tuo
677 1205 961 1270 Deuteronomium
978 1205 1111 1293 scripsit.
1133 1205 1189 1272 Vis
1212 1205 1271 1271 tibi
1369 1265 1370 1272 ,

237 1313 342 1380 adhuc
353 1312 527 1377 evidentius
543 1311 612 1375 haec
628 1310 667 1374 de
683 1311 852 1398 Scripturis
868 1312 982 1393 sanctis
994 1315 1164 1399 probemus
1176 1362 1185 1388 ,
1197 1314 1271 1399 quia

236 1443 343 1486 coram
359 1416 430 1483 filiis
442 1416 537 1482 lsrael
544 1418 660 1504 Legem
668 1418 840 1482 secundam
853 1403 1069 1484 scribat-lesus
1078 1420 1092 1482 i
1101 1419 1272 1508 Apostolus

234 1529 274 1593 ad
289 1529 439 1593 Hebraeos
465 1525 631 1590 manifeste
654 1525 814 1612 designat,
842 1519 970 1590 dicens:
992 1527 1091 1593 «Non
1113 1529 1200 1592 enim
1216 1551 1273 1592 ac-

233 1635 390 1700 »cessistis
406 1633 445 1697 ad
461 1655 574 1696 sonum
592 1631 697 1707 tubae,
714 1645 747 1696 et
769 1633 809 1697 ad
837 1646 980 1697 montem
1005 1634 1187 1709 ardentem,
1214 1635 1272 1699 sed

232 1741 427 1806 »accessistis
456 1739 497 1804 ad
524 1750 667 1802 montem
696 1739 788 1814 Sion,
813 1751 844 1804 et
867 1741 1024 1805 civitatem
1052 1741 1110 1805 Dei
1138 1743 1272 1806 viventis

236 1845 453 1912 »Hierusalem
472 1843 651 1920 caelestem,
668 1857 699 1908 et
710 1844 884 1911 Ecclesiam
899 1847 1132 1935 primitivorum
1151 1849 1268 1936 ascrip-

236 1952 371 2016 »tamin
389 1949 493 2025 coelis,
510 1963 542 2014 et
557 1949 791 2034 multitudinem
811 1952 1002 2041 Angelorum
1021 1953 1273 2020 collaudantium
1369 2007 1370 2010 ,

236 2061 359 2126 »Deum
370 2059 392 2122 ².
410 2087 422 2120 a
437 2059 533 2125 Vides
548 2083 622 2147 ergo
639 2059 711 2145 quia
730 2083 838 2124 coram
858 2062 893 2125 iis
914 2063 1084 2138 omnibus,
1103 2064 1154 2150 qui
1175 2087 1215 2128 ex
1233 2089 1273 2128 eo
1369 2047 1370 2050 Ἴ

233 2168 319 2254 quod
336 2190 460 2254 semper
473 2168 575 2230 Deum
592 2166 699 2230 vident
706 2190 715 2238 ;
736 2179 767 2231 et
784 2169 897 2232 merito
912 2169 969 2233 lilii
993 2168 1090 2236 lsrael
1116 2170 1277 2259 appellau-

234 2286 303 2349 tur,
316 2273 407 2337 lesus
422 2271 525 2360 legem
539 2273 673 2365 suumin
687 2274 835 2338 cordibus
853 2275 1053 2340 credentium
1070 2278 1192 2343 scribit.
1208 2280 1273 2346 Sed

236 2393 370 2448 etnunc
394 2403 451 2468 per
474 2380 541 2445 haec
563 2403 632 2467 quae
660 2378 840 2468 loquimur,
870 2383 962 2447 ‹lesus
986 2385 1275 2452 Deuteronomium

235 2488 344 2553 scribit
365 2486 396 2550 in
420 2509 530 2550 eorum
550 2486 701 2551 cordibus
722 2488 774 2574 qui
798 2489 919 2576 integra
934 2489 1015 2565 lide,
1032 2503 1065 2556 et
1081 2504 1148 2556 toto
1166 2495 1275 2559 animo

235 2614 305 2679 quae
324 2590 473 2653 dicuntur
489 2589 669 2676 accipiunt,
687 2590 740 2676 qui
757 2592 878 2679 integro
895 2595 1022 2670 auditu,
1040 2598 1276 2686 atqueintegro

234 2698 348 2772 corde,
361 2708 393 2762 et
409 2719 473 2762 nou
490 2710 639 2785 corrupto
652 2721 764 2773 sensu,
781 2722 817 2764 ac
833 2703 969 2788 reprobo
985 2703 1070 2768 circa
1082 2703 1198 2780 fidem,
1218 2731 1278 2770 au-

237 2805 328 2869 diunt
341 2815 373 2868 et
385 2804 522 2868 retinent
541 2828 611 2891 quae
623 2805 792 2880 dicuntur,
811 2809 883 2894 quia
903 2831 1032 2873 necesse
1050 2822 1097 2874 est
1113 2811 1274 2877 Deutero-

233 2911 381 2976 nomium
399 2911 431 2974 in
443 2911 570 2998 integris
582 2909 737 2998 lapidibus
754 2914 860 2978 scribi.

276 3017 315 3083 V.
333 3019 408 3084 Post
419 3017 487 3082 brec
504 3018 600 3082 dicit:
620 3045 632 3076 a
648 3021 687 3082 Et
703 3020 821 3096 omnis,
840 3020 953 3108 iuquit,
971 3025 1066 3090 lsrael
1081 3038 1114 3090 et
1134 3031 1278 3116 presby·

234 3124 314 3188 »teri
330 3135 362 3186 et
378 3123 516 3209 judicos,
533 3135 565 3186 et
581 3126 692 3189 scribae
701 3127 920 3213 praecedebant
930 3129 1007 3195 hinc
1017 3144 1049 3195 et
1066 3131 1153 3198 illinc
1166 3131 1278 3202 arcam

133 3243 136 3249 ·
234 3217 449 3294 »Testamenti
472 3232 658 3296 Domiui³.»
682 3233 763 3298 Arca
787 3235 979 3302 Testamenti
1002 3240 1129 3306 Domini
1154 3256 1203 3309 est
1218 3295 1228 3320 ,
1246 3247 1278 3310 in

232 3361 294 3424 qua
310 3335 423 3402 tabulae
435 3338 524 3425 Legis
534 3362 629 3404 manu
642 3339 699 3405 Dei
711 3341 834 3430 scripte
846 3321 1021 3412 sortiatur.
1038 3349 1077 3412 Et
1089 3350 1176 3414 circa
1190 3353 1279 3418 banc

232 3462 339 3508 arcam
354 3441 565 3516 Testamenti,
588 3445 690 3508 omnis
706 3445 759 3531 qui
778 3469 851 3510 rere
873 3449 969 3513 lsrael
990 3463 1059 3526 est,
1078 3453 1223 3528 incedit,
1246 3469 1278 3521 et

233 3571 298 3614 nou
315 3545 467 3636 estlonge
484 3549 522 3613 ab
539 3573 586 3616 ea.
601 3551 720 3616 Levitae
736 3575 809 3617 vero
822 3566 853 3618 et
865 3557 1043 3620 sacerdotes
1055 3559 1151 3622 etiam
1168 3561 1202 3625 in
1218 3561 1280 3626 hu-

231 3652 327 3718 meris
355 3651 418 3715 suis
444 3674 513 3716 eam
541 3665 678 3740 portant.
702 3655 829 3719 Etenim
859 3658 1051 3746 quicumque
1077 3663 1273 3730 sacerdotali

213 3753 380 3845 'religione
406 3766 438 3817 et
469 3755 634 3844 sanctitate
655 3757 786 3833 vivunt,
817 3782 880 3824 nora
899 3760 1002 3826 solum
1027 3763 1046 3827 ii
1070 3764 1122 3851 qui
1146 3765 1270 3831 sedere

262 3902 462 3964 ¹Martinxvrn,
480 3898 927 3972 ro.-²Hebr.xn‚18,19,na,
945 3909 1051 3959 23.-³
1067 3914 1118 3959 Jcs.
1131 3929 1196 3968 rrn,
1211 3913 1260 3964 3&
