<?xml version="1.0" encoding="UTF-8"?>
<!DOCTYPE html PUBLIC "-//W3C//DTD XHTML 1.0 Transitional//EN"
    "http://www.w3.org/TR/xhtml1/DTD/xhtml1-transitional.dtd">
<html xmlns="http://www.w3.org/1999/xhtml" xml:lang="en" lang="en">
 <head>
  <title>
</title>
<meta http-equiv="Content-Type" content="text/html;charset=utf-8" />
  <meta name='ocr-system' content='tesseract 3.04.00' />
  <meta name='ocr-capabilities' content='ocr_page ocr_carea ocr_par ocr_line ocrx_word'/>
</head>
<body>
  <div class='ocr_page' id='page_1' title='image "./collectioselect01guilgoog_0903.png"; bbox 0 0 2604 4614; ppageno 0'>
   <div class='ocr_carea' id='block_1_1' title="bbox 303 119 1113 308">
    <p class='ocr_par' dir='ltr' id='par_1_1' title="bbox 303 119 1113 308">
     <span class='ocr_line' id='line_1_1' title="bbox 698 119 863 162; baseline 0 -35"><span class='ocrx_word' id='word_1_1' title='bbox 698 129 708 162; x_wconf 77' lang='lat'><strong>,</strong></span> <span class='ocrx_word' id='word_1_2' title='bbox 825 125 830 128; x_wconf 82' lang='lat'>.</span> <span class='ocrx_word' id='word_1_3' title='bbox 859 119 863 127; x_wconf 79' lang='lat'><em>.</em></span> 
     </span>
     <span class='ocr_line' id='line_1_2' title="bbox 303 241 1113 308; baseline 0 -3"><span class='ocrx_word' id='word_1_4' title='bbox 303 261 337 305; x_wconf 78' lang='lat' dir='ltr'><strong>rr</strong></span> <span class='ocrx_word' id='word_1_5' title='bbox 360 260 522 306; x_wconf 79' lang='lat' dir='ltr'><strong>esurrccn</strong></span> <span class='ocrx_word' id='word_1_6' title='bbox 544 259 746 308; x_wconf 71' lang='lat' dir='ltr'><strong>esurreouuu</strong></span> <span class='ocrx_word' id='word_1_7' title='bbox 769 263 842 308; x_wconf 81' lang='lat' dir='ltr'><strong>nou.</strong></span> <span class='ocrx_word' id='word_1_8' title='bbox 869 263 891 305; x_wconf 86' lang='lat'><strong>1.</strong></span> <span class='ocrx_word' id='word_1_9' title='bbox 1053 241 1113 306; x_wconf 73' lang='lat'><strong>551</strong></span> 
     </span>
    </p>
   </div>
   <div class='ocr_carea' id='block_1_2' title="bbox 76 378 1118 902">
    <p class='ocr_par' dir='ltr' id='par_1_2' title="bbox 76 378 1118 902">
     <span class='ocr_line' id='line_1_3' title="bbox 76 378 1115 471; baseline -0.004 -24"><span class='ocrx_word' id='word_1_10' title='bbox 76 379 111 447; x_wconf 90' lang='lat' dir='ltr'><strong>id</strong></span> <span class='ocrx_word' id='word_1_11' title='bbox 131 391 228 455; x_wconf 52' lang='lat' dir='ltr'><strong>esta</strong></span> <span class='ocrx_word' id='word_1_12' title='bbox 250 399 345 467; x_wconf 87' lang='lat' dir='ltr'><strong>super</strong></span> <span class='ocrx_word' id='word_1_13' title='bbox 361 391 473 468; x_wconf 88' lang='lat' dir='ltr'><strong>pectus</strong></span> <span class='ocrx_word' id='word_1_14' title='bbox 491 381 560 471; x_wconf 84' lang='lat' dir='ltr'><strong>ojus</strong></span> <span class='ocrx_word' id='word_1_15' title='bbox 577 381 786 457; x_wconf 86' lang='lat' dir='ltr'><strong>recumbens,</strong></span> <span class='ocrx_word' id='word_1_16' title='bbox 808 378 1115 470; x_wconf 79' lang='lat' dir='ltr'><strong>»significanterque</strong></span> 
     </span>
     <span class='ocr_line' id='line_1_4' title="bbox 76 486 1117 577; baseline -0.001 -24"><span class='ocrx_word' id='word_1_17' title='bbox 76 489 117 553; x_wconf 91' lang='lat' dir='ltr'><strong>de</strong></span> <span class='ocrx_word' id='word_1_18' title='bbox 139 487 243 554; x_wconf 79' lang='lat' dir='ltr'><strong>animo</strong></span> <span class='ocrx_word' id='word_1_19' title='bbox 265 509 388 576; x_wconf 82' lang='lat' dir='ltr'><strong>sponsae</strong></span> <span class='ocrx_word' id='word_1_20' title='bbox 414 499 448 554; x_wconf 91' lang='lat' dir='ltr'><strong>et</strong></span> <span class='ocrx_word' id='word_1_21' title='bbox 468 510 614 556; x_wconf 85' lang='lat' dir='ltr'><strong>sermone</strong></span> <span class='ocrx_word' id='word_1_22' title='bbox 635 489 765 566; x_wconf 90' lang='lat' dir='ltr'><strong>dicitur,</strong></span> <span class='ocrx_word' id='word_1_23' title='bbox 782 511 876 577; x_wconf 83' lang='lat' dir='ltr'><strong>super</strong></span> <span class='ocrx_word' id='word_1_24' title='bbox 898 499 1008 577; x_wconf 86' lang='lat' dir='ltr'><strong>peetus</strong></span> <span class='ocrx_word' id='word_1_25' title='bbox 1031 486 1117 552; x_wconf 85' lang='lat' dir='ltr'><strong>illius</strong></span> 
     </span>
     <span class='ocr_line' id='line_1_5' title="bbox 78 595 1116 686; baseline -0.002 -24"><span class='ocrx_word' id='word_1_26' title='bbox 78 597 287 672; x_wconf 74' lang='lat' dir='ltr'><strong>recumbens,</strong></span> <span class='ocrx_word' id='word_1_27' title='bbox 315 596 389 684; x_wconf 80' lang='lat' dir='ltr'><strong>quia</strong></span> <span class='ocrx_word' id='word_1_28' title='bbox 413 597 585 686; x_wconf 74' lang='lat' dir='ltr'><strong>principale</strong></span> <span class='ocrx_word' id='word_1_29' title='bbox 610 597 655 663; x_wconf 92' lang='lat' dir='ltr'><strong>ibi</strong></span> <span class='ocrx_word' id='word_1_30' title='bbox 685 597 789 664; x_wconf 91' lang='lat' dir='ltr'><strong>cordis</strong></span> <span class='ocrx_word' id='word_1_31' title='bbox 816 609 863 662; x_wconf 89' lang='lat' dir='ltr'><strong>est</strong></span> <span class='ocrx_word' id='word_1_32' title='bbox 890 597 999 664; x_wconf 90' lang='lat' dir='ltr'><strong>nostri.</strong></span> <span class='ocrx_word' id='word_1_33' title='bbox 1024 595 1116 663; x_wconf 87' lang='lat' dir='ltr'><strong>Unde</strong></span> 
     </span>
     <span class='ocr_line' id='line_1_6' title="bbox 80 701 1117 794; baseline 0 -24"><span class='ocrx_word' id='word_1_34' title='bbox 80 729 100 770; x_wconf 85' lang='lat' dir='ltr'>a</span> <span class='ocrx_word' id='word_1_35' title='bbox 118 701 294 770; x_wconf 85' lang='lat' dir='ltr'><strong>cernulibus</strong></span> <span class='ocrx_word' id='word_1_36' title='bbox 316 704 501 770; x_wconf 73' lang='lat' dir='ltr'><strong>recedentes</strong></span> <span class='ocrx_word' id='word_1_37' title='bbox 521 703 671 794; x_wconf 73' lang='lat' dir='ltr'><strong>spiritulia</strong></span> <span class='ocrx_word' id='word_1_38' title='bbox 690 705 806 772; x_wconf 88' lang='lat' dir='ltr'><strong>sentire</strong></span> <span class='ocrx_word' id='word_1_39' title='bbox 823 703 996 781; x_wconf 87' lang='lat' dir='ltr'><strong>dehemus,</strong></span> <span class='ocrx_word' id='word_1_40' title='bbox 1017 715 1050 770; x_wconf 91' lang='lat' dir='ltr'><strong>et</strong></span> <span class='ocrx_word' id='word_1_41' title='bbox 1065 703 1117 770; x_wconf 91' lang='lat' dir='ltr'><strong>in-</strong></span> 
     </span>
     <span class='ocr_line' id='line_1_7' title="bbox 79 809 1118 902; baseline -0.001 -24"><span class='ocrx_word' id='word_1_42' title='bbox 79 810 219 901; x_wconf 84' lang='lat' dir='ltr'><strong>telligere</strong></span> <span class='ocrx_word' id='word_1_43' title='bbox 238 809 341 878; x_wconf 85' lang='lat' dir='ltr'><strong>multo</strong></span> <span class='ocrx_word' id='word_1_44' title='bbox 356 810 468 879; x_wconf 84' lang='lat' dir='ltr'><strong>melius</strong></span> <span class='ocrx_word' id='word_1_45' title='bbox 490 835 558 880; x_wconf 87' lang='lat' dir='ltr'><strong>esse</strong></span> <span class='ocrx_word' id='word_1_46' title='bbox 579 812 626 880; x_wconf 88' lang='lat' dir='ltr'><strong>sio</strong></span> <span class='ocrx_word' id='word_1_47' title='bbox 645 837 769 890; x_wconf 83' lang='lat' dir='ltr'><strong>umere,</strong></span> <span class='ocrx_word' id='word_1_48' title='bbox 790 835 887 902; x_wconf 78' lang='lat' dir='ltr'><strong>quem</strong></span> <span class='ocrx_word' id='word_1_49' title='bbox 905 833 1011 878; x_wconf 76' lang='lat' dir='ltr'><strong>smero</strong></span> <span class='ocrx_word' id='word_1_50' title='bbox 1032 811 1118 878; x_wconf 80' lang='lat' dir='ltr'><strong>desl-</strong></span> 
     </span>
    </p>
   </div>
   <div class='ocr_carea' id='block_1_3' title="bbox 78 917 1244 1012">
    <p class='ocr_par' dir='ltr' id='par_1_3' title="bbox 78 917 1244 1012">
     <span class='ocr_line' id='line_1_8' title="bbox 78 917 1244 1012; baseline -0.002 -26"><span class='ocrx_word' id='word_1_51' title='bbox 78 931 172 986; x_wconf 86' lang='lat' dir='ltr'><strong>stere.</strong></span> <span class='ocrx_word' id='word_1_52' title='bbox 182 919 334 986; x_wconf 75' lang='lat' dir='ltr'><strong>hscendit</strong></span> <span class='ocrx_word' id='word_1_53' title='bbox 345 921 441 1009; x_wconf 88' lang='lat' dir='ltr'><strong>igitur</strong></span> <span class='ocrx_word' id='word_1_54' title='bbox 453 922 643 997; x_wconf 79' lang='lat' dir='ltr'><strong>recumbens</strong></span> <span class='ocrx_word' id='word_1_55' title='bbox 654 917 1033 1012; x_wconf 81' lang='lat' dir='ltr'><strong>superpectuslretruelis</strong></span> <span class='ocrx_word' id='word_1_56' title='bbox 1044 918 1116 992; x_wconf 72' lang='lat' dir='ltr'><strong>suis</strong></span> <span class='ocrx_word' id='word_1_57' title='bbox 1237 953 1244 965; x_wconf 93' lang='lat'>·</span> 
     </span>
    </p>
   </div>
   <div class='ocr_carea' id='block_1_4' title="bbox 70 1024 1140 3702">
    <p class='ocr_par' dir='ltr' id='par_1_4' title="bbox 70 1024 1140 3702">
     <span class='ocr_line' id='line_1_9' title="bbox 73 1024 1119 1119; baseline -0.001 -25"><span class='ocrx_word' id='word_1_58' title='bbox 73 1039 106 1094; x_wconf 84' lang='lat' dir='ltr'><strong>et</strong></span> <span class='ocrx_word' id='word_1_59' title='bbox 125 1049 197 1116; x_wconf 77' lang='lat' dir='ltr'><strong>quae</strong></span> <span class='ocrx_word' id='word_1_60' title='bbox 211 1051 298 1094; x_wconf 90' lang='lat' dir='ltr'><strong>nuno</strong></span> <span class='ocrx_word' id='word_1_61' title='bbox 316 1026 350 1102; x_wconf 87' lang='lat' dir='ltr'><strong>in</strong></span> <span class='ocrx_word' id='word_1_62' title='bbox 364 1029 494 1102; x_wconf 83' lang='lat' dir='ltr'><strong>exordio</strong></span> <span class='ocrx_word' id='word_1_63' title='bbox 506 1029 621 1104; x_wconf 77' lang='lat' dir='ltr'><strong>cantici</strong></span> <span class='ocrx_word' id='word_1_64' title='bbox 636 1029 725 1118; x_wconf 83' lang='lat' dir='ltr'><strong>nigre</strong></span> <span class='ocrx_word' id='word_1_65' title='bbox 742 1028 891 1119; x_wconf 83' lang='lat' dir='ltr'><strong>ponitur,</strong></span> <span class='ocrx_word' id='word_1_66' title='bbox 908 1027 942 1092; x_wconf 91' lang='lat' dir='ltr'><strong>in</strong></span> <span class='ocrx_word' id='word_1_67' title='bbox 957 1024 1119 1116; x_wconf 59' lang='lat' dir='ltr'><strong>Epithsluv</strong></span> 
     </span>
     <span class='ocr_line' id='line_1_10' title="bbox 73 1133 1117 1226; baseline 0 -24"><span class='ocrx_word' id='word_1_68' title='bbox 73 1135 130 1202; x_wconf 91' lang='lat' dir='ltr'><strong>mii</strong></span> <span class='ocrx_word' id='word_1_69' title='bbox 146 1133 214 1202; x_wconf 82' lang='lat' dir='ltr'><strong>fine</strong></span> <span class='ocrx_word' id='word_1_70' title='bbox 230 1137 270 1202; x_wconf 88' lang='lat' dir='ltr'><strong>de</strong></span> <span class='ocrx_word' id='word_1_71' title='bbox 283 1159 321 1207; x_wconf 81' lang='lat' dir='ltr'><strong>ea</strong></span> <span class='ocrx_word' id='word_1_72' title='bbox 338 1147 483 1204; x_wconf 75' lang='lat' dir='ltr'><strong>cantetur</strong></span> <span class='ocrx_word' id='word_1_73' title='bbox 502 1161 535 1204; x_wconf 76' lang='lat' dir='ltr'><strong>:s</strong></span> <span class='ocrx_word' id='word_1_74' title='bbox 552 1139 633 1219; x_wconf 79' lang='lat' dir='ltr'><strong>Que</strong></span> <span class='ocrx_word' id='word_1_75' title='bbox 647 1150 696 1203; x_wconf 89' lang='lat' dir='ltr'><strong>est</strong></span> <span class='ocrx_word' id='word_1_76' title='bbox 711 1138 772 1204; x_wconf 79' lang='lat' dir='ltr'><strong>ista</strong></span> <span class='ocrx_word' id='word_1_77' title='bbox 785 1159 856 1226; x_wconf 84' lang='lat' dir='ltr'><strong>quse</strong></span> <span class='ocrx_word' id='word_1_78' title='bbox 871 1135 1012 1206; x_wconf 83' lang='lat' dir='ltr'><strong>escendit</strong></span> <span class='ocrx_word' id='word_1_79' title='bbox 1027 1133 1117 1202; x_wconf 70' lang='lat' dir='ltr'><strong>usal</strong></span> 
     </span>
     <span class='ocr_line' id='line_1_11' title="bbox 75 1223 1115 1332; baseline 0 -26"><span class='ocrx_word' id='word_1_80' title='bbox 75 1240 166 1306; x_wconf 85' lang='lat' dir='ltr'><strong>hnta¹</strong></span> <span class='ocrx_word' id='word_1_81' title='bbox 177 1241 213 1312; x_wconf 70' lang='lat' dir='ltr'><strong>ir</strong></span> <span class='ocrx_word' id='word_1_82' title='bbox 222 1239 438 1316; x_wconf 75' lang='lat' dir='ltr'><strong>Intelleximus</strong></span> <span class='ocrx_word' id='word_1_83' title='bbox 446 1242 607 1330; x_wconf 84' lang='lat' dir='ltr'><strong>quomodo</strong></span> <span class='ocrx_word' id='word_1_84' title='bbox 617 1241 785 1332; x_wconf 81' lang='lat' dir='ltr'><strong>etnigraet</strong></span> <span class='ocrx_word' id='word_1_85' title='bbox 796 1223 1115 1330; x_wconf 62' lang='lat' dir='ltr'><strong>formosa2sitspcns‘a‘.</strong></span> 
     </span>
     <span class='ocr_line' id='line_1_12' title="bbox 80 1348 1124 1440; baseline -0.002 -24"><span class='ocrx_word' id='word_1_86' title='bbox 80 1349 115 1416; x_wconf 82' lang='lat' dir='ltr'><strong>si</strong></span> <span class='ocrx_word' id='word_1_87' title='bbox 132 1360 235 1424; x_wconf 79' lang='lat' dir='ltr'><strong>autem</strong></span> <span class='ocrx_word' id='word_1_88' title='bbox 249 1360 287 1414; x_wconf 90' lang='lat' dir='ltr'><strong>tu</strong></span> <span class='ocrx_word' id='word_1_89' title='bbox 301 1372 367 1416; x_wconf 93' lang='lat' dir='ltr'><strong>non</strong></span> <span class='ocrx_word' id='word_1_90' title='bbox 381 1350 481 1439; x_wconf 86' lang='lat' dir='ltr'><strong>egeris</strong></span> <span class='ocrx_word' id='word_1_91' title='bbox 492 1350 711 1440; x_wconf 70' lang='lat' dir='ltr'><strong>penitentiam</strong></span> <span class='ocrx_word' id='word_1_92' title='bbox 722 1399 731 1426; x_wconf 91' lang='lat'>,</span> <span class='ocrx_word' id='word_1_93' title='bbox 744 1371 820 1418; x_wconf 81' lang='lat' dir='ltr'><strong>cure</strong></span> <span class='ocrx_word' id='word_1_94' title='bbox 831 1371 872 1416; x_wconf 85' lang='lat' dir='ltr'><strong>no</strong></span> <span class='ocrx_word' id='word_1_95' title='bbox 883 1348 988 1422; x_wconf 81' lang='lat' dir='ltr'><strong>anima</strong></span> <span class='ocrx_word' id='word_1_96' title='bbox 1000 1360 1057 1417; x_wconf 81' lang='lat' dir='ltr'><strong>tus</strong></span> <span class='ocrx_word' id='word_1_97' title='bbox 1071 1349 1124 1414; x_wconf 56' lang='lat' dir='ltr'><strong>ni?</strong></span> 
     </span>
     <span class='ocr_line' id='line_1_13' title="bbox 83 1455 1118 1544; baseline -0.002 -23"><span class='ocrx_word' id='word_1_98' title='bbox 83 1479 139 1544; x_wconf 79' lang='lat' dir='ltr'><strong>gra</strong></span> <span class='ocrx_word' id='word_1_99' title='bbox 157 1455 279 1524; x_wconf 80' lang='lat' dir='ltr'><strong>dicetur</strong></span> <span class='ocrx_word' id='word_1_100' title='bbox 300 1467 334 1537; x_wconf 85' lang='lat' dir='ltr'><strong>et</strong></span> <span class='ocrx_word' id='word_1_101' title='bbox 351 1456 470 1544; x_wconf 88' lang='lat' dir='ltr'><strong>turpis,</strong></span> <span class='ocrx_word' id='word_1_102' title='bbox 493 1467 526 1520; x_wconf 92' lang='lat' dir='ltr'><strong>et</strong></span> <span class='ocrx_word' id='word_1_103' title='bbox 546 1455 665 1544; x_wconf 85' lang='lat' dir='ltr'><strong>duplici</strong></span> <span class='ocrx_word' id='word_1_104' title='bbox 685 1455 827 1521; x_wconf 81' lang='lat' dir='ltr'><strong>loeditute</strong></span> <span class='ocrx_word' id='word_1_105' title='bbox 845 1455 1007 1543; x_wconf 72' lang='lat' dir='ltr'><strong>turperiss</strong></span> <span class='ocrx_word' id='word_1_106' title='bbox 1027 1455 1118 1542; x_wconf 80' lang='lat' dir='ltr'><strong>nigra</strong></span> 
     </span>
     <span class='ocr_line' id='line_1_14' title="bbox 83 1561 1121 1653; baseline -0.001 -25"><span class='ocrx_word' id='word_1_107' title='bbox 83 1575 210 1653; x_wconf 88' lang='lat' dir='ltr'><strong>propter</strong></span> <span class='ocrx_word' id='word_1_108' title='bbox 227 1575 360 1652; x_wconf 78' lang='lat' dir='ltr'><strong>peecata</strong></span> <span class='ocrx_word' id='word_1_109' title='bbox 378 1563 556 1652; x_wconf 75' lang='lat' dir='ltr'><strong>praeterita,</strong></span> <span class='ocrx_word' id='word_1_110' title='bbox 572 1563 672 1652; x_wconf 89' lang='lat' dir='ltr'><strong>turpis</strong></span> <span class='ocrx_word' id='word_1_111' title='bbox 689 1575 819 1653; x_wconf 75' lang='lat' dir='ltr'><strong>propter</strong></span> <span class='ocrx_word' id='word_1_112' title='bbox 837 1562 901 1631; x_wconf 90' lang='lat' dir='ltr'><strong>boo</strong></span> <span class='ocrx_word' id='word_1_113' title='bbox 916 1563 990 1651; x_wconf 81' lang='lat' dir='ltr'><strong>quin</strong></span> <span class='ocrx_word' id='word_1_114' title='bbox 1009 1562 1042 1628; x_wconf 92' lang='lat' dir='ltr'><strong>in</strong></span> <span class='ocrx_word' id='word_1_115' title='bbox 1061 1561 1121 1627; x_wconf 82' lang='lat' dir='ltr'><strong>eis-</strong></span> 
     </span>
     <span class='ocr_line' id='line_1_15' title="bbox 83 1667 1120 1758; baseline 0 -26"><span class='ocrx_word' id='word_1_116' title='bbox 83 1667 155 1734; x_wconf 90' lang='lat' dir='ltr'><strong>dem</strong></span> <span class='ocrx_word' id='word_1_117' title='bbox 174 1668 257 1738; x_wconf 78' lang='lat' dir='ltr'><strong>vitiis</strong></span> <span class='ocrx_word' id='word_1_118' title='bbox 279 1691 470 1757; x_wconf 81' lang='lat' dir='ltr'><strong>perseveres.</strong></span> <span class='ocrx_word' id='word_1_119' title='bbox 495 1669 529 1740; x_wconf 85' lang='lat' dir='ltr'><strong>Si</strong></span> <span class='ocrx_word' id='word_1_120' title='bbox 550 1692 626 1734; x_wconf 86' lang='lat' dir='ltr'><strong>vero</strong></span> <span class='ocrx_word' id='word_1_121' title='bbox 645 1669 864 1758; x_wconf 77' lang='lat' dir='ltr'><strong>penitentium</strong></span> <span class='ocrx_word' id='word_1_122' title='bbox 885 1667 1006 1757; x_wconf 83' lang='lat' dir='ltr'><strong>egeris,</strong></span> <span class='ocrx_word' id='word_1_123' title='bbox 1029 1669 1120 1756; x_wconf 82' lang='lat' dir='ltr'><strong>nigre</strong></span> 
     </span>
     <span class='ocr_line' id='line_1_16' title="bbox 78 1774 1119 1866; baseline 0.002 -24"><span class='ocrx_word' id='word_1_124' title='bbox 78 1776 139 1843; x_wconf 85' lang='lat' dir='ltr'><strong>erit</strong></span> <span class='ocrx_word' id='word_1_125' title='bbox 150 1776 256 1842; x_wconf 81' lang='lat' dir='ltr'><strong>anima</strong></span> <span class='ocrx_word' id='word_1_126' title='bbox 268 1787 323 1842; x_wconf 84' lang='lat' dir='ltr'><strong>tue</strong></span> <span class='ocrx_word' id='word_1_127' title='bbox 336 1788 466 1866; x_wconf 88' lang='lat' dir='ltr'><strong>propter</strong></span> <span class='ocrx_word' id='word_1_128' title='bbox 478 1777 605 1865; x_wconf 81' lang='lat' dir='ltr'><strong>antiqua</strong></span> <span class='ocrx_word' id='word_1_129' title='bbox 617 1774 730 1842; x_wconf 83' lang='lat' dir='ltr'><strong>delicta</strong></span> <span class='ocrx_word' id='word_1_130' title='bbox 740 1788 888 1865; x_wconf 82' lang='lat' dir='ltr'><strong>,propter</strong></span> <span class='ocrx_word' id='word_1_131' title='bbox 898 1775 1119 1866; x_wconf 85' lang='lat' dir='ltr'><strong>poeuitentism</strong></span> 
     </span>
     <span class='ocr_line' id='line_1_17' title="bbox 76 1879 1122 1970; baseline 0.001 -23"><span class='ocrx_word' id='word_1_132' title='bbox 76 1903 154 1947; x_wconf 78' lang='lat' dir='ltr'><strong>sero</strong></span> <span class='ocrx_word' id='word_1_133' title='bbox 172 1879 305 1956; x_wconf 75' lang='lat' dir='ltr'><strong>hebebit</strong></span> <span class='ocrx_word' id='word_1_134' title='bbox 322 1879 458 1968; x_wconf 81' lang='lat' dir='ltr'><strong>aliquid,</strong></span> <span class='ocrx_word' id='word_1_135' title='bbox 479 1892 515 1948; x_wconf 94' lang='lat' dir='ltr'><strong>ut</strong></span> <span class='ocrx_word' id='word_1_136' title='bbox 532 1881 576 1952; x_wconf 80' lang='lat' dir='ltr'><strong>itu</strong></span> <span class='ocrx_word' id='word_1_137' title='bbox 593 1881 717 1960; x_wconf 75' lang='lat' dir='ltr'><strong>dicum„</strong></span> <span class='ocrx_word' id='word_1_138' title='bbox 733 1880 906 1970; x_wconf 83' lang='lat' dir='ltr'><strong>AEthiopici</strong></span> <span class='ocrx_word' id='word_1_139' title='bbox 927 1880 1061 1946; x_wconf 85' lang='lat' dir='ltr'><strong>decoris.</strong></span> <span class='ocrx_word' id='word_1_140' title='bbox 1080 1880 1122 1948; x_wconf 82' lang='lat' dir='ltr'><strong>Et</strong></span> 
     </span>
     <span class='ocr_line' id='line_1_18' title="bbox 76 1988 1121 2082; baseline 0.001 -27"><span class='ocrx_word' id='word_1_141' title='bbox 76 1989 154 2079; x_wconf 82' lang='lat' dir='ltr'><strong>quia</strong></span> <span class='ocrx_word' id='word_1_142' title='bbox 174 1988 273 2058; x_wconf 90' lang='lat' dir='ltr'><strong>semel</strong></span> <span class='ocrx_word' id='word_1_143' title='bbox 293 1988 477 2079; x_wconf 86' lang='lat' dir='ltr'><strong>AEthiopem</strong></span> <span class='ocrx_word' id='word_1_144' title='bbox 498 1989 676 2082; x_wconf 71' lang='lat' dir='ltr'><strong>nominavi,</strong></span> <span class='ocrx_word' id='word_1_145' title='bbox 692 1988 765 2056; x_wconf 86' lang='lat' dir='ltr'><strong>volo</strong></span> <span class='ocrx_word' id='word_1_146' title='bbox 788 2000 901 2058; x_wconf 86' lang='lat' dir='ltr'><strong>testem</strong></span> <span class='ocrx_word' id='word_1_147' title='bbox 922 1989 1121 2077; x_wconf 83' lang='lat' dir='ltr'><strong>Scriptorum</strong></span> 
     </span>
     <span class='ocr_line' id='line_1_19' title="bbox 79 2097 1121 2189; baseline -0.004 -24"><span class='ocrx_word' id='word_1_148' title='bbox 79 2123 176 2189; x_wconf 87' lang='lat' dir='ltr'><strong>super</strong></span> <span class='ocrx_word' id='word_1_149' title='bbox 192 2097 281 2172; x_wconf 86' lang='lat' dir='ltr'><strong>huno</strong></span> <span class='ocrx_word' id='word_1_150' title='bbox 301 2097 455 2167; x_wconf 83' lang='lat' dir='ltr'><strong>advocare</strong></span> <span class='ocrx_word' id='word_1_151' title='bbox 471 2121 660 2170; x_wconf 86' lang='lat' dir='ltr'><strong>sermonem.</strong></span> <span class='ocrx_word' id='word_1_152' title='bbox 680 2097 787 2166; x_wconf 79' lang='lat' dir='ltr'><strong>Aaron</strong></span> <span class='ocrx_word' id='word_1_153' title='bbox 803 2110 835 2162; x_wconf 91' lang='lat' dir='ltr'><strong>et</strong></span> <span class='ocrx_word' id='word_1_154' title='bbox 852 2097 949 2166; x_wconf 79' lang='lat' dir='ltr'><strong>Mario</strong></span> <span class='ocrx_word' id='word_1_155' title='bbox 972 2119 1121 2164; x_wconf 87' lang='lat' dir='ltr'><strong>murmu-</strong></span> 
     </span>
     <span class='ocr_line' id='line_1_20' title="bbox 81 2203 1140 2296; baseline -0.005 -22"><span class='ocrx_word' id='word_1_156' title='bbox 81 2219 156 2274; x_wconf 79' lang='lat' dir='ltr'><strong>rent</strong></span> <span class='ocrx_word' id='word_1_157' title='bbox 166 2207 239 2296; x_wconf 85' lang='lat' dir='ltr'><strong>quio</strong></span> <span class='ocrx_word' id='word_1_158' title='bbox 251 2206 374 2294; x_wconf 78' lang='lat' dir='ltr'><strong>Moyses</strong></span> <span class='ocrx_word' id='word_1_159' title='bbox 385 2206 610 2296; x_wconf 84' lang='lat' dir='ltr'><strong>AEthiopissem</strong></span> <span class='ocrx_word' id='word_1_160' title='bbox 622 2205 720 2280; x_wconf 83' lang='lat' dir='ltr'><strong>hebet</strong></span> <span class='ocrx_word' id='word_1_161' title='bbox 732 2229 863 2272; x_wconf 77' lang='lat' dir='ltr'><strong>uxorem</strong></span> <span class='ocrx_word' id='word_1_162' title='bbox 871 2203 892 2274; x_wconf 86' lang='lat'><strong>².</strong></span> <span class='ocrx_word' id='word_1_163' title='bbox 905 2207 945 2270; x_wconf 88' lang='lat' dir='ltr'><strong>Et</strong></span> <span class='ocrx_word' id='word_1_164' title='bbox 957 2227 1042 2273; x_wconf 88' lang='lat' dir='ltr'><strong>nuuc</strong></span> <span class='ocrx_word' id='word_1_165' title='bbox 1052 2205 1122 2270; x_wconf 58' lang='lat' dir='ltr'><strong>Mo«</strong></span> <span class='ocrx_word' id='word_1_166' title='bbox 1136 2256 1140 2262; x_wconf 93' lang='lat'>.</span> 
     </span>
     <span class='ocr_line' id='line_1_21' title="bbox 86 2311 1121 2404; baseline -0.002 -24"><span class='ocrx_word' id='word_1_167' title='bbox 86 2338 136 2380; x_wconf 87' lang='lat' dir='ltr'><strong>ses</strong></span> <span class='ocrx_word' id='word_1_168' title='bbox 149 2314 371 2404; x_wconf 84' lang='lat' dir='ltr'><strong>AEthiopissam</strong></span> <span class='ocrx_word' id='word_1_169' title='bbox 384 2315 473 2382; x_wconf 90' lang='lat' dir='ltr'><strong>ducit</strong></span> <span class='ocrx_word' id='word_1_170' title='bbox 488 2336 620 2381; x_wconf 79' lang='lat' dir='ltr'><strong>uxorem</strong></span> <span class='ocrx_word' id='word_1_171' title='bbox 634 2337 643 2386; x_wconf 64' lang='grc' dir='ltr'><strong><em>ς</em></strong></span> <span class='ocrx_word' id='word_1_172' title='bbox 660 2314 815 2402; x_wconf 86' lang='lat' dir='ltr'><strong>siquidem</strong></span> <span class='ocrx_word' id='word_1_173' title='bbox 830 2311 881 2380; x_wconf 84' lang='lat' dir='ltr'><strong>lex</strong></span> <span class='ocrx_word' id='word_1_174' title='bbox 894 2314 965 2402; x_wconf 86' lang='lat' dir='ltr'><strong>ejus</strong></span> <span class='ocrx_word' id='word_1_175' title='bbox 980 2313 1023 2379; x_wconf 87' lang='lat' dir='ltr'><strong>ed</strong></span> <span class='ocrx_word' id='word_1_176' title='bbox 1037 2312 1121 2388; x_wconf 77' lang='lat' dir='ltr'><strong>hunc</strong></span> 
     </span>
     <span class='ocr_line' id='line_1_22' title="bbox 81 2420 1121 2512; baseline -0.006 -22"><span class='ocrx_word' id='word_1_177' title='bbox 81 2435 225 2490; x_wconf 84' lang='lat' dir='ltr'><strong>nostrum</strong></span> <span class='ocrx_word' id='word_1_178' title='bbox 239 2422 465 2512; x_wconf 76' lang='lat' dir='ltr'><strong>AEthiopissem</strong></span> <span class='ocrx_word' id='word_1_179' title='bbox 482 2423 726 2512; x_wconf 79' lang='lat' dir='ltr'><strong>transmigravit.</strong></span> <span class='ocrx_word' id='word_1_180' title='bbox 744 2421 922 2494; x_wconf 76' lang='lat' dir='ltr'><strong>Murmutst</strong></span> <span class='ocrx_word' id='word_1_181' title='bbox 942 2420 1049 2489; x_wconf 79' lang='lat' dir='ltr'><strong>Aaron</strong></span> <span class='ocrx_word' id='word_1_182' title='bbox 1069 2443 1121 2484; x_wconf 65' lang='lat' dir='ltr'><strong>ss÷</strong></span> 
     </span>
     <span class='ocr_line' id='line_1_23' title="bbox 78 2530 1123 2624; baseline -0.005 -25"><span class='ocrx_word' id='word_1_183' title='bbox 78 2532 263 2599; x_wconf 84' lang='lat' dir='ltr'><strong>cerdotium</strong></span> <span class='ocrx_word' id='word_1_184' title='bbox 288 2533 496 2608; x_wconf 68' lang='lat' dir='ltr'><strong>ludaeorum,</strong></span> <span class='ocrx_word' id='word_1_185' title='bbox 515 2542 701 2598; x_wconf 88' lang='lat' dir='ltr'><strong>murmuret·</strong></span> <span class='ocrx_word' id='word_1_186' title='bbox 718 2543 751 2596; x_wconf 92' lang='lat' dir='ltr'><strong>et</strong></span> <span class='ocrx_word' id='word_1_187' title='bbox 772 2530 870 2598; x_wconf 80' lang='lat' dir='ltr'><strong>Maria</strong></span> <span class='ocrx_word' id='word_1_188' title='bbox 886 2553 1042 2620; x_wconf 77' lang='lat' dir='ltr'><strong>synagoge</strong></span> <span class='ocrx_word' id='word_1_189' title='bbox 1066 2551 1123 2624; x_wconf 83' lang='lat' dir='ltr'><strong>eo-</strong></span> 
     </span>
     <span class='ocr_line' id='line_1_24' title="bbox 76 2636 1122 2728; baseline -0.004 -22"><span class='ocrx_word' id='word_1_190' title='bbox 76 2663 174 2716; x_wconf 90' lang='lat' dir='ltr'><strong>rum,</strong></span> <span class='ocrx_word' id='word_1_191' title='bbox 194 2639 317 2728; x_wconf 82' lang='lat' dir='ltr'><strong>Moyses</strong></span> <span class='ocrx_word' id='word_1_192' title='bbox 340 2641 380 2706; x_wconf 91' lang='lat' dir='ltr'><strong>de</strong></span> <span class='ocrx_word' id='word_1_193' title='bbox 401 2639 652 2706; x_wconf 84' lang='lat' dir='ltr'><strong>murmuratione</strong></span> <span class='ocrx_word' id='word_1_194' title='bbox 672 2661 737 2705; x_wconf 92' lang='lat' dir='ltr'><strong>non</strong></span> <span class='ocrx_word' id='word_1_195' title='bbox 761 2650 869 2716; x_wconf 83' lang='lat' dir='ltr'><strong>curet,</strong></span> <span class='ocrx_word' id='word_1_196' title='bbox 889 2651 974 2706; x_wconf 83' lang='lat' dir='ltr'><strong>smst</strong></span> <span class='ocrx_word' id='word_1_197' title='bbox 995 2636 1122 2706; x_wconf 84' lang='lat' dir='ltr'><strong>AEthio-</strong></span> 
     </span>
     <span class='ocr_line' id='line_1_25' title="bbox 74 2744 1122 2838; baseline -0.002 -24"><span class='ocrx_word' id='word_1_198' title='bbox 74 2749 201 2838; x_wconf 73' lang='lat' dir='ltr'><strong>piscem</strong></span> <span class='ocrx_word' id='word_1_199' title='bbox 215 2771 324 2826; x_wconf 86' lang='lat' dir='ltr'><strong>sunm,</strong></span> <span class='ocrx_word' id='word_1_200' title='bbox 337 2749 377 2814; x_wconf 93' lang='lat' dir='ltr'><strong>de</strong></span> <span class='ocrx_word' id='word_1_201' title='bbox 392 2772 454 2837; x_wconf 88' lang='lat' dir='ltr'><strong>que</strong></span> <span class='ocrx_word' id='word_1_202' title='bbox 469 2759 502 2821; x_wconf 84' lang='lat' dir='ltr'><strong>et</strong></span> <span class='ocrx_word' id='word_1_203' title='bbox 516 2744 590 2814; x_wconf 79' lang='lat' dir='ltr'><strong>alibi</strong></span> <span class='ocrx_word' id='word_1_204' title='bbox 606 2747 723 2815; x_wconf 89' lang='lat' dir='ltr'><strong>dieitur</strong></span> <span class='ocrx_word' id='word_1_205' title='bbox 737 2772 795 2836; x_wconf 92' lang='lat' dir='ltr'><strong>per</strong></span> <span class='ocrx_word' id='word_1_206' title='bbox 808 2747 997 2836; x_wconf 79' lang='lat' dir='ltr'><strong>prophetem</strong></span> <span class='ocrx_word' id='word_1_207' title='bbox 1016 2769 1025 2812; x_wconf 72' lang='grc' dir='ltr'><strong><em>ε</em></strong></span> <span class='ocrx_word' id='word_1_208' title='bbox 1043 2773 1057 2807; x_wconf 76' lang='lat' dir='ltr'><strong>s</strong></span> <span class='ocrx_word' id='word_1_209' title='bbox 1072 2745 1122 2812; x_wconf 85' lang='lat' dir='ltr'><strong>Ab</strong></span> 
     </span>
     <span class='ocr_line' id='line_1_26' title="bbox 74 2852 1122 2932; baseline -0.004 -8"><span class='ocrx_word' id='word_1_210' title='bbox 74 2857 234 2924; x_wconf 83' lang='lat' dir='ltr'><strong>extremis</strong></span> <span class='ocrx_word' id='word_1_211' title='bbox 243 2855 411 2932; x_wconf 83' lang='lat' dir='ltr'><strong>fluminum</strong></span> <span class='ocrx_word' id='word_1_212' title='bbox 424 2855 556 2922; x_wconf 80' lang='lat' dir='ltr'><strong>efferent</strong></span> <span class='ocrx_word' id='word_1_213' title='bbox 571 2855 718 2930; x_wconf 81' lang='lat' dir='ltr'><strong>hostiss⁸.</strong></span> <span class='ocrx_word' id='word_1_214' title='bbox 738 2882 751 2916; x_wconf 74' lang='lat' dir='ltr'><strong>r</strong></span> <span class='ocrx_word' id='word_1_215' title='bbox 766 2857 805 2922; x_wconf 83' lang='lat' dir='ltr'><strong>Et</strong></span> <span class='ocrx_word' id='word_1_216' title='bbox 820 2877 966 2920; x_wconf 87' lang='lat' dir='ltr'><strong>rursum:</strong></span> <span class='ocrx_word' id='word_1_217' title='bbox 980 2852 1122 2920; x_wconf 77' lang='lat' dir='ltr'><strong>sAEthio·</strong></span> 
     </span>
     <span class='ocr_line' id='line_1_27' title="bbox 74 2958 1122 3054; baseline -0.004 -27"><span class='ocrx_word' id='word_1_218' title='bbox 74 2964 134 3054; x_wconf 84' lang='lat' dir='ltr'><strong>pia</strong></span> <span class='ocrx_word' id='word_1_219' title='bbox 149 2962 320 3052; x_wconf 78' lang='lat' dir='ltr'><strong>praeveniet</strong></span> <span class='ocrx_word' id='word_1_220' title='bbox 334 2985 447 3027; x_wconf 80' lang='lat' dir='ltr'><strong>manus</strong></span> <span class='ocrx_word' id='word_1_221' title='bbox 461 2961 531 3050; x_wconf 90' lang='lat' dir='ltr'><strong>ejus</strong></span> <span class='ocrx_word' id='word_1_222' title='bbox 542 2961 611 3027; x_wconf 87' lang='lat' dir='ltr'><strong>Deo</strong></span> <span class='ocrx_word' id='word_1_223' title='bbox 620 2959 643 3026; x_wconf 73' lang='lat'><strong>⁶.</strong></span> <span class='ocrx_word' id='word_1_224' title='bbox 658 2987 672 3021; x_wconf 78' lang='lat' dir='ltr'><strong>s</strong></span> <span class='ocrx_word' id='word_1_225' title='bbox 687 2958 823 3032; x_wconf 84' lang='lat' dir='ltr'><strong>Pulchre</strong></span> <span class='ocrx_word' id='word_1_226' title='bbox 839 2959 1025 3048; x_wconf 70' lang='lat' dir='ltr'><strong>proveniet,</strong></span> <span class='ocrx_word' id='word_1_227' title='bbox 1040 2981 1122 3047; x_wconf 53' lang='lat' dir='ltr'><strong>quo*</strong></span> 
     </span>
     <span class='ocr_line' id='line_1_28' title="bbox 74 3065 1121 3160; baseline -0.009 -20"><span class='ocrx_word' id='word_1_228' title='bbox 74 3074 184 3144; x_wconf 90' lang='lat' dir='ltr'><strong>modo</strong></span> <span class='ocrx_word' id='word_1_229' title='bbox 199 3073 284 3140; x_wconf 88' lang='lat' dir='ltr'><strong>euim</strong></span> <span class='ocrx_word' id='word_1_230' title='bbox 302 3072 336 3137; x_wconf 92' lang='lat' dir='ltr'><strong>in</strong></span> <span class='ocrx_word' id='word_1_231' title='bbox 350 3067 512 3159; x_wconf 79' lang='lat' dir='ltr'><strong>evangelio</strong></span> <span class='ocrx_word' id='word_1_232' title='bbox 527 3067 642 3134; x_wconf 87' lang='lat' dir='ltr'><strong>mulier</strong></span> <span class='ocrx_word' id='word_1_233' title='bbox 660 3066 713 3134; x_wconf 80' lang='lat' dir='ltr'><strong>illa</strong></span> <span class='ocrx_word' id='word_1_234' title='bbox 731 3091 802 3155; x_wconf 82' lang='lat' dir='ltr'><strong>quae</strong></span> <span class='ocrx_word' id='word_1_235' title='bbox 817 3066 968 3160; x_wconf 85' lang='lat' dir='ltr'><strong>sunguine</strong></span> <span class='ocrx_word' id='word_1_236' title='bbox 982 3065 1121 3142; x_wconf 77' lang='lat' dir='ltr'><strong>lluebat,</strong></span> 
     </span>
     <span class='ocr_line' id='line_1_29' title="bbox 77 3174 1125 3273; baseline -0.01 -23"><span class='ocrx_word' id='word_1_237' title='bbox 77 3182 326 3273; x_wconf 79' lang='lat' dir='ltr'><strong>archisynagogi</strong></span> <span class='ocrx_word' id='word_1_238' title='bbox 345 3176 443 3245; x_wconf 84' lang='lat' dir='ltr'><strong>filiam</strong></span> <span class='ocrx_word' id='word_1_239' title='bbox 462 3177 630 3246; x_wconf 79' lang='lat' dir='ltr'><strong>caeraticne</strong></span> <span class='ocrx_word' id='word_1_240' title='bbox 645 3174 829 3265; x_wconf 81' lang='lat' dir='ltr'><strong>praevenit⁵‚</strong></span> <span class='ocrx_word' id='word_1_241' title='bbox 845 3175 890 3242; x_wconf 86' lang='lat' dir='ltr'><strong>sic</strong></span> <span class='ocrx_word' id='word_1_242' title='bbox 906 3175 1066 3263; x_wconf 76' lang='lat' dir='ltr'><strong>AEthiopiu</strong></span> <span class='ocrx_word' id='word_1_243' title='bbox 1082 3175 1125 3241; x_wconf 84' lang='lat' dir='ltr'><strong>ls-</strong></span> 
     </span>
     <span class='ocr_line' id='line_1_30' title="bbox 80 3282 1123 3382; baseline -0.012 -21"><span class='ocrx_word' id='word_1_244' title='bbox 80 3293 150 3361; x_wconf 79' lang='lat' dir='ltr'><strong>rsel</strong></span> <span class='ocrx_word' id='word_1_245' title='bbox 173 3302 343 3382; x_wconf 79' lang='lat' dir='ltr'><strong>aegrotame</strong></span> <span class='ocrx_word' id='word_1_246' title='bbox 364 3300 471 3362; x_wconf 79' lang='lat' dir='ltr'><strong>saneto</strong></span> <span class='ocrx_word' id='word_1_247' title='bbox 486 3299 544 3358; x_wconf 82' lang='lat' dir='ltr'><strong>est.</strong></span> <span class='ocrx_word' id='word_1_248' title='bbox 569 3284 725 3352; x_wconf 73' lang='lat' dir='ltr'><strong>«lllorum</strong></span> <span class='ocrx_word' id='word_1_249' title='bbox 746 3283 862 3350; x_wconf 88' lang='lat' dir='ltr'><strong>delicto</strong></span> <span class='ocrx_word' id='word_1_250' title='bbox 878 3282 961 3349; x_wconf 83' lang='lat' dir='ltr'><strong>selus</strong></span> <span class='ocrx_word' id='word_1_251' title='bbox 976 3284 1123 3373; x_wconf 85' lang='lat' dir='ltr'><strong>gentibus</strong></span> 
     </span>
     <span class='ocr_line' id='line_1_31' title="bbox 77 3390 1124 3482; baseline -0.01 -16"><span class='ocrx_word' id='word_1_252' title='bbox 77 3432 96 3466; x_wconf 76' lang='grc' dir='ltr'><strong>ι</strong></span> <span class='ocrx_word' id='word_1_253' title='bbox 105 3403 191 3472; x_wconf 79' lang='lat' dir='ltr'><strong>lucta</strong></span> <span class='ocrx_word' id='word_1_254' title='bbox 205 3414 254 3467; x_wconf 88' lang='lat' dir='ltr'><strong>est</strong></span> <span class='ocrx_word' id='word_1_255' title='bbox 268 3400 309 3466; x_wconf 85' lang='lat' dir='ltr'><strong>ad</strong></span> <span class='ocrx_word' id='word_1_256' title='bbox 324 3397 537 3468; x_wconf 74' lang='lat' dir='ltr'><strong>conandum</strong></span> <span class='ocrx_word' id='word_1_257' title='bbox 549 3418 603 3460; x_wconf 87' lang='lat' dir='ltr'><strong>eos</strong></span> <span class='ocrx_word' id='word_1_258' title='bbox 614 3393 636 3460; x_wconf 86' lang='lat'><strong>⁶.</strong></span> <span class='ocrx_word' id='word_1_259' title='bbox 653 3394 746 3482; x_wconf 82' lang='lat' dir='ltr'><strong>Nigra</strong></span> <span class='ocrx_word' id='word_1_260' title='bbox 761 3416 832 3458; x_wconf 91' lang='lat' dir='ltr'><strong>sum</strong></span> <span class='ocrx_word' id='word_1_261' title='bbox 847 3404 880 3458; x_wconf 87' lang='lat' dir='ltr'><strong>ot</strong></span> <span class='ocrx_word' id='word_1_262' title='bbox 897 3393 1038 3481; x_wconf 82' lang='lat' dir='ltr'><strong>specioso</strong></span> <span class='ocrx_word' id='word_1_263' title='bbox 1051 3390 1124 3457; x_wconf 82' lang='lat' dir='ltr'><strong>liliae</strong></span> 
     </span>
     <span class='ocr_line' id='line_1_32' title="bbox 73 3499 1125 3584; baseline -0.008 -7"><span class='ocrx_word' id='word_1_264' title='bbox 73 3543 91 3577; x_wconf 74' lang='grc' dir='ltr'><strong>ι</strong></span> <span class='ocrx_word' id='word_1_265' title='bbox 101 3507 336 3584; x_wconf 82' lang='lat' dir='ltr'><strong>Hierumlem⁷.</strong></span> <span class='ocrx_word' id='word_1_266' title='bbox 354 3509 421 3580; x_wconf 74' lang='lat' dir='ltr'><strong>»Et</strong></span> <span class='ocrx_word' id='word_1_267' title='bbox 432 3518 467 3571; x_wconf 91' lang='lat' dir='ltr'><strong>tu</strong></span> <span class='ocrx_word' id='word_1_268' title='bbox 481 3502 694 3576; x_wconf 77' lang='lat' dir='ltr'><strong>ecclesiastiea</strong></span> <span class='ocrx_word' id='word_1_269' title='bbox 709 3501 814 3570; x_wconf 80' lang='lat' dir='ltr'><strong>anime</strong></span> <span class='ocrx_word' id='word_1_270' title='bbox 830 3501 871 3567; x_wconf 87' lang='lat' dir='ltr'><strong>ud</strong></span> <span class='ocrx_word' id='word_1_271' title='bbox 886 3499 965 3569; x_wconf 84' lang='lat' dir='ltr'><strong>filios</strong></span> <span class='ocrx_word' id='word_1_272' title='bbox 977 3502 1125 3569; x_wconf 63' lang='lat' dir='ltr'><strong>Hierusav</strong></span> 
     </span>
     <span class='ocr_line' id='line_1_33' title="bbox 70 3609 1125 3702; baseline -0.018 -11"><span class='ocrx_word' id='word_1_273' title='bbox 70 3624 148 3698; x_wconf 88' lang='lat' dir='ltr'><strong>lem</strong></span> <span class='ocrx_word' id='word_1_274' title='bbox 160 3630 312 3692; x_wconf 81' lang='lat' dir='ltr'><strong>converte</strong></span> <span class='ocrx_word' id='word_1_275' title='bbox 323 3637 518 3692; x_wconf 85' lang='lat' dir='ltr'><strong>sermonem,</strong></span> <span class='ocrx_word' id='word_1_276' title='bbox 530 3625 563 3678; x_wconf 92' lang='lat' dir='ltr'><strong>et</strong></span> <span class='ocrx_word' id='word_1_277' title='bbox 578 3611 630 3680; x_wconf 89' lang='lat' dir='ltr'><strong>dic</strong></span> <span class='ocrx_word' id='word_1_278' title='bbox 645 3633 653 3676; x_wconf 77' lang='lat' dir='ltr'><strong><em>z</em></strong></span> <span class='ocrx_word' id='word_1_279' title='bbox 666 3609 717 3676; x_wconf 86' lang='lat' dir='ltr'><strong>Me</strong></span> <span class='ocrx_word' id='word_1_280' title='bbox 727 3609 799 3700; x_wconf 85' lang='lat' dir='ltr'><strong>plus</strong></span> <span class='ocrx_word' id='word_1_281' title='bbox 809 3621 895 3678; x_wconf 83' lang='lat' dir='ltr'><strong>amnt</strong></span> <span class='ocrx_word' id='word_1_282' title='bbox 906 3631 1039 3699; x_wconf 83' lang='lat' dir='ltr'><strong>sponsus</strong></span> <span class='ocrx_word' id='word_1_283' title='bbox 1048 3657 1059 3702; x_wconf 15' lang='grc' dir='ltr'><strong>,Α</strong></span> <span class='ocrx_word' id='word_1_284' title='bbox 1072 3631 1125 3682; x_wconf 84' lang='lat' dir='ltr'><strong>me</strong></span> 
     </span>
    </p>
   </div>
   <div class='ocr_carea' id='block_1_5' title="bbox 68 3775 1128 3939">
    <p class='ocr_par' dir='ltr' id='par_1_5' title="bbox 68 3775 1128 3939">
     <span class='ocr_line' id='line_1_34' title="bbox 118 3775 1128 3858; baseline -0.016 -14"><span class='ocrx_word' id='word_1_285' title='bbox 118 3785 523 3858; x_wconf 60' lang='lat' dir='ltr'><strong>scant.v111,6.7²,rtum.x11,</strong></span> <span class='ocrx_word' id='word_1_286' title='bbox 537 3801 559 3835; x_wconf 90' lang='lat' dir='ltr'><strong>r.</strong></span> <span class='ocrx_word' id='word_1_287' title='bbox 570 3813 599 3821; x_wconf 93' lang='lat'><em>-</em></span> <span class='ocrx_word' id='word_1_288' title='bbox 610 3777 710 3833; x_wconf 77' lang='lat' dir='ltr'><strong>&#39;Psulm</strong></span> <span class='ocrx_word' id='word_1_289' title='bbox 721 3798 802 3838; x_wconf 81' lang='lat' dir='ltr'><strong>uxxrr,</strong></span> <span class='ocrx_word' id='word_1_290' title='bbox 816 3798 854 3832; x_wconf 81' lang='grc' dir='ltr'><strong>ιο.</strong></span> <span class='ocrx_word' id='word_1_291' title='bbox 864 3809 896 3819; x_wconf 93' lang='lat'><em>-</em></span> <span class='ocrx_word' id='word_1_292' title='bbox 905 3775 959 3831; x_wconf 64' lang='lat' dir='ltr'><strong>llil.</strong></span> <span class='ocrx_word' id='word_1_293' title='bbox 970 3796 1069 3843; x_wconf 81' lang='lat' dir='ltr'><strong>uxvru,</strong></span> <span class='ocrx_word' id='word_1_294' title='bbox 1083 3777 1128 3838; x_wconf 70' lang='lat' dir='ltr'><strong>dr,</strong></span> 
     </span>
     <span class='ocr_line' id='line_1_35' title="bbox 68 3872 767 3939; baseline -0.01 -9"><span class='ocrx_word' id='word_1_295' title='bbox 68 3887 136 3930; x_wconf 74' lang='grc' dir='ltr'>...Ι</span> <span class='ocrx_word' id='word_1_296' title='bbox 150 3883 245 3938; x_wconf 76' lang='lat' dir='ltr'><strong>Mutth.</strong></span> <span class='ocrx_word' id='word_1_297' title='bbox 257 3899 293 3930; x_wconf 84' lang='lat' dir='ltr'><strong>rx.</strong></span> <span class='ocrx_word' id='word_1_298' title='bbox 307 3907 337 3921; x_wconf 86' lang='lat'><strong>-—</strong></span> <span class='ocrx_word' id='word_1_299' title='bbox 347 3879 357 3914; x_wconf 65' lang='grc' dir='ltr'><strong>θ</strong></span> <span class='ocrx_word' id='word_1_300' title='bbox 368 3882 440 3928; x_wconf 82' lang='lat' dir='ltr'><strong>Rom.</strong></span> <span class='ocrx_word' id='word_1_301' title='bbox 451 3893 495 3939; x_wconf 76' lang='grc' dir='ltr'><strong>ιι,</strong></span> <span class='ocrx_word' id='word_1_302' title='bbox 508 3891 549 3926; x_wconf 89' lang='grc' dir='ltr'><strong>ιι.</strong></span> <span class='ocrx_word' id='word_1_303' title='bbox 559 3899 590 3911; x_wconf 87' lang='grc'><strong>-·</strong></span> <span class='ocrx_word' id='word_1_304' title='bbox 602 3873 611 3905; x_wconf 95' lang='lat'>⁷</span> <span class='ocrx_word' id='word_1_305' title='bbox 625 3873 696 3925; x_wconf 71' lang='lat' dir='ltr'><strong>Cant.</strong></span> <span class='ocrx_word' id='word_1_306' title='bbox 708 3892 730 3936; x_wconf 83' lang='lat'><strong>1,</strong></span> <span class='ocrx_word' id='word_1_307' title='bbox 743 3872 767 3928; x_wconf 82' lang='grc'><strong>5.</strong></span> 
     </span>
    </p>
   </div>
   <div class='ocr_carea' id='block_1_6' title="bbox 0 0 1310 4614">
    <p class='ocr_par' dir='ltr' id='par_1_6' title="bbox 0 0 1310 4614">
     <span class='ocr_line' id='line_1_36' title="bbox 0 0 1310 4614; baseline 0 0"><span class='ocrx_word' id='word_1_308' title='bbox 0 0 1310 4614; x_wconf 95' lang='lat' dir='ltr'><strong> </strong></span> 
     </span>
    </p>
   </div>
  </div>
 </body>
</html>
