2702 4610
252 299 260 342 ι
275 283 311 359 'l
693 299 835 344 ostentus

247 443 260 483 r
278 419 352 486 nos¹
364 419 399 484 i»
416 419 483 486 Nee
498 416 694 486 locustarum
708 417 748 482 ab
764 438 801 482 ee
823 415 973 483 subducit
991 414 1149 504 exempla,
1165 416 1287 503 quibus

245 529 452 595 mordeantur
466 539 499 594 et
520 528 729 616 depascuntur
751 547 862 593 omnes
882 525 1014 613 inquieti
1037 537 1143 591 motus
1163 526 1236 614 ejus
1253 539 1288 591 et

246 635 378 714 turbidi,
391 660 454 725 quo
465 647 498 702 ot
512 637 577 724 ipss
590 637 687 712 diest,
701 635 787 723 quod
798 633 968 723 Apostolus
981 635 1087 712 docet,
1100 647 1135 700 ut
1149 635 1285 700 «omnin

139 807 141 810 ,
244 775 258 808 ι
273 768 334 812 sue
347 747 522 813 seeundum
534 745 678 812 ordinem
693 741 801 810 finnt².
818 743 902 810 »Ubi
919 767 993 810 vero
1008 744 1204 812 sufficienter
1217 743 1287 810 lue

245 857 286 923 rit
298 857 447 945 castigate
462 879 521 943 pro
535 855 690 930 moribus,
703 865 736 917 et
750 876 807 941 pro
822 852 1047 920 emendatioris
1063 853 1133 921 ritae
1149 877 1288 945 correp-

245 965 332 1031 tione
349 965 499 1040 coercita,
516 985 591 1030 cum
606 973 770 1029 auctorem
789 963 956 1028 verberum
971 963 1116 1039 senserit,
1132 975 1165 1028 et
1180 963 1289 1030 00οΕ-

245 1076 306 1141 teri
321 1076 387 1163 jorn
403 1074 535 1163 eoeperit
549 1074 622 1162 quin
643 1073 759 1162 digitus
774 1073 833 1138 Dei
848 1083 910 1148 est,
926 1083 958 1137 et
972 1095 1085 1162 perum
1100 1072 1179 1161 quid
1194 1077 1286 1164 egni-

247 1184 343 1253 tionis
358 1183 517 1273 acceperit
526 1201 536 1257 t
551 1195 628 1250 tune
644 1183 802 1272 praeeipue
817 1194 977 1271 gestorum
990 1205 1120 1249 suorum
1136 1187 1286 1252 tenebras

247 1293 346 1370 videt,
362 1303 440 1360 tune
454 1315 601 1360 errorum
618 1315 748 1358 suorum
773 1290 939 1381 caliginem
959 1293 1063 1358 sentit.
1083 1292 1231 1382 Cumque
1254 1296 1285 1360 in

246 1403 309 1470 hoo
325 1404 455 1478 venerit,
480 1415 559 1470 tune
574 1402 748 1468 merebitur
765 1405 799 1465 ut
815 1401 1040 1490 extinguantur
1055 1400 1087 1467 in
1108 1421 1145 1466 eu
1161 1402 1283 1489 primo·

248 1515 353 1605 genitu
362 1511 490 1603 AEgypti
494 1559 602 1580 ........

608 1889 835 1965 HOMlLlA
858 1895 926 1968 V⁸.

401 2095 448 2154 De
457 2093 623 2178 proficttbne
626 2094 761 2177 filiorum
773 2097 865 2156 lsrael
872 2097 906 2157 de
918 2111 991 2158 terra
1002 2100 1130 2179 AEgypti.

300 2279 423 2354 Allatis
436 2284 599 2381 Apostoli
614 2281 753 2355 verbis:
768 2289 892 2354 Patres
903 2289 1015 2354 nostri
1026 2283 1091 2378 sub
1105 2285 1200 2358 nube
1198 2289 1284 2380 sue·

252 2403 345 2477 nott,
365 2405 433 2462 etc.
453 2389 612 2463 ostendit
631 2389 731 2462 hunc
754 2393 873 2460 locum
896 2389 1084 2487 allegorice
1106 2397 1281 2490 interpre-

251 2497 419 2586 tandum,
437 2498 538 2596 quod
558 2505 606 2570 ita
626 2497 802 2596 perficere
820 2493 976 2568 intendit
990 2503 1012 2566 ⁶.

303 2643 366 2712 «Et
385 2641 538 2718 levantes,
553 2644 677 2730 inquit,
703 2641 759 2708 filii
780 2643 875 2709 lsrael
891 2643 931 2708 de
950 2641 1113 2720 Ramesse,
1127 2654 1284 2708 venerunt

251 2781 264 2814 ι
278 2753 311 2818 in
324 2749 480 2824 Sochoth3
497 2764 529 2817 et
541 2752 674 2842 profecti
683 2753 723 2818 do
734 2751 889 2828 Sochoth,
898 2765 1052 2818 venerunt
1063 2751 1094 2817 in
1108 2750 1218 2818 Othon
1228 2751 1251 2817 ⁸.
1265 2781 1278 2812 ι

250 2859 284 2925 si
300 2859 371 2958 quis
389 2860 505 2950 estqui
523 2860 682 2951 proficisci
699 2859 738 2925 de
755 2859 892 2956 AEgypto
910 2872 1014 2952 parnt,
1034 2861 1060 2927 si
1075 2861 1146 2950 quis
1163 2875 1211 2927 est
1229 2864 1284 2951 qui

251 2967 340 3056 cupit
354 2969 506 3035 obscuros
521 2969 632 3035 mundi
647 2969 744 3058 hujus
758 2980 847 3035 nctus
862 2981 894 3036 et
911 2991 1056 3038 errorum
1071 2972 1219 3037 tenebras
1234 2973 1287 3040 do

251 3065 442 3167 relinquere,
460 3081 563 3168 primo
583 3081 727 3147 omnium
741 3103 780 3146 ex
795 3080 944 3147 Ramesse
965 3080 994 3146 ei
1016 3080 1286 3168 proficiscendum

251 3200 309 3254 est.
321 3187 470 3255 anesse
484 3213 558 3256 roro
570 3191 796 3279 interpretatur
808 3191 981 3256 commotio
995 3191 1098 3256 tineas.
1113 3187 1148 3256 Si
1155 3214 1233 3281 ergo
1243 3194 1287 3258 vis

252 3298 360 3363 venire
379 3299 411 3363 in
426 3295 583 3374 Sochoth,
600 3311 635 3364 nt
652 3298 805 3392 Dominus
823 3298 880 3363 tihi
896 3297 960 3364 dux
975 3299 1015 3364 sit
1033 3311 1066 3364 et
1082 3300 1117 3364 in
1135 3297 1287 3367 columns

251 3406 345 3472 nubis
352 3418 384 3473 te
395 3406 565 3496 praeoednt,
577 3419 610 3475 et
623 3418 773 3496 sequntur
785 3417 816 3471 te
831 3416 933 3496 petra,
947 3429 1017 3493 qnae
1033 3405 1090 3470 tihi
1106 3429 1213 3474 eseam
1225 3407 1288 3498 spi-

252 3513 411 3592 ritualem,
431 3528 463 3580 et
479 3528 590 3604 potum
605 3514 809 3580 nihilominus
825 3515 964 3602 praebent
987 3513 1196 3604 spiritualem,
1212 3541 1288 3606 pro

251 3617 408 3697 ficiseere,
422 3627 457 3687 'et
472 3621 521 3687 exi
537 3645 576 3688 ex
590 3620 756 3694 Ramesse5
775 3643 836 3686 nee
851 3621 1042 3688 thesaurizes
1056 3622 1114 3699 ihi,
1129 3623 1184 3688 ubi
1200 3623 1287 3690 tinen

287 3771 295 3802 ¹
308 3770 368 3820 Luc.
381 3785 450 3827 ων,
461 3769 500 3819 3².
515 3797 545 3808 ·-
557 3765 568 3804 ²
580 3789 589 3820 1
602 3771 661 3820 Cor.
676 3787 727 3831 nr,
737 3770 778 3829 lo.

285 3844 382 3895 ⁸Tom.
394 3845 468 3909 11,p.
488 3846 530 3904 145
542 3856 649 3911 etseqq.
661 3846 711 3883 ..t
725 3848 757 3896 lt.
772 3863 795 3905 2,
807 3847 831 3894 3.
844 3863 870 3910 p.
890 3846 933 3904 'll
947 3847 979 3894 sd
995 3847 1049 3903 146.

283 3918 384 3968 ⁵Exod.
401 3935 445 3978 xrs,
456 3919 496 3985 57,
510 3929 599 3980 otuu,
616 3937 653 3968 no.
