2734 4594
235 301 294 377 rot
686 321 827 363 onreusrs

230 443 315 532 quod
331 443 354 506 si
371 441 441 529 quis
457 439 625 506 elevaverit
644 439 689 506 vel
708 441 885 512 extenderit
899 461 1011 504 manus
1026 439 1067 504 ad
1083 437 1201 504 coslum
1222 437 1273 523 (ut

223 546 358 617 'habitus
372 548 531 614 orantium
546 569 615 613 esse
626 545 726 638 solet)
744 548 898 614 continuo
914 545 1106 613 sacrificium
1122 542 1275 612 obtulerit

231 659 311 724 Deo.
327 657 391 734 Scd
407 655 568 722 videamus
587 677 627 720 ne
646 655 728 720 sorte
739 655 802 721 hoc
816 656 856 720 sit
870 655 956 743 quod
974 656 1018 720 ibi
1035 653 1155 721 indicet
1169 677 1275 720 sermo

232 767 308 844 Dei,
323 766 395 854 quin
407 787 464 856 per
474 787 586 830 manus
599 787 695 854 opera
708 763 938 855 intelliguntur.
957 763 1065 831 Elcsat
1077 789 1192 830 manus
1206 764 1278 841 ille,

233 876 287 964 qui
306 871 407 940 oleret
426 887 514 939 aetus
530 893 603 938 suos
619 895 635 937 a
651 885 755 949 terra,
773 883 806 938 et
823 874 1021 938 conversatio
1037 873 1107 960 ejus
1123 872 1232 939 adhuc
1247 873 1279 938 in

233 997 317 1049 terre
326 979 517 1048 ambulantis
528 981 560 1046 in
573 979 661 1046 coelis
672 993 731 1047 est.
743 979 867 1046 Excelsi
879 1003 954 1070 ergo
967 981 1056 1047 ectus
1067 991 1100 1045 et
1109 980 1278 1056 sublimes,

234 1113 313 1176 quos
329 1088 468 1153 videntes
485 1087 630 1152 homines
650 1083 855 1176 magnificant
871 1098 994 1174 petrem
1009 1085 1197 1161 ooelestem,
1214 1086 1280 1152 ele-

234 1198 317 1264 vatio
328 1219 482 1261 manuum
499 1182 627 1270 dicitnr,
646 1206 679 1259 et
694 1194 886 1260 sacrificium
902 1195 1130 1284 vespertinum.
1147 1197 1199 1261 An
1216 1219 1280 1260 non

235 1318 268 1373 et
278 1305 310 1370 in
321 1306 404 1394 Lege
416 1305 448 1370 id
457 1327 514 1393 per
524 1299 711 1392 mysterium
724 1302 912 1379 docebatur,
925 1326 999 1369 cum
1012 1303 1120 1393 Moyse
1134 1301 1280 1370 elevante

235 1439 349 1490 manu,
365 1414 509 1479 vincebat
521 1409 616 1478 lsrais'l
626 1410 635 1444 ¹
646 1433 655 1484 ς
667 1411 854 1477 demittente
869 1421 989 1478 vernet
1004 1412 1177 1500 dejiciente
1189 1411 1280 1478 deor-

235 1547 326 1600 sum,
343 1523 490 1588 vincebat
504 1519 656 1587 Amalech
664 1520 684 1584 i·
693 1517 733 1585 Et
745 1521 770 1584 si
787 1521 920 1587 somnia
930 1518 999 1586 haec
1016 1519 1195 1609 figuraliter
1208 1541 1280 1587 con

236 1629 423 1717 »tingebant
434 1625 512 1702 illis,
525 1625 643 1713 scripta
654 1636 727 1690 sunt
739 1645 815 1690 vero
826 1637 957 1715 propter
970 1645 1045 1702 nos,
1058 1626 1092 1691 in
1105 1647 1188 1713 quos
1203 1626 1279 1692 fine

237 1734 448 1802 »seculorum
475 1735 740 1798 devenerunt»
768 1735 877 1813 Quare
899 1732 1074 1822 intelligere
1103 1733 1279 1808 debemus,

238 1845 310 1932 quia
330 1843 432 1908 donec
452 1839 586 1906 famulus
600 1840 657 1905 Dei
677 1838 777 1907 elevet
792 1854 882 1908 actus
898 1861 971 1906 suos
988 1841 1025 1906 ad
1043 1834 1170 1918 Deum,
1186 1843 1277 1908 vincit

237 1973 314 2040 gens
329 1950 388 2018 Dei
402 1972 410 2014 ε
425 1968 498 2014 eum
513 1960 618 2014 autem
632 1949 785 2037 dejecerit
795 1961 828 2014 et
842 1949 1006 2016 demiserit
1019 1968 1154 2027 manus,
1169 1952 1274 2026 idest,

239 2071 329 2128 aetus
344 2080 435 2133 suos,
454 2055 550 2122 uincit
569 2054 723 2123 Amalech
740 2055 888 2124 inimicus
900 2054 969 2123 Dei.
987 2061 1052 2138 llut
1066 2059 1141 2146 quid
1154 2059 1272 2122 ridetur

242 2166 335 2253 (volo
357 2166 442 2231 enirn
464 2162 629 2254 paululum
653 2165 814 2232 immorari
836 2187 911 2234 cum
933 2167 981 2234 his
1004 2168 1059 2256 qui
1082 2165 1184 2234 nolunt
1201 2165 1271 2232 lateo

238 2275 431 2367 spiritaliter,
448 2275 504 2339 sed
518 2273 696 2340 secundum
712 2272 849 2341 litteram
864 2275 995 2366 intelligi
1005 2277 1044 2365 ll
1060 2275 1275 2367 nunquidnam

238 2385 416 2476 putandum
431 2395 498 2458 est,
515 2381 601 2469 quod
616 2383 816 2471 omnipotens
832 2383 916 2451 Deus
931 2383 970 2450 ad
983 2407 1095 2452 manus
1108 2386 1277 2475 respiceret

238 2494 360 2582 Moysi,
375 2503 408 2556 et
423 2490 578 2580 siquidem
595 2487 715 2556 videret
729 2513 781 2556 eas
794 2513 919 2558 sursum
936 2491 1091 2569 elevatas,
1109 2493 1210 2560 lsrael
1224 2495 1278 2560 sio·
1353 2477 1354 2496 Χ

239 2604 354 2668 torinm
370 2599 484 2665 daret.
500 2599 524 2664 si
543 2621 617 2665 vero
633 2599 781 2665 deorsum
799 2601 955 2688 dejectas,
974 2598 1277 2670 Amalechitisisio-
1351 2575 1353 2692 Ξ

239 2712 310 2777 eine
327 2711 457 2798 dignum
473 2718 520 2772 est
536 2703 575 2772 de
591 2709 690 2774 sancti
705 2709 843 2798 Spiritus
857 2710 974 2775 sentiro
989 2711 1223 2778 sermonibus?
1235 2713 1275 2778 ln

239 2815 317 2882 illud
332 2813 437 2902 potius
450 2807 628 2901 putendum
640 2823 688 2877 est
697 2814 808 2901 ,quod
819 2814 945 2881 sutura'
937 2835 969 2880 m
981 2815 1031 2880 lais
1042 2819 1199 2905 mysteria
1211 2838 1278 2905 prs·
1350 2777 1352 2892 l

240 2921 418 2990 formabat?
438 2921 518 3002 Quae
538 2919 667 3008 quidem
687 2921 726 2986 de
748 2923 852 2988 crucis
873 2935 1071 2990 sacramento
1086 2937 1120 2991 et
1135 2920 1279 2992 allisione
1350 2943 1352 2992 t

242 3052 396 3097 manuum
415 3027 585 3096 Salvatoris
606 3023 736 3118 intelligi
758 3031 867 3095 tritum
883 3033 966 3120 jem,
987 3043 1021 3098 et
1039 3032 1186 3099 umultis
1204 3057 1279 3124 saepo

241 3139 408 3204 dissertum
419 3149 477 3203 est.
493 3133 557 3204 Sed
567 3133 718 3226 quoniam
731 3134 875 3205 innovari
887 3163 1012 3229 semper
1023 3141 1158 3230 jubetur
1170 3145 1216 3223 is,
1231 3145 1278 3234 qui

241 3248 416 3313 seeundum
432 3244 637 3335 Evangelium
656 3247 750 3322 vivit,
767 3259 800 3312 et
815 3267 932 3314 novum
946 3249 1192 3318 Testamentum
1208 3277 1280 3320 seor

241 3379 299 3446 per
313 3355 408 3419 debet
424 3353 513 3419 novis
533 3353 677 3419 sensibus
696 3347 865 3432 illustrari,
885 3367 916 3421 et
931 3369 1060 3422 cantare
1076 3359 1220 3426 Domino
1233 3364 1281 3449 ju·
1347 3325 1350 3437 l

241 3467 357 3530 bemur
371 3463 532 3527 canticum
548 3481 684 3538 novum,
700 3475 733 3528 et
747 3464 879 3530 interior
892 3461 990 3531 homo
1006 3477 1197 3534 nosternon
1209 3470 1280 3534 tint
1347 3447 1349 3488 ¹

240 3570 356 3640 Paulus
375 3567 447 3657 quia
464 3595 477 3629 a
494 3583 686 3636 renovatur»
705 3582 738 3637 et
754 3568 859 3648 stetit,
881 3573 936 3640 sed
954 3603 967 3636 a
984 3587 1157 3641 renovatur
1177 3578 1219 3646 de
1235 3579 1280 3642 dis
1348 3647 1349 3666 q

241 3683 295 3748 sin
315 3677 419 3746 diem⁸
440 3698 448 3743 t
466 3705 479 3740 a
500 3673 667 3767 oportebat
691 3681 786 3747 etiam
812 3702 869 3747 noa
893 3694 925 3748 et
949 3681 990 3748 de
1016 3683 1171 3750 orationis
1191 3685 1282 3751 modo
1347 3667 1348 3684 ἵ

242 3789 376 3880 qualiter
398 3786 465 3851 sine
486 3785 718 3856 intermissione
739 3791 895 3857 orandum
920 3792 979 3866 sit,
995 3803 1028 3856 ot
1046 3791 1087 3858 de
1108 3791 1282 3862 elevatione
1345 3811 1348 3890 p

282 3933 382 3984 ¹Exod.
397 3949 460 3982 xvu.
474 3929 530 3971 -¹
546 3953 554 3983 r
571 3933 630 3985 Cor.
645 3955 671 3998 x,
691 3953 728 3985 ιι.
740 3965 771 3976 -
784 3933 816 3986 ’a
833 3936 891 3989 Cur.
907 3955 948 3998 rr,
965 3939 1002 3987 iti.

1344 4013 1347 4090 l
