2692 4610
323 339 357 381 ns
381 337 550 380 nsvrrscou
573 337 700 382 nonius
726 341 768 382 rx.
996 343 1055 410 ²²7

66 479 133 544 gare,
145 477 211 522 cum
221 477 257 520 ne
271 455 310 519 ad
325 455 396 520 baec
412 456 475 543 ipsa
492 454 621 540 quidem
637 453 794 519 audienda
810 456 1057 522 conveniamus?

67 565 131 642 Quis
143 565 217 629 enim
230 574 366 628 vestrum
382 585 456 627 cum
476 563 650 625 recitantur
670 561 841 650 Scripturae
865 565 985 650 praebet
1007 589 1062 630 au·

62 671 171 738 ditum?
182 673 255 736 Deua
268 693 324 758 per
338 669 529 757 Prophetam
542 670 767 746 comminatur,
780 683 813 734 et
827 670 956 758 quidem
969 673 1058 739 inira

65 801 163 866 magna
175 801 181 842 :
194 780 248 843 rEt
261 779 383 842 mittam
400 777 516 841 famem
531 799 625 864 super
641 790 770 852 terram,
787 799 851 841 non
872 777 988 844 samem
1007 804 1060 868 pa-

67 887 144 960 »nis,
158 910 241 973 neque
253 887 338 952 sitim
354 909 455 974 aquae,
469 886 526 951 sed
541 885 657 950 samem
668 887 816 952 audiendi
830 888 923 954 verba
936 889 993 954 Dei
1003 888 1051 954 ’.ι

68 995 123 1058 Sed
135 1018 205 1060 nunc
217 996 327 1062 samem
343 1017 409 1062 non
432 995 516 1060 misit
538 996 623 1060 Deus
644 1019 739 1084 super
760 995 933 1062 Ecclesiam
956 1022 1058 1076 suam,

66 1126 152 1188 neque
163 1104 234 1168 silim
244 1106 284 1170 ad
299 1103 493 1170 audiendum
506 1104 638 1169 verbum
653 1105 721 1168 Dei.
738 1104 897 1169 Habemus
912 1108 997 1172 enim
1008 1133 1061 1197 pn·

64 1233 124 1274 nam
135 1213 236 1287 rivum,
248 1214 301 1300 qni
317 1214 357 1278 de
371 1212 452 1280 coelo
467 1211 645 1284 descendit;
661 1212 815 1277 babemus
831 1236 946 1299 aquam
958 1217 1061 1282 rivam

61 1319 200 1385 salientem
218 1324 247 1387 in
267 1323 364 1388 vitam
387 1335 548 1388 aetarnam.
573 1321 640 1386 Cur
659 1345 716 1385 nas
742 1322 826 1409 ipsos
844 1306 1064 1390 mortalitatis

64 1438 186 1514 tempore
199 1429 271 1494 lame
285 1452 437 1494 necamus
453 1452 490 1493 ac
509 1429 582 1494 siti?
593 1428 693 1516 Pigra}
704 1440 736 1493 et
751 1429 865 1494 desidis
878 1433 990 1498 animae
1002 1448 1061 1508 est,

66 1535 95 1598 in
108 1537 272 1604 abundantia
289 1539 433 1603 omnium
448 1538 615 1626 penuriam
631 1538 706 1623 pati.
728 1537 799 1603 Non
814 1538 945 1604 audistis
960 1563 998 1606 ex
1013 1543 1063 1606 di-

64 1643 132 1708 vinis
146 1643 309 1733 scripturis,
322 1647 396 1732 quia
413 1655 573 1710 certamen
588 1655 637 1707 est
652 1644 734 1708 inter
749 1626 894 1710 homines
910 1648 998 1712 carni
1009 1649 1063 1714 ad·

64 1773 167 1816 versum
180 1753 330 1840 spiritum,
345 1763 378 1816 et
392 1751 513 1840 spiritui
529 1750 679 1816 adversus
694 1774 823 1817 carnem
833 1751 844 1785 ²
854 1752 868 1815 i'
880 1753 920 1816 Et
936 1755 1062 1822 nescitis

56 1861 129 1946 quod
141 1861 164 1925 si
176 1885 299 1928 carnem
317 1861 416 1927 solam
437 1859 595 1934 nutriatis,
611 1871 644 1923 et
666 1861 764 1947 ipsam
787 1860 944 1948 frequenti
964 1864 1064 1930 molli-

59 1967 94 2032 tie
107 1991 140 2034 ac
151 1970 210 2058 jugi
232 1970 421 2036 deliciarum
435 1967 524 2032 lluxu
543 1967 685 2042 foveatis,
701 1967 868 2034 insolescet
887 1975 1063 2039 necessario

57 2077 202 2142 advenum
216 2079 376 2164 spiritum,
392 2087 424 2142 et
444 2074 555 2139 sortior
575 2072 629 2138 illo
646 2073 823 2139 efficietur?
839 2076 936 2154 Quod
953 2079 979 2144 si
995 2078 1062 2155 fiat,

58 2207 122 2250 eum
135 2186 195 2250 sine
209 2187 303 2252 dubio
320 2186 353 2250 in
370 2185 522 2249 ditionem
541 2205 630 2247 suam
645 2183 823 2257 redactum,
836 2185 901 2250 suis
913 2199 1006 2275 coget
1022 2188 1066 2254 le-

59 2295 142 2381 gibus
157 2319 190 2360 aa
203 2297 275 2360 vitiis
287 2295 433 2361 obedire.
450 2292 482 2357 Si
500 2315 573 2356 vero
585 2292 626 2356 ad
637 2289 809 2357 Ecclesiam
824 2293 1006 2381 frequenter
1017 2319 1066 2361 ve-

58 2399 130 2476 nias,
144 2425 242 2468 aurem
255 2405 368 2470 litteris
388 2403 501 2467 divinis
518 2402 698 2476 admoveas,
712 2401 964 2490 explanationem
980 2429 1066 2471 man-

56 2508 185 2576 datorum
204 2511 380 2577 coelestium
398 2510 517 2597 capias,
535 2509 618 2574 sicut
633 2509 711 2574 cibis
728 2520 760 2573 ot
779 2505 898 2574 deliciis
916 2533 1004 2587 caro,
1024 2513 1065 2577 ita

50 2617 162 2705 spiritus
174 2621 272 2686 verbis
284 2620 403 2685 divinis
416 2616 627 2690 convalescet,
639 2638 678 2680 ac
692 2617 847 2692 sensibus,
861 2631 893 2682 et
909 2621 1068 2686 robustior

50 2729 177 2802 effaetus,
189 2752 323 2795 carnem
338 2728 398 2794 sibi
413 2748 524 2816 parare
540 2737 645 2813 coget,
658 2747 696 2790 ac
715 2726 778 2789 siris
790 2725 911 2814 legibus
923 2729 1064 2817 obsequi.

51 2837 231 2904 Natrimentu
252 2839 355 2926 igitur
370 2836 497 2924 spiritus
509 2843 596 2907 sunt,
609 2833 711 2897 divina
731 2831 838 2907 lectio,
851 2835 1009 2901 orationes
1023 2859 1070 2902 ns-

48 2947 142 3022 siduae,
154 2970 260 3012 sermo
275 2944 443 3010 doctrina.
460 2943 514 3007 llis
526 2941 621 3007 alitur
633 2940 724 3014 cibis,
741 2941 789 3004 his
804 2941 1006 3020 convalescit,
1020 2945 1069 3011 his

47 3057 134 3121 sistor
147 3057 297 3122 efficitur.
327 3053 422 3131 Quod
442 3051 594 3139 quianon
614 3049 727 3124 facitis,
746 3047 843 3113 nolite
863 3055 1069 3140 conqueritis

49 3163 213 3231 infirmitate
224 3162 353 3235 carnis,
367 3158 462 3225 nolite
474 3159 581 3222 dicere
593 3158 664 3245 quia
673 3155 841 3232 Volumus,
854 3159 982 3226 sednon
994 3186 1070 3250 pos-

50 3297 155 3347 sumus:
176 3277 336 3341 volumus
351 3272 551 3337 continenter
573 3269 689 3342 vivere,
710 3268 765 3332 sed
783 3270 886 3333 carnis
905 3270 1072 3358 fragilitate

52 3380 220 3470 decipimur,
242 3396 278 3448 et
300 3382 529 3467 impugnamur
545 3375 679 3441 stimulis
694 3377 773 3463 ejus.
788 3376 836 3439 Tu
854 3378 908 3443 ‹las
929 3381 1073 3448 stimulos
1170 3405 1172 3408 ·

54 3491 142 3552 carnis
153 3505 226 3564 tuae,
241 3503 282 3555 tu
302 3511 377 3552 eam
394 3486 542 3551 adversus
561 3485 706 3572 spiritum
728 3495 817 3548 tuum
834 3507 949 3561 armas,
968 3499 999 3552 et
1015 3513 1075 3577 po-

52 3610 155 3666 tentem
169 3603 261 3676 iscis,
277 3621 358 3666 cum
371 3618 439 3682 eam
452 3595 600 3661 carnibus
612 3594 717 3667 satias,
733 3594 805 3657 vino
816 3593 914 3658 nimio
926 3595 1072 3672 innodas,

51 3711 123 3773 amni
141 3709 276 3776 mollitie
299 3704 422 3795 palpas,
443 3715 475 3767 et
495 3703 536 3766 ad
554 3701 716 3766 illecebras
740 3702 851 3766 nutris.
878 3701 926 3767 An
949 3707 1075 3770 nescitis

47 3821 184 3902 quianon
199 3828 317 3909 potest
329 3812 498 3879 aedilicium
511 3810 594 3876 istud
609 3808 756 3874 Ecclesiae
768 3833 805 3872 ex
821 3809 952 3896 leprosis
967 3810 1077 3899 lapidi·
1171 3827 1173 3830 ’
1191 3809 1193 3812 ’

75 3947 175 4000 'Amne
189 3965 247 4008 τιιι,
266 3963 308 3995 ιι.
322 3973 351 3984 -
364 3943 375 3975 ²
389 3941 472 3993 Galat.
489 3943 512 3988 5.

892 4025 939 4086 15.
1026 4037 1046 4048 ’·
