<?xml version="1.0" encoding="UTF-8"?>
<!DOCTYPE html PUBLIC "-//W3C//DTD XHTML 1.0 Transitional//EN"
    "http://www.w3.org/TR/xhtml1/DTD/xhtml1-transitional.dtd">
<html xmlns="http://www.w3.org/1999/xhtml" xml:lang="en" lang="en">
 <head>
  <title>
</title>
<meta http-equiv="Content-Type" content="text/html;charset=utf-8" />
  <meta name='ocr-system' content='tesseract 3.04.00' />
  <meta name='ocr-capabilities' content='ocr_page ocr_carea ocr_par ocr_line ocrx_word'/>
</head>
<body>
  <div class='ocr_page' id='page_1' title='image "./collectioselect01guilgoog_0737.png"; bbox 0 0 2734 4594; ppageno 0'>
   <div class='ocr_carea' id='block_1_1' title="bbox 403 239 1165 326">
    <p class='ocr_par' dir='ltr' id='par_1_1' title="bbox 403 239 1165 326">
     <span class='ocr_line' id='line_1_1' title="bbox 403 239 1165 326; baseline 0.012 -32"><span class='ocrx_word' id='word_1_1' title='bbox 403 252 434 296; x_wconf 81' lang='lat' dir='ltr'><strong>aa</strong></span> <span class='ocrx_word' id='word_1_2' title='bbox 458 253 570 295; x_wconf 81' lang='lat' dir='ltr'><strong>arnauu</strong></span> <span class='ocrx_word' id='word_1_3' title='bbox 594 253 760 296; x_wconf 82' lang='lat' dir='ltr'><strong>naenonuu</strong></span> <span class='ocrx_word' id='word_1_4' title='bbox 783 255 846 298; x_wconf 83' lang='lat' dir='ltr'><strong>uou</strong></span> <span class='ocrx_word' id='word_1_5' title='bbox 869 257 890 298; x_wconf 88' lang='lat' dir='ltr'><strong>r.</strong></span> <span class='ocrx_word' id='word_1_6' title='bbox 1105 239 1165 326; x_wconf 75' lang='lat'><strong>¹⁵9</strong></span> 
     </span>
    </p>
   </div>
   <div class='ocr_carea' id='block_1_2' title="bbox 71 375 1247 3674">
    <p class='ocr_par' dir='ltr' id='par_1_2' title="bbox 71 375 1247 3556">
     <span class='ocr_line' id='line_1_2' title="bbox 131 375 1165 462; baseline 0.003 -16"><span class='ocrx_word' id='word_1_7' title='bbox 131 379 210 446; x_wconf 89' lang='lat' dir='ltr'><strong>libus</strong></span> <span class='ocrx_word' id='word_1_8' title='bbox 232 377 412 444; x_wconf 87' lang='lat' dir='ltr'><strong>ministrare</strong></span> <span class='ocrx_word' id='word_1_9' title='bbox 434 375 617 462; x_wconf 80' lang='lat' dir='ltr'>mysteriis,</span> <span class='ocrx_word' id='word_1_10' title='bbox 639 387 716 442; x_wconf 89' lang='lat' dir='ltr'><strong>tunc</strong></span> <span class='ocrx_word' id='word_1_11' title='bbox 736 376 813 442; x_wconf 85' lang='lat' dir='ltr'><strong>dicit</strong></span> <span class='ocrx_word' id='word_1_12' title='bbox 834 377 874 444; x_wconf 91' lang='lat' dir='ltr'><strong>ad</strong></span> <span class='ocrx_word' id='word_1_13' title='bbox 895 401 969 446; x_wconf 91' lang='lat' dir='ltr'><strong>eum</strong></span> <span class='ocrx_word' id='word_1_14' title='bbox 994 393 1028 445; x_wconf 92' lang='lat' dir='ltr'><strong>ut</strong></span> <span class='ocrx_word' id='word_1_15' title='bbox 1049 382 1165 450; x_wconf 83' lang='lat' dir='ltr'><strong>iudicia</strong></span> 
     </span>
     <span class='ocr_line' id='line_1_3' title="bbox 130 481 1166 575; baseline 0.005 -24"><span class='ocrx_word' id='word_1_16' title='bbox 130 484 326 552; x_wconf 75' lang='lat' dir='ltr'><strong>mortalitatis</strong></span> <span class='ocrx_word' id='word_1_17' title='bbox 350 483 521 571; x_wconf 85' lang='lat' dir='ltr'><strong>abjiceret.</strong></span> <span class='ocrx_word' id='word_1_18' title='bbox 540 506 610 570; x_wconf 83' lang='lat' dir='ltr'><strong>quae</strong></span> <span class='ocrx_word' id='word_1_19' title='bbox 627 483 660 547; x_wconf 93' lang='lat' dir='ltr'><strong>in</strong></span> <span class='ocrx_word' id='word_1_20' title='bbox 680 481 902 550; x_wconf 77' lang='lat' dir='ltr'><strong>calceamentis</strong></span> <span class='ocrx_word' id='word_1_21' title='bbox 923 485 1063 575; x_wconf 78' lang='lat' dir='ltr'><strong>pelliceis</strong></span> <span class='ocrx_word' id='word_1_22' title='bbox 1080 491 1166 555; x_wconf 88' lang='lat' dir='ltr'><strong>desi·</strong></span> 
     </span>
     <span class='ocr_line' id='line_1_4' title="bbox 129 591 1166 684; baseline 0.005 -25"><span class='ocrx_word' id='word_1_23' title='bbox 129 606 276 684; x_wconf 87' lang='lat' dir='ltr'><strong>guantur.</strong></span> <span class='ocrx_word' id='word_1_24' title='bbox 290 593 361 681; x_wconf 86' lang='lat' dir='ltr'><strong>Ego</strong></span> <span class='ocrx_word' id='word_1_25' title='bbox 378 602 458 679; x_wconf 90' lang='lat' dir='ltr'><strong>puto</strong></span> <span class='ocrx_word' id='word_1_26' title='bbox 469 591 731 679; x_wconf 87' lang='lat' dir='ltr'><strong>quodproptcrea</strong></span> <span class='ocrx_word' id='word_1_27' title='bbox 743 603 775 656; x_wconf 91' lang='lat' dir='ltr'><strong>ct</strong></span> <span class='ocrx_word' id='word_1_28' title='bbox 788 591 1166 680; x_wconf 77' lang='lat' dir='ltr'><strong>ApostolissuisSalvator</strong></span> 
     </span>
     <span class='ocr_line' id='line_1_5' title="bbox 129 695 1165 791; baseline 0.005 -25"><span class='ocrx_word' id='word_1_29' title='bbox 129 701 306 791; x_wconf 69' lang='lat' dir='ltr'><strong>praecepit,</strong></span> <span class='ocrx_word' id='word_1_30' title='bbox 329 721 370 764; x_wconf 88' lang='lat' dir='ltr'><strong>ne</strong></span> <span class='ocrx_word' id='word_1_31' title='bbox 391 697 547 764; x_wconf 88' lang='lat' dir='ltr'><strong>haberent</strong></span> <span class='ocrx_word' id='word_1_32' title='bbox 567 695 782 766; x_wconf 85' lang='lat' dir='ltr'><strong>calceamenta</strong></span> <span class='ocrx_word' id='word_1_33' title='bbox 802 700 834 764; x_wconf 91' lang='lat' dir='ltr'><strong>iu</strong></span> <span class='ocrx_word' id='word_1_34' title='bbox 859 700 993 789; x_wconf 87' lang='lat' dir='ltr'><strong>pedibus</strong></span> <span class='ocrx_word' id='word_1_35' title='bbox 1017 704 1080 768; x_wconf 88' lang='lat' dir='ltr'><strong>suis</strong></span> <span class='ocrx_word' id='word_1_36' title='bbox 1099 754 1108 781; x_wconf 94' lang='lat'>‚</span> <span class='ocrx_word' id='word_1_37' title='bbox 1130 718 1165 772; x_wconf 90' lang='lat' dir='ltr'><strong>ut</strong></span> 
     </span>
     <span class='ocr_line' id='line_1_6' title="bbox 133 805 1165 897; baseline 0.006 -25"><span class='ocrx_word' id='word_1_38' title='bbox 133 809 273 897; x_wconf 89' lang='lat' dir='ltr'><strong>ipsorum</strong></span> <span class='ocrx_word' id='word_1_39' title='bbox 287 805 384 896; x_wconf 84' lang='lat' dir='ltr'><strong>pedes</strong></span> <span class='ocrx_word' id='word_1_40' title='bbox 399 805 453 893; x_wconf 88' lang='lat' dir='ltr'><strong>qui</strong></span> <span class='ocrx_word' id='word_1_41' title='bbox 463 806 632 871; x_wconf 86' lang='lat' dir='ltr'><strong>currebant</strong></span> <span class='ocrx_word' id='word_1_42' title='bbox 644 806 685 872; x_wconf 83' lang='lat' dir='ltr'><strong>ad</strong></span> <span class='ocrx_word' id='word_1_43' title='bbox 700 807 956 876; x_wconf 87' lang='lat' dir='ltr'><strong>annunciandum</strong></span> <span class='ocrx_word' id='word_1_44' title='bbox 969 810 1065 878; x_wconf 84' lang='lat' dir='ltr'><strong>vitam</strong></span> <span class='ocrx_word' id='word_1_45' title='bbox 1077 823 1165 878; x_wconf 82' lang='lat' dir='ltr'><strong>teter·</strong></span> 
     </span>
     <span class='ocr_line' id='line_1_7' title="bbox 131 899 1163 1007; baseline 0.004 -25"><span class='ocrx_word' id='word_1_46' title='bbox 131 939 222 993; x_wconf 81' lang='lat' dir='ltr'><strong>nun,</strong></span> <span class='ocrx_word' id='word_1_47' title='bbox 239 915 324 982; x_wconf 90' lang='lat' dir='ltr'><strong>omni</strong></span> <span class='ocrx_word' id='word_1_48' title='bbox 341 899 488 982; x_wconf 75' lang='lat' dir='ltr'><strong>carerent</strong></span> <span class='ocrx_word' id='word_1_49' title='bbox 501 911 700 980; x_wconf 82' lang='lat' dir='ltr'><strong>mortalitatis</strong></span> <span class='ocrx_word' id='word_1_50' title='bbox 719 914 835 980; x_wconf 85' lang='lat' dir='ltr'><strong>indicio</strong></span> <span class='ocrx_word' id='word_1_51' title='bbox 853 939 859 980; x_wconf 93' lang='lat'><strong>:</strong></span> <span class='ocrx_word' id='word_1_52' title='bbox 876 917 992 1006; x_wconf 89' lang='lat' dir='ltr'><strong>quippe</strong></span> <span class='ocrx_word' id='word_1_53' title='bbox 1007 919 1061 1007; x_wconf 89' lang='lat' dir='ltr'><strong>qui</strong></span> <span class='ocrx_word' id='word_1_54' title='bbox 1077 918 1163 986; x_wconf 89' lang='lat' dir='ltr'><strong>illam</strong></span> 
     </span>
     <span class='ocr_line' id='line_1_8' title="bbox 130 1021 1165 1110; baseline 0.002 -20"><span class='ocrx_word' id='word_1_55' title='bbox 130 1024 210 1091; x_wconf 80' lang='lat' dir='ltr'><strong>riam</strong></span> <span class='ocrx_word' id='word_1_56' title='bbox 230 1023 439 1099; x_wconf 88' lang='lat' dir='ltr'><strong>incederent,</strong></span> <span class='ocrx_word' id='word_1_57' title='bbox 453 1025 533 1108; x_wconf 82' lang='lat' dir='ltr'><strong>&#39;quae</strong></span> <span class='ocrx_word' id='word_1_58' title='bbox 557 1021 661 1086; x_wconf 89' lang='lat' dir='ltr'><strong>dicit:</strong></span> <span class='ocrx_word' id='word_1_59' title='bbox 686 1022 784 1110; x_wconf 83' lang='lat' dir='ltr'><strong>«Ego</strong></span> <span class='ocrx_word' id='word_1_60' title='bbox 808 1046 878 1088; x_wconf 91' lang='lat' dir='ltr'><strong>sum</strong></span> <span class='ocrx_word' id='word_1_61' title='bbox 903 1024 952 1090; x_wconf 87' lang='lat' dir='ltr'><strong>via</strong></span> <span class='ocrx_word' id='word_1_62' title='bbox 970 1074 979 1099; x_wconf 91' lang='lat'><strong>,</strong></span> <span class='ocrx_word' id='word_1_63' title='bbox 997 1026 1110 1094; x_wconf 85' lang='lat' dir='ltr'><strong>veritas</strong></span> <span class='ocrx_word' id='word_1_64' title='bbox 1131 1039 1165 1092; x_wconf 91' lang='lat' dir='ltr'><strong>et</strong></span> 
     </span>
     <span class='ocr_line' id='line_1_9' title="bbox 127 1128 1162 1202; baseline 0.009 -12"><span class='ocrx_word' id='word_1_65' title='bbox 127 1129 241 1198; x_wconf 81' lang='lat' dir='ltr'><strong>»vita¹.</strong></span> <span class='ocrx_word' id='word_1_66' title='bbox 261 1159 274 1191; x_wconf 80' lang='grc' dir='ltr'><strong>ι</strong></span> <span class='ocrx_word' id='word_1_67' title='bbox 296 1131 399 1196; x_wconf 88' lang='lat' dir='ltr'><strong>Nemo</strong></span> <span class='ocrx_word' id='word_1_68' title='bbox 421 1129 507 1194; x_wconf 90' lang='lat' dir='ltr'><strong>enim</strong></span> <span class='ocrx_word' id='word_1_69' title='bbox 530 1128 612 1194; x_wconf 80' lang='lat' dir='ltr'><strong>viam</strong></span> <span class='ocrx_word' id='word_1_70' title='bbox 635 1129 703 1194; x_wconf 73' lang='lat' dir='ltr'><strong>vitae</strong></span> <span class='ocrx_word' id='word_1_71' title='bbox 725 1151 800 1196; x_wconf 90' lang='lat' dir='ltr'><strong>cum</strong></span> <span class='ocrx_word' id='word_1_72' title='bbox 819 1129 1021 1202; x_wconf 84' lang='lat' dir='ltr'><strong>mortalitatis</strong></span> <span class='ocrx_word' id='word_1_73' title='bbox 1045 1132 1162 1200; x_wconf 89' lang='lat' dir='ltr'><strong>indicio</strong></span> 
     </span>
     <span class='ocr_line' id='line_1_10' title="bbox 125 1234 1163 1324; baseline 0.004 -22"><span class='ocrx_word' id='word_1_74' title='bbox 125 1238 253 1304; x_wconf 87' lang='lat' dir='ltr'><strong>incedit.</strong></span> <span class='ocrx_word' id='word_1_75' title='bbox 275 1236 360 1304; x_wconf 85' lang='lat' dir='ltr'><strong>Talis</strong></span> <span class='ocrx_word' id='word_1_76' title='bbox 376 1258 453 1324; x_wconf 87' lang='lat' dir='ltr'><strong>ergo</strong></span> <span class='ocrx_word' id='word_1_77' title='bbox 471 1247 520 1302; x_wconf 88' lang='lat' dir='ltr'><strong>est</strong></span> <span class='ocrx_word' id='word_1_78' title='bbox 539 1234 628 1302; x_wconf 90' lang='lat' dir='ltr'><strong>locus</strong></span> <span class='ocrx_word' id='word_1_79' title='bbox 650 1235 709 1302; x_wconf 89' lang='lat' dir='ltr'><strong>iste</strong></span> <span class='ocrx_word' id='word_1_80' title='bbox 725 1235 870 1302; x_wconf 89' lang='lat' dir='ltr'><strong>similiter</strong></span> <span class='ocrx_word' id='word_1_81' title='bbox 892 1238 947 1303; x_wconf 87' lang='lat' dir='ltr'><strong>uhi</strong></span> <span class='ocrx_word' id='word_1_82' title='bbox 968 1251 1016 1304; x_wconf 90' lang='lat' dir='ltr'><strong>est</strong></span> <span class='ocrx_word' id='word_1_83' title='bbox 1030 1240 1099 1305; x_wconf 90' lang='lat' dir='ltr'><strong>Heli</strong></span> <span class='ocrx_word' id='word_1_84' title='bbox 1116 1242 1163 1306; x_wconf 90' lang='lat' dir='ltr'><strong>vir</strong></span> 
     </span>
     <span class='ocr_line' id='line_1_11' title="bbox 126 1343 1164 1431; baseline 0.005 -22"><span class='ocrx_word' id='word_1_85' title='bbox 126 1346 231 1409; x_wconf 91' lang='lat' dir='ltr'><strong>minus</strong></span> <span class='ocrx_word' id='word_1_86' title='bbox 246 1343 420 1410; x_wconf 88' lang='lat' dir='ltr'><strong>laudabilis.</strong></span> <span class='ocrx_word' id='word_1_87' title='bbox 434 1343 496 1409; x_wconf 92' lang='lat' dir='ltr'><strong>Pro</strong></span> <span class='ocrx_word' id='word_1_88' title='bbox 507 1354 639 1431; x_wconf 87' lang='lat' dir='ltr'><strong>peccato</strong></span> <span class='ocrx_word' id='word_1_89' title='bbox 651 1345 736 1409; x_wconf 90' lang='lat' dir='ltr'><strong>enim</strong></span> <span class='ocrx_word' id='word_1_90' title='bbox 754 1356 929 1411; x_wconf 81' lang='lat' dir='ltr'><strong>retrorsum</strong></span> <span class='ocrx_word' id='word_1_91' title='bbox 943 1369 1096 1412; x_wconf 89' lang='lat' dir='ltr'><strong>corruens</strong></span> <span class='ocrx_word' id='word_1_92' title='bbox 1108 1371 1164 1414; x_wconf 83' lang='lat' dir='ltr'><strong>ex-</strong></span> 
     </span>
     <span class='ocr_line' id='line_1_12' title="bbox 128 1447 1163 1538; baseline 0.005 -24"><span class='ocrx_word' id='word_1_93' title='bbox 128 1451 251 1538; x_wconf 84' lang='lat' dir='ltr'><strong>piravit.</strong></span> <span class='ocrx_word' id='word_1_94' title='bbox 266 1452 307 1515; x_wconf 87' lang='lat' dir='ltr'><strong>Et</strong></span> <span class='ocrx_word' id='word_1_95' title='bbox 318 1473 383 1516; x_wconf 91' lang='lat' dir='ltr'><strong>non</strong></span> <span class='ocrx_word' id='word_1_96' title='bbox 397 1461 544 1537; x_wconf 90' lang='lat' dir='ltr'><strong>putemus</strong></span> <span class='ocrx_word' id='word_1_97' title='bbox 559 1449 646 1537; x_wconf 89' lang='lat' dir='ltr'><strong>quod</strong></span> <span class='ocrx_word' id='word_1_98' title='bbox 659 1448 717 1514; x_wconf 91' lang='lat' dir='ltr'><strong>iste</strong></span> <span class='ocrx_word' id='word_1_99' title='bbox 728 1447 813 1516; x_wconf 88' lang='lat' dir='ltr'><strong>solus</strong></span> <span class='ocrx_word' id='word_1_100' title='bbox 824 1463 998 1518; x_wconf 83' lang='lat' dir='ltr'><strong>retrorsum</strong></span> <span class='ocrx_word' id='word_1_101' title='bbox 1011 1473 1163 1519; x_wconf 88' lang='lat' dir='ltr'><strong>corruens</strong></span> 
     </span>
     <span class='ocr_line' id='line_1_13' title="bbox 128 1552 1163 1644; baseline 0.004 -26"><span class='ocrx_word' id='word_1_102' title='bbox 128 1554 333 1643; x_wconf 82' lang='lat' dir='ltr'><strong>expiraverit,</strong></span> <span class='ocrx_word' id='word_1_103' title='bbox 357 1552 411 1618; x_wconf 89' lang='lat' dir='ltr'><strong>sed</strong></span> <span class='ocrx_word' id='word_1_104' title='bbox 427 1565 458 1618; x_wconf 87' lang='lat' dir='ltr'><strong>et</strong></span> <span class='ocrx_word' id='word_1_105' title='bbox 472 1572 560 1620; x_wconf 91' lang='lat' dir='ltr'><strong>nunc</strong></span> <span class='ocrx_word' id='word_1_106' title='bbox 575 1553 600 1618; x_wconf 86' lang='lat' dir='ltr'><strong>si</strong></span> <span class='ocrx_word' id='word_1_107' title='bbox 616 1553 685 1640; x_wconf 87' lang='lat' dir='ltr'><strong>quis</strong></span> <span class='ocrx_word' id='word_1_108' title='bbox 701 1564 874 1623; x_wconf 85' lang='lat' dir='ltr'><strong>retrorsum</strong></span> <span class='ocrx_word' id='word_1_109' title='bbox 891 1556 1030 1638; x_wconf 83' lang='lat' dir='ltr'><strong>corruit,</strong></span> <span class='ocrx_word' id='word_1_110' title='bbox 1052 1557 1163 1644; x_wconf 83' lang='lat' dir='ltr'><strong>siquis</strong></span> 
     </span>
     <span class='ocr_line' id='line_1_14' title="bbox 129 1657 1162 1740; baseline 0.005 -15"><span class='ocrx_word' id='word_1_111' title='bbox 129 1673 213 1725; x_wconf 90' lang='lat' dir='ltr'><strong>retro</strong></span> <span class='ocrx_word' id='word_1_112' title='bbox 226 1661 418 1726; x_wconf 84' lang='lat' dir='ltr'><strong>convertitur</strong></span> <span class='ocrx_word' id='word_1_113' title='bbox 429 1685 447 1726; x_wconf 87' lang='lat' dir='ltr'><strong>e</strong></span> <span class='ocrx_word' id='word_1_114' title='bbox 459 1659 521 1726; x_wconf 87' lang='lat' dir='ltr'><strong>lide</strong></span> <span class='ocrx_word' id='word_1_115' title='bbox 539 1671 571 1725; x_wconf 91' lang='lat' dir='ltr'><strong>et</strong></span> <span class='ocrx_word' id='word_1_116' title='bbox 584 1660 732 1736; x_wconf 86' lang='lat' dir='ltr'><strong>veritate,</strong></span> <span class='ocrx_word' id='word_1_117' title='bbox 745 1657 874 1727; x_wconf 77' lang='lat' dir='ltr'><strong>necesse</strong></span> <span class='ocrx_word' id='word_1_118' title='bbox 889 1673 936 1726; x_wconf 89' lang='lat' dir='ltr'><strong>est</strong></span> <span class='ocrx_word' id='word_1_119' title='bbox 948 1675 984 1727; x_wconf 93' lang='lat' dir='ltr'><strong>ut</strong></span> <span class='ocrx_word' id='word_1_120' title='bbox 998 1664 1093 1729; x_wconf 89' lang='lat' dir='ltr'><strong>cadat</strong></span> <span class='ocrx_word' id='word_1_121' title='bbox 1108 1713 1117 1740; x_wconf 94' lang='lat'><strong>,</strong></span> <span class='ocrx_word' id='word_1_122' title='bbox 1130 1678 1162 1730; x_wconf 89' lang='lat' dir='ltr'><strong>et</strong></span> 
     </span>
     <span class='ocr_line' id='line_1_15' title="bbox 127 1767 1161 1846; baseline 0.006 -14"><span class='ocrx_word' id='word_1_123' title='bbox 127 1779 161 1834; x_wconf 91' lang='lat' dir='ltr'><strong>ut</strong></span> <span class='ocrx_word' id='word_1_124' title='bbox 174 1769 325 1834; x_wconf 91' lang='lat' dir='ltr'><strong>continuo</strong></span> <span class='ocrx_word' id='word_1_125' title='bbox 339 1767 501 1836; x_wconf 88' lang='lat' dir='ltr'><strong>moriatur.</strong></span> <span class='ocrx_word' id='word_1_126' title='bbox 522 1768 586 1834; x_wconf 87' lang='lat' dir='ltr'><strong>Sed</strong></span> <span class='ocrx_word' id='word_1_127' title='bbox 600 1780 633 1833; x_wconf 90' lang='lat' dir='ltr'><strong>et</strong></span> <span class='ocrx_word' id='word_1_128' title='bbox 644 1769 677 1834; x_wconf 91' lang='lat' dir='ltr'><strong>ia</strong></span> <span class='ocrx_word' id='word_1_129' title='bbox 693 1768 941 1834; x_wconf 89' lang='lat' dir='ltr'><strong>Deuteronomio</strong></span> <span class='ocrx_word' id='word_1_130' title='bbox 957 1772 1161 1846; x_wconf 84' lang='lat' dir='ltr'><strong>comminatio</strong></span> 
     </span>
     <span class='ocr_line' id='line_1_16' title="bbox 123 1874 1161 1964; baseline 0.004 -24"><span class='ocrx_word' id='word_1_131' title='bbox 123 1875 343 1963; x_wconf 88' lang='lat' dir='ltr'><strong>peccatoribus</strong></span> <span class='ocrx_word' id='word_1_132' title='bbox 355 1876 542 1950; x_wconf 89' lang='lat' dir='ltr'><strong>intentatur,</strong></span> <span class='ocrx_word' id='word_1_133' title='bbox 559 1898 633 1940; x_wconf 90' lang='lat' dir='ltr'><strong>cum</strong></span> <span class='ocrx_word' id='word_1_134' title='bbox 646 1874 781 1940; x_wconf 91' lang='lat' dir='ltr'><strong>dicitur:</strong></span> <span class='ocrx_word' id='word_1_135' title='bbox 798 1878 863 1941; x_wconf 81' lang='lat' dir='ltr'><strong>«Et</strong></span> <span class='ocrx_word' id='word_1_136' title='bbox 878 1877 1099 1964; x_wconf 89' lang='lat' dir='ltr'><strong>opisthotonus</strong></span> <span class='ocrx_word' id='word_1_137' title='bbox 1114 1879 1161 1944; x_wconf 93' lang='lat' dir='ltr'><strong>in-</strong></span> 
     </span>
     <span class='ocr_line' id='line_1_17' title="bbox 124 1981 1162 2071; baseline 0.004 -27"><span class='ocrx_word' id='word_1_138' title='bbox 124 1981 324 2048; x_wconf 81' lang='lat' dir='ltr'><strong>»sanahilis².</strong></span> <span class='ocrx_word' id='word_1_139' title='bbox 349 2010 361 2042; x_wconf 81' lang='grc' dir='ltr'><strong>ι</strong></span> <span class='ocrx_word' id='word_1_140' title='bbox 387 1981 618 2069; x_wconf 90' lang='lat' dir='ltr'><strong>Opisthotonus</strong></span> <span class='ocrx_word' id='word_1_141' title='bbox 646 1995 753 2046; x_wconf 89' lang='lat' dir='ltr'><strong>autem</strong></span> <span class='ocrx_word' id='word_1_142' title='bbox 780 1983 858 2070; x_wconf 83' lang='lat' dir='ltr'><strong>tergi</strong></span> <span class='ocrx_word' id='word_1_143' title='bbox 889 1983 1107 2071; x_wconf 73' lang='lat' dir='ltr'><strong>egritudinem</strong></span> <span class='ocrx_word' id='word_1_144' title='bbox 1129 1997 1162 2049; x_wconf 93' lang='lat' dir='ltr'><strong>et</strong></span> 
     </span>
     <span class='ocr_line' id='line_1_18' title="bbox 123 2085 1159 2177; baseline 0.003 -24"><span class='ocrx_word' id='word_1_145' title='bbox 123 2090 334 2177; x_wconf 87' lang='lat' dir='ltr'><strong>posteriorum</strong></span> <span class='ocrx_word' id='word_1_146' title='bbox 350 2088 489 2175; x_wconf 89' lang='lat' dir='ltr'><strong>partium</strong></span> <span class='ocrx_word' id='word_1_147' title='bbox 506 2085 681 2174; x_wconf 86' lang='lat' dir='ltr'><strong>significat,</strong></span> <span class='ocrx_word' id='word_1_148' title='bbox 702 2098 734 2152; x_wconf 90' lang='lat' dir='ltr'><strong>et</strong></span> <span class='ocrx_word' id='word_1_149' title='bbox 754 2087 862 2174; x_wconf 88' lang='lat' dir='ltr'><strong>utique</strong></span> <span class='ocrx_word' id='word_1_150' title='bbox 881 2112 945 2154; x_wconf 92' lang='lat' dir='ltr'><strong>non</strong></span> <span class='ocrx_word' id='word_1_151' title='bbox 958 2091 1024 2155; x_wconf 88' lang='lat' dir='ltr'><strong>sinc</strong></span> <span class='ocrx_word' id='word_1_152' title='bbox 1040 2114 1159 2168; x_wconf 86' lang='lat' dir='ltr'><strong>causa,</strong></span> 
     </span>
     <span class='ocr_line' id='line_1_19' title="bbox 126 2191 1163 2286; baseline 0.001 -25"><span class='ocrx_word' id='word_1_153' title='bbox 126 2219 200 2261; x_wconf 89' lang='lat' dir='ltr'><strong>cum</strong></span> <span class='ocrx_word' id='word_1_154' title='bbox 219 2205 267 2262; x_wconf 90' lang='lat' dir='ltr'><strong>tot</strong></span> <span class='ocrx_word' id='word_1_155' title='bbox 288 2217 402 2286; x_wconf 88' lang='lat' dir='ltr'><strong>genera</strong></span> <span class='ocrx_word' id='word_1_156' title='bbox 418 2191 575 2282; x_wconf 87' lang='lat' dir='ltr'><strong>languoris</strong></span> <span class='ocrx_word' id='word_1_157' title='bbox 592 2192 771 2258; x_wconf 78' lang='lat' dir='ltr'><strong>habeantur</strong></span> <span class='ocrx_word' id='word_1_158' title='bbox 790 2192 940 2270; x_wconf 88' lang='lat' dir='ltr'><strong>humani,</strong></span> <span class='ocrx_word' id='word_1_159' title='bbox 961 2195 1024 2260; x_wconf 92' lang='lat' dir='ltr'><strong>hoc</strong></span> <span class='ocrx_word' id='word_1_160' title='bbox 1039 2199 1163 2284; x_wconf 89' lang='lat' dir='ltr'><strong>potissi-</strong></span> 
     </span>
     <span class='ocr_line' id='line_1_20' title="bbox 126 2299 1162 2390; baseline -0.001 -21"><span class='ocrx_word' id='word_1_161' title='bbox 126 2327 217 2369; x_wconf 91' lang='lat' dir='ltr'><strong>mum</strong></span> <span class='ocrx_word' id='word_1_162' title='bbox 236 2325 332 2390; x_wconf 88' lang='lat' dir='ltr'><strong>genus</strong></span> <span class='ocrx_word' id='word_1_163' title='bbox 355 2300 515 2390; x_wconf 82' lang='lat' dir='ltr'><strong>languoris</strong></span> <span class='ocrx_word' id='word_1_164' title='bbox 534 2299 703 2366; x_wconf 85' lang='lat' dir='ltr'><strong>ascribitur</strong></span> <span class='ocrx_word' id='word_1_165' title='bbox 724 2301 896 2387; x_wconf 88' lang='lat' dir='ltr'><strong>peccatori.</strong></span> <span class='ocrx_word' id='word_1_166' title='bbox 916 2301 995 2366; x_wconf 89' lang='lat' dir='ltr'><strong>Nam</strong></span> <span class='ocrx_word' id='word_1_167' title='bbox 1007 2315 1039 2367; x_wconf 89' lang='lat' dir='ltr'><strong>et</strong></span> <span class='ocrx_word' id='word_1_168' title='bbox 1055 2304 1088 2368; x_wconf 92' lang='lat' dir='ltr'><strong>in</strong></span> <span class='ocrx_word' id='word_1_169' title='bbox 1101 2305 1162 2368; x_wconf 90' lang='lat' dir='ltr'><strong>Ge-</strong></span> 
     </span>
     <span class='ocr_line' id='line_1_21' title="bbox 126 2408 1162 2497; baseline 0.001 -22"><span class='ocrx_word' id='word_1_170' title='bbox 126 2411 194 2476; x_wconf 91' lang='lat' dir='ltr'><strong>nesi</strong></span> <span class='ocrx_word' id='word_1_171' title='bbox 215 2432 292 2475; x_wconf 87' lang='lat' dir='ltr'><strong>uxor</strong></span> <span class='ocrx_word' id='word_1_172' title='bbox 312 2409 395 2477; x_wconf 88' lang='lat' dir='ltr'><strong>Loth</strong></span> <span class='ocrx_word' id='word_1_173' title='bbox 419 2433 489 2497; x_wconf 79' lang='lat' dir='ltr'><strong>quse</strong></span> <span class='ocrx_word' id='word_1_174' title='bbox 510 2419 596 2474; x_wconf 88' lang='lat' dir='ltr'><strong>retro</strong></span> <span class='ocrx_word' id='word_1_175' title='bbox 616 2429 768 2473; x_wconf 83' lang='lat' dir='ltr'><strong>conversa</strong></span> <span class='ocrx_word' id='word_1_176' title='bbox 794 2419 861 2483; x_wconf 84' lang='lat' dir='ltr'><strong>est,</strong></span> <span class='ocrx_word' id='word_1_177' title='bbox 878 2408 1020 2474; x_wconf 89' lang='lat' dir='ltr'><strong>divinum</strong></span> <span class='ocrx_word' id='word_1_178' title='bbox 1044 2410 1162 2476; x_wconf 93' lang='lat' dir='ltr'><strong>dicitur</strong></span> 
     </span>
     <span class='ocr_line' id='line_1_22' title="bbox 124 2513 1161 2608; baseline 0 -25"><span class='ocrx_word' id='word_1_179' title='bbox 124 2529 317 2606; x_wconf 86' lang='lat' dir='ltr'><strong>transgressa</strong></span> <span class='ocrx_word' id='word_1_180' title='bbox 332 2527 546 2608; x_wconf 71' lang='lat' dir='ltr'><strong>praeceptum,</strong></span> <span class='ocrx_word' id='word_1_181' title='bbox 566 2537 630 2601; x_wconf 91' lang='lat' dir='ltr'><strong>quo</strong></span> <span class='ocrx_word' id='word_1_182' title='bbox 651 2513 680 2578; x_wconf 90' lang='lat' dir='ltr'><strong>ei</strong></span> <span class='ocrx_word' id='word_1_183' title='bbox 700 2514 887 2580; x_wconf 88' lang='lat' dir='ltr'><strong>mandatum</strong></span> <span class='ocrx_word' id='word_1_184' title='bbox 909 2516 1029 2592; x_wconf 88' lang='lat' dir='ltr'><strong>fuerat,</strong></span> <span class='ocrx_word' id='word_1_185' title='bbox 1054 2540 1095 2584; x_wconf 90' lang='lat' dir='ltr'><strong>ue</strong></span> <span class='ocrx_word' id='word_1_186' title='bbox 1114 2542 1161 2583; x_wconf 89' lang='lat' dir='ltr'><strong>rc-</strong></span> 
     </span>
     <span class='ocr_line' id='line_1_23' title="bbox 122 2622 1160 2712; baseline 0 -24"><span class='ocrx_word' id='word_1_187' title='bbox 122 2637 263 2690; x_wconf 86' lang='lat' dir='ltr'><strong>trorsum</strong></span> <span class='ocrx_word' id='word_1_188' title='bbox 280 2624 468 2712; x_wconf 88' lang='lat' dir='ltr'><strong>respiceret,</strong></span> <span class='ocrx_word' id='word_1_189' title='bbox 486 2645 564 2688; x_wconf 85' lang='lat' dir='ltr'><strong>neve</strong></span> <span class='ocrx_word' id='word_1_190' title='bbox 577 2633 673 2688; x_wconf 89' lang='lat' dir='ltr'><strong>staret</strong></span> <span class='ocrx_word' id='word_1_191' title='bbox 685 2622 717 2685; x_wconf 92' lang='lat' dir='ltr'><strong>in</strong></span> <span class='ocrx_word' id='word_1_192' title='bbox 729 2622 815 2687; x_wconf 92' lang='lat' dir='ltr'><strong>omni</strong></span> <span class='ocrx_word' id='word_1_193' title='bbox 832 2622 976 2709; x_wconf 84' lang='lat' dir='ltr'><strong>regione,</strong></span> <span class='ocrx_word' id='word_1_194' title='bbox 987 2635 1021 2686; x_wconf 91' lang='lat' dir='ltr'><strong>et</strong></span> <span class='ocrx_word' id='word_1_195' title='bbox 1032 2624 1104 2690; x_wconf 90' lang='lat' dir='ltr'><strong>ideo</strong></span> <span class='ocrx_word' id='word_1_196' title='bbox 1117 2625 1160 2690; x_wconf 83' lang='lat' dir='ltr'><strong>el-</strong></span> 
     </span>
     <span class='ocr_line' id='line_1_24' title="bbox 121 2727 1247 2816; baseline 0 -20"><span class='ocrx_word' id='word_1_197' title='bbox 121 2731 206 2802; x_wconf 84' lang='lat' dir='ltr'><strong>lecta</strong></span> <span class='ocrx_word' id='word_1_198' title='bbox 217 2744 267 2796; x_wconf 90' lang='lat' dir='ltr'><strong>est</strong></span> <span class='ocrx_word' id='word_1_199' title='bbox 278 2729 459 2796; x_wconf 87' lang='lat' dir='ltr'><strong>staticulum</strong></span> <span class='ocrx_word' id='word_1_200' title='bbox 471 2729 542 2796; x_wconf 88' lang='lat' dir='ltr'><strong>salis</strong></span> <span class='ocrx_word' id='word_1_201' title='bbox 552 2729 575 2793; x_wconf 74' lang='lat'><strong>³.</strong></span> <span class='ocrx_word' id='word_1_202' title='bbox 585 2729 740 2794; x_wconf 93' lang='lat' dir='ltr'><strong>Dominus</strong></span> <span class='ocrx_word' id='word_1_203' title='bbox 751 2751 877 2816; x_wconf 91' lang='lat' dir='ltr'><strong>quoque</strong></span> <span class='ocrx_word' id='word_1_204' title='bbox 888 2740 920 2793; x_wconf 91' lang='lat' dir='ltr'><strong>et</strong></span> <span class='ocrx_word' id='word_1_205' title='bbox 935 2727 1079 2795; x_wconf 85' lang='lat' dir='ltr'><strong>Salvator</strong></span> <span class='ocrx_word' id='word_1_206' title='bbox 1090 2753 1160 2796; x_wconf 90' lang='lat' dir='ltr'><strong>nos·</strong></span> <span class='ocrx_word' id='word_1_207' title='bbox 1238 2767 1247 2776; x_wconf 95' lang='lat'><em>·</em></span> 
     </span>
     <span class='ocr_line' id='line_1_25' title="bbox 125 2835 1159 2927; baseline 0.002 -25"><span class='ocrx_word' id='word_1_208' title='bbox 125 2850 175 2903; x_wconf 92' lang='lat' dir='ltr'><strong>ter</strong></span> <span class='ocrx_word' id='word_1_209' title='bbox 186 2839 219 2904; x_wconf 90' lang='lat' dir='ltr'><strong>in</strong></span> <span class='ocrx_word' id='word_1_210' title='bbox 229 2837 417 2927; x_wconf 81' lang='lat' dir='ltr'><strong>Evangelio:</strong></span> <span class='ocrx_word' id='word_1_211' title='bbox 436 2866 450 2900; x_wconf 80' lang='grc' dir='ltr'><strong>ι</strong></span> <span class='ocrx_word' id='word_1_212' title='bbox 465 2838 585 2913; x_wconf 88' lang='lat' dir='ltr'><strong>Nemo,</strong></span> <span class='ocrx_word' id='word_1_213' title='bbox 599 2835 713 2922; x_wconf 83' lang='lat' dir='ltr'><strong>inquit,</strong></span> <span class='ocrx_word' id='word_1_214' title='bbox 730 2836 859 2901; x_wconf 90' lang='lat' dir='ltr'><strong>mittens</strong></span> <span class='ocrx_word' id='word_1_215' title='bbox 873 2859 1005 2902; x_wconf 90' lang='lat' dir='ltr'><strong>manum</strong></span> <span class='ocrx_word' id='word_1_216' title='bbox 1025 2860 1114 2904; x_wconf 89' lang='lat' dir='ltr'><strong>suam</strong></span> <span class='ocrx_word' id='word_1_217' title='bbox 1127 2837 1159 2904; x_wconf 92' lang='lat' dir='ltr'><strong>in</strong></span> 
     </span>
     <span class='ocr_line' id='line_1_26' title="bbox 71 2941 1159 3032; baseline 0.002 -26"><span class='ocrx_word' id='word_1_218' title='bbox 71 3022 73 3026; x_wconf 17' lang='grc' dir='ltr'><strong><em>ι</em></strong></span> <span class='ocrx_word' id='word_1_219' title='bbox 128 2957 290 3010; x_wconf 76' lang='lat' dir='ltr'><strong>»aratrum</strong></span> <span class='ocrx_word' id='word_1_220' title='bbox 300 2995 309 3022; x_wconf 83' lang='lat'><strong>,</strong></span> <span class='ocrx_word' id='word_1_221' title='bbox 321 2958 353 3012; x_wconf 93' lang='lat' dir='ltr'><strong>et</strong></span> <span class='ocrx_word' id='word_1_222' title='bbox 368 2957 453 3012; x_wconf 92' lang='lat' dir='ltr'><strong>retro</strong></span> <span class='ocrx_word' id='word_1_223' title='bbox 465 2944 635 3032; x_wconf 86' lang='lat' dir='ltr'><strong>respiciens</strong></span> <span class='ocrx_word' id='word_1_224' title='bbox 651 2954 742 3030; x_wconf 94' lang='lat' dir='ltr'><strong>aptus</strong></span> <span class='ocrx_word' id='word_1_225' title='bbox 757 2954 804 3007; x_wconf 87' lang='lat' dir='ltr'><strong>est</strong></span> <span class='ocrx_word' id='word_1_226' title='bbox 820 2965 916 3029; x_wconf 89' lang='lat' dir='ltr'><strong>regno</strong></span> <span class='ocrx_word' id='word_1_227' title='bbox 932 2942 989 3007; x_wconf 87' lang='lat' dir='ltr'><strong>Dei</strong></span> <span class='ocrx_word' id='word_1_228' title='bbox 1000 2941 1022 3007; x_wconf 82' lang='lat'><strong>⁴.</strong></span> <span class='ocrx_word' id='word_1_229' title='bbox 1039 2973 1051 3005; x_wconf 84' lang='grc' dir='ltr'><strong>ι</strong></span> <span class='ocrx_word' id='word_1_230' title='bbox 1070 2945 1159 3008; x_wconf 90' lang='lat' dir='ltr'><strong>lnsu·</strong></span> 
     </span>
     <span class='ocr_line' id='line_1_27' title="bbox 126 3049 1161 3141; baseline -0.001 -23"><span class='ocrx_word' id='word_1_231' title='bbox 126 3075 186 3141; x_wconf 85' lang='lat' dir='ltr'><strong>por</strong></span> <span class='ocrx_word' id='word_1_232' title='bbox 206 3074 329 3140; x_wconf 89' lang='lat' dir='ltr'><strong>quoque</strong></span> <span class='ocrx_word' id='word_1_233' title='bbox 352 3076 427 3118; x_wconf 92' lang='lat' dir='ltr'><strong>cum</strong></span> <span class='ocrx_word' id='word_1_234' title='bbox 450 3052 490 3117; x_wconf 86' lang='lat' dir='ltr'><strong>de</strong></span> <span class='ocrx_word' id='word_1_235' title='bbox 512 3049 655 3139; x_wconf 85' lang='lat' dir='ltr'><strong>pluribus</strong></span> <span class='ocrx_word' id='word_1_236' title='bbox 677 3050 856 3124; x_wconf 89' lang='lat' dir='ltr'><strong>docuisset,</strong></span> <span class='ocrx_word' id='word_1_237' title='bbox 875 3049 963 3116; x_wconf 90' lang='lat' dir='ltr'><strong>addit</strong></span> <span class='ocrx_word' id='word_1_238' title='bbox 985 3063 1016 3115; x_wconf 89' lang='lat' dir='ltr'><strong>et</strong></span> <span class='ocrx_word' id='word_1_239' title='bbox 1035 3051 1097 3116; x_wconf 90' lang='lat' dir='ltr'><strong>hoc</strong></span> <span class='ocrx_word' id='word_1_240' title='bbox 1114 3052 1161 3116; x_wconf 90' lang='lat' dir='ltr'><strong>di-</strong></span> 
     </span>
     <span class='ocr_line' id='line_1_28' title="bbox 124 3157 1160 3248; baseline -0.001 -21"><span class='ocrx_word' id='word_1_241' title='bbox 124 3185 202 3227; x_wconf 85' lang='lat' dir='ltr'><strong>ccns</strong></span> <span class='ocrx_word' id='word_1_242' title='bbox 217 3185 224 3226; x_wconf 91' lang='lat'>:</span> <span class='ocrx_word' id='word_1_243' title='bbox 242 3161 419 3228; x_wconf 83' lang='lat' dir='ltr'><strong>«hiemares</strong></span> <span class='ocrx_word' id='word_1_244' title='bbox 431 3172 531 3226; x_wconf 88' lang='lat' dir='ltr'><strong>estote</strong></span> <span class='ocrx_word' id='word_1_245' title='bbox 544 3160 648 3224; x_wconf 84' lang='lat' dir='ltr'><strong>uxoris</strong></span> <span class='ocrx_word' id='word_1_246' title='bbox 661 3158 743 3224; x_wconf 91' lang='lat' dir='ltr'><strong>Loth</strong></span> <span class='ocrx_word' id='word_1_247' title='bbox 755 3157 776 3222; x_wconf 80' lang='lat'><strong>⁶.</strong></span> <span class='ocrx_word' id='word_1_248' title='bbox 797 3186 811 3218; x_wconf 79' lang='lat' dir='ltr'><strong>s</strong></span> <span class='ocrx_word' id='word_1_249' title='bbox 825 3158 990 3246; x_wconf 88' lang='lat' dir='ltr'><strong>Optimum</strong></span> <span class='ocrx_word' id='word_1_250' title='bbox 1002 3159 1097 3248; x_wconf 90' lang='lat' dir='ltr'><strong>igitur</strong></span> <span class='ocrx_word' id='word_1_251' title='bbox 1111 3174 1160 3226; x_wconf 91' lang='lat' dir='ltr'><strong>est</strong></span> 
     </span>
     <span class='ocr_line' id='line_1_29' title="bbox 123 3265 1160 3357; baseline 0 -24"><span class='ocrx_word' id='word_1_252' title='bbox 123 3268 269 3336; x_wconf 88' lang='lat' dir='ltr'><strong>oblivisci</strong></span> <span class='ocrx_word' id='word_1_253' title='bbox 285 3269 390 3357; x_wconf 90' lang='lat' dir='ltr'><strong>priora</strong></span> <span class='ocrx_word' id='word_1_254' title='bbox 408 3319 416 3344; x_wconf 92' lang='lat'><strong>,</strong></span> <span class='ocrx_word' id='word_1_255' title='bbox 433 3267 573 3334; x_wconf 80' lang='lat' dir='ltr'><strong>oblivisci</strong></span> <span class='ocrx_word' id='word_1_256' title='bbox 594 3267 769 3354; x_wconf 80' lang='lat' dir='ltr'><strong>praeterita,</strong></span> <span class='ocrx_word' id='word_1_257' title='bbox 786 3265 832 3329; x_wconf 88' lang='lat' dir='ltr'><strong>uti</strong></span> <span class='ocrx_word' id='word_1_258' title='bbox 852 3288 892 3330; x_wconf 92' lang='lat' dir='ltr'><strong>ne</strong></span> <span class='ocrx_word' id='word_1_259' title='bbox 912 3268 1160 3354; x_wconf 88' lang='lat' dir='ltr'><strong>comprehendat</strong></span> 
     </span>
     <span class='ocr_line' id='line_1_30' title="bbox 125 3369 1159 3461; baseline -0.001 -23"><span class='ocrx_word' id='word_1_260' title='bbox 125 3395 187 3438; x_wconf 85' lang='lat' dir='ltr'><strong>nos</strong></span> <span class='ocrx_word' id='word_1_261' title='bbox 203 3372 421 3461; x_wconf 88' lang='lat' dir='ltr'><strong>opisthotonus</strong></span> <span class='ocrx_word' id='word_1_262' title='bbox 443 3369 625 3438; x_wconf 88' lang='lat' dir='ltr'><strong>insanabilis</strong></span> <span class='ocrx_word' id='word_1_263' title='bbox 647 3369 799 3458; x_wconf 89' lang='lat' dir='ltr'><strong>languor,</strong></span> <span class='ocrx_word' id='word_1_264' title='bbox 817 3391 920 3456; x_wconf 89' lang='lat' dir='ltr'><strong>neque</strong></span> <span class='ocrx_word' id='word_1_265' title='bbox 937 3372 1088 3437; x_wconf 89' lang='lat' dir='ltr'><strong>cadamus</strong></span> <span class='ocrx_word' id='word_1_266' title='bbox 1112 3395 1159 3436; x_wconf 93' lang='lat' dir='ltr'><strong>re-</strong></span> 
     </span>
     <span class='ocr_line' id='line_1_31' title="bbox 122 3478 703 3556; baseline -0.005 -12"><span class='ocrx_word' id='word_1_267' title='bbox 122 3497 264 3547; x_wconf 84' lang='lat' dir='ltr'><strong>trorsum</strong></span> <span class='ocrx_word' id='word_1_268' title='bbox 275 3481 356 3547; x_wconf 90' lang='lat' dir='ltr'><strong>sicut</strong></span> <span class='ocrx_word' id='word_1_269' title='bbox 372 3478 460 3556; x_wconf 89' lang='lat' dir='ltr'><strong>Heli,</strong></span> <span class='ocrx_word' id='word_1_270' title='bbox 476 3492 508 3545; x_wconf 90' lang='lat' dir='ltr'><strong>et</strong></span> <span class='ocrx_word' id='word_1_271' title='bbox 518 3479 703 3545; x_wconf 87' lang='lat' dir='ltr'><strong>moriamur.</strong></span> 
     </span>
    </p>

    <p class='ocr_par' dir='ltr' id='par_1_3' title="bbox 168 3582 1159 3674">
     <span class='ocr_line' id='line_1_32' title="bbox 168 3582 1159 3674; baseline 0 -20"><span class='ocrx_word' id='word_1_272' title='bbox 168 3586 239 3654; x_wconf 83' lang='lat' dir='ltr'><strong>Vll.</strong></span> <span class='ocrx_word' id='word_1_273' title='bbox 264 3589 311 3654; x_wconf 88' lang='lat' dir='ltr'><strong>lbi</strong></span> <span class='ocrx_word' id='word_1_274' title='bbox 334 3599 438 3654; x_wconf 88' lang='lat' dir='ltr'><strong>autem</strong></span> <span class='ocrx_word' id='word_1_275' title='bbox 464 3598 555 3654; x_wconf 91' lang='lat' dir='ltr'><strong>eraut</strong></span> <span class='ocrx_word' id='word_1_276' title='bbox 575 3586 639 3651; x_wconf 91' lang='lat' dir='ltr'><strong>duo</strong></span> <span class='ocrx_word' id='word_1_277' title='bbox 662 3583 717 3650; x_wconf 86' lang='lat' dir='ltr'><strong>filii</strong></span> <span class='ocrx_word' id='word_1_278' title='bbox 740 3582 819 3650; x_wconf 86' lang='lat' dir='ltr'><strong>Heli.</strong></span> <span class='ocrx_word' id='word_1_279' title='bbox 845 3583 914 3650; x_wconf 89' lang='lat' dir='ltr'><strong>Heli</strong></span> <span class='ocrx_word' id='word_1_280' title='bbox 933 3586 1159 3674; x_wconf 91' lang='lat' dir='ltr'><strong>interpretatur</strong></span> 
     </span>
    </p>
   </div>
   <div class='ocr_carea' id='block_1_3' title="bbox 115 3728 1158 3881">
    <p class='ocr_par' dir='ltr' id='par_1_4' title="bbox 115 3728 1158 3881">
     <span class='ocr_line' id='line_1_33' title="bbox 160 3728 1158 3798; baseline -0.003 -13"><span class='ocrx_word' id='word_1_281' title='bbox 160 3741 170 3774; x_wconf 83' lang='lat'>¹</span> <span class='ocrx_word' id='word_1_282' title='bbox 183 3738 256 3786; x_wconf 77' lang='lat' dir='ltr'><strong>loon.</strong></span> <span class='ocrx_word' id='word_1_283' title='bbox 265 3739 352 3798; x_wconf 82' lang='lat' dir='ltr'><strong>xrv‚6.</strong></span> <span class='ocrx_word' id='word_1_284' title='bbox 365 3766 390 3776; x_wconf 89' lang='lat'><strong>·-</strong></span> <span class='ocrx_word' id='word_1_285' title='bbox 404 3739 493 3786; x_wconf 75' lang='lat' dir='ltr'><strong>²ltrut.</strong></span> <span class='ocrx_word' id='word_1_286' title='bbox 507 3751 599 3784; x_wconf 79' lang='lat' dir='ltr'><strong>axvrrr.</strong></span> <span class='ocrx_word' id='word_1_287' title='bbox 612 3731 802 3786; x_wconf 66' lang='lat' dir='ltr'><strong>--1Grn.xrx.</strong></span> <span class='ocrx_word' id='word_1_288' title='bbox 819 3759 846 3768; x_wconf 86' lang='lat'><em>—</em></span> <span class='ocrx_word' id='word_1_289' title='bbox 858 3728 868 3764; x_wconf 73' lang='lat'><strong>⁴</strong></span> <span class='ocrx_word' id='word_1_290' title='bbox 879 3737 937 3783; x_wconf 85' lang='lat' dir='ltr'><strong>hue.</strong></span> <span class='ocrx_word' id='word_1_291' title='bbox 948 3751 984 3796; x_wconf 79' lang='lat' dir='ltr'><strong>ax,</strong></span> <span class='ocrx_word' id='word_1_292' title='bbox 999 3737 1041 3786; x_wconf 80' lang='lat' dir='ltr'><strong>iia.</strong></span> <span class='ocrx_word' id='word_1_293' title='bbox 1054 3763 1087 3774; x_wconf 93' lang='lat'><em>-</em></span> <span class='ocrx_word' id='word_1_294' title='bbox 1100 3739 1109 3771; x_wconf 77' lang='lat'>⁵</span> <span class='ocrx_word' id='word_1_295' title='bbox 1122 3733 1158 3787; x_wconf 84' lang='lat' dir='ltr'><strong>td.</strong></span> 
     </span>
     <span class='ocr_line' id='line_1_34' title="bbox 115 3825 249 3881; baseline -0.037 -1"><span class='ocrx_word' id='word_1_296' title='bbox 115 3845 179 3880; x_wconf 79' lang='lat' dir='ltr'><strong>xm</strong></span> <span class='ocrx_word' id='word_1_297' title='bbox 189 3863 196 3881; x_wconf 83' lang='grc'><strong>.</strong></span> <span class='ocrx_word' id='word_1_298' title='bbox 207 3825 249 3876; x_wconf 75' lang='lat' dir='ltr'><strong>da.</strong></span> 
     </span>
    </p>
   </div>
   <div class='ocr_carea' id='block_1_4' title="bbox 0 0 1372 4594">
    <p class='ocr_par' dir='ltr' id='par_1_5' title="bbox 0 0 1372 4594">
     <span class='ocr_line' id='line_1_35' title="bbox 0 0 1372 4594; baseline 0 3"><span class='ocrx_word' id='word_1_299' title='bbox 0 0 1372 4594; x_wconf 95' lang='lat' dir='ltr'><strong> </strong></span> 
     </span>
    </p>
   </div>
  </div>
 </body>
</html>
