2702 4610
416 313 449 356 m
473 313 600 356 axonuu
621 312 749 356 ιιοιιιιιι
773 312 814 352 ιιι.
946 285 948 296 ⁴
1075 284 1134 368 107

144 433 220 500 Post
242 433 312 500 haee
335 431 424 498 uenit
446 433 486 500 ed
511 444 654 500 montem
673 430 732 496 Dei
755 428 896 515 Moyses,
906 439 938 493 et
953 427 1093 495 occurrit
1109 428 1138 492 ei

103 541 220 608 detbro
236 563 325 606 socan
338 564 414 606 suus
425 539 447 606 ¹.

150 651 232 727 Sed,
245 663 279 716 ut
296 651 392 726 video,
405 650 521 719 datheo
531 649 545 684 ²
555 673 620 717 non
632 650 748 720 fruma
764 648 850 716 venit
865 647 906 714 ad
921 647 1066 735 Moysen,
1079 670 1139 713 neo

112 760 228 825 frustra
246 761 442 828 manducavit
457 783 572 848 panem
593 783 668 827 oum
685 758 862 828 senioribus
879 756 985 845 populi
1008 758 1040 824 in
1060 779 1141 822 oon·

118 877 223 955 speetu
243 868 376 934 Domini.
391 869 453 936 Dat
471 870 561 936 enim
576 868 742 938 eonsilium
760 868 861 956 Moysi
882 866 1045 957 probabile
1064 867 1139 932 satis

117 987 148 1042 et
160 975 241 1051 utiie,
256 991 288 1042 ut
299 976 395 1066 eligat
409 978 504 1052 viros,
516 990 549 1042 et
564 978 735 1046 constituat
751 977 909 1066 principes
924 976 1044 1065 popuii,
1058 977 1141 1042 vii-os

116 1085 210 1152 Deum
225 1085 381 1162 colentes,
395 1087 477 1154 viros
493 1099 650 1176 potentes,
663 1105 696 1154 et
711 1087 852 1156 ndentes
867 1089 1060 1176 superbiam.
1077 1087 1102 1152 T
1105 1113 1141 1154 a*

109 1193 151 1260 iea
168 1196 255 1262 enim
270 1207 400 1285 oportet
419 1221 487 1266 esse
502 1197 660 1286 principes
676 1196 798 1285 popuii,
818 1198 872 1284 qui
888 1221 951 1264 non
967 1196 1069 1264 solum
1086 1220 1142 1263 aa·

105 1306 195 1393 perbi
207 1329 273 1372 non
285 1307 361 1382 sint,
376 1308 432 1374 sed
444 1319 477 1374 et
487 1309 540 1395 qui
552 1308 678 1376 oderint
692 1307 875 1394 superbiam
888 1330 897 1372 a
914 1307 1018 1384 idest,
1032 1320 1064 1372 ut
1078 1329 1140 1374 nou

108 1413 215 1480 solum
228 1416 288 1503 ipsi
304 1417 423 1504 absque
438 1416 513 1483 viti'o
529 1417 605 1492 sint,
619 1416 675 1484 se'd
686 1429 719 1480 et
735 1417 766 1480 in
779 1413 848 1482 aliis
860 1416 987 1482 oderint
999 1417 1070 1481 vitia
1074 1461 1140 1482 .....

111 1521 233 1590 Verum
248 1525 330 1592 sieut
348 1527 501 1614 seriptum
516 1527 663 1616 legimus,
677 1526 750 1614 quia
768 1549 856 1594 anon
878 1527 1009 1596 satiatur
1032 1525 1144 1594 oculus

117 1662 131 1696 ι
148 1634 280 1702 videndo
294 1658 354 1706 aee
366 1636 453 1702 auris
467 1635 626 1703 audiendo
637 1635 663 1710 ⁸,
673 1663 690 1698 ι
702 1657 762 1700 nee
777 1657 834 1700 nos
848 1635 954 1702 satiari
977 1657 1145 1723 possumus

113 1743 265 1810 intuendo
279 1757 311 1808 et
326 1744 557 1812 considerando
572 1767 643 1832 quaa
662 1743 779 1831 scripta
794 1755 881 1819 sunt,
899 1756 977 1831 quot
992 1755 1031 1812 ex
1047 1745 1145 1833 parti·
1217 1741 1221 1752 '

108 1854 169 1918 bus
181 1876 239 1918 nos
250 1853 423 1927 aedificent,
431 1854 556 1941 quantis
568 1876 626 1920 nos
638 1853 795 1918 instruant
806 1853 919 1920 modis.
931 1853 1058 1922 Etenim
1071 1877 1146 1920 oum

106 1962 267 2051 perspicio
282 1964 369 2048 quod
384 1962 509 2050 Moyses
525 1963 679 2051 propbeta
695 1963 764 2028 Deo
778 1961 903 2050 plenus,
924 1964 976 2028 eui
998 1964 1083 2029 Deus
1099 1963 1146 2028 sa-

108 2073 158 2138 uie
178 2072 221 2138 ad
241 2070 354 2136 saniem
374 2070 576 2159 loquebatur,
596 2069 764 2142 consilium
784 2071 907 2157 aceepit
928 2097 952 2137 a·
966 2072 1078 2137 Jetbro
1095 2095 1147 2138 aa·

110 2179 243 2245 eeedote
264 2180 403 2254 Madian,
423 2180 632 2246 admiratione
656 2181 752 2246 nimia
774 2191 937 2268 stuporem
960 2182 1075 2246 mentis
1094 2181 1147 2246 in·

118 2311 225 2353 curse.
245 2288 326 2355 Dieit
346 2292 433 2355 enim
454 2289 618 2378 Scriptum
637 2311 645 2354 a
666 2291 733 2354 «Et
755 2289 875 2354 audivit
893 2288 1016 2386 Moyses
1038 2313 1147 2358 vocem

116 2425 133 2457 ι
146 2397 249 2464 soceri
261 2399 320 2475 sui,
329 2410 361 2464 et
372 2399 449 2464 seeit
460 2419 669 2486 quaecumque
682 2398 760 2462 dixit
770 2398 799 2463 ei
811 2396 858 2462 ’.ι
876 2398 947 2464 Νοιι
958 2397 1048 2474 dixit,
1062 2398 1145 2478 Quia

111 2507 196 2574 mibi
214 2508 299 2574 Deua
319 2507 473 2594 loquitur,
489 2508 613 2594 etquid
633 2531 727 2596 agene
748 2508 882 2575 debeam
897 2506 1017 2573 uoelesti
1039 2509 1079 2573 ad
1095 2532 1147 2573 me

107 2639 264 2684 sermone
282 2597 488 2691 deferturiet
501 2617 671 2698 Quomodo
688 2614 856 2684 eonsilium
868 2618 907 2680 ab
921 2616 1050 2682 homine
1066 2618 1148 2686 acci·

103 2729 211 2817 piam,
224 2739 258 2793 et
273 2729 314 2794 ab
330 2729 457 2794 bomine
469 2726 592 2816 gentili,
604 2727 707 2793 alieno
723 2751 740 2792 a
756 2725 876 2817 populo
890 2715 971 2794 Deit
987 2715 1051 2794 Sed
1061 2727 1150 2794 audit

103 2861 225 2904 vocem
238 2839 322 2925 ejus,
335 2848 368 2902 et
381 2837 455 2903 iacit
466 2838 572 2903 omnia
584 2860 655 2925 quae
666 2835 757 2910 dicit,
771 2848 802 2901 et
818 2859 882 2900 non
898 2837 967 2924 quis
983 2837 1081 2913 dieat,
1094 2837 1151 2903 sed

102 2945 188 3037 quid
206 2945 307 3020 dieat,
325 2943 489 3011 auscultat.
511 2937 600 3010 Unde
615 2957 647 3010 et
663 2968 720 3010 nos
735 2946 760 3009 si
776 2945 858 3009 sonte
873 2943 1044 3033 aliquando
1060 2947 1149 3013 inve-

103 3059 217 3122 nimus
234 3053 356 3142 aliquid
371 3054 529 3142 sapienter
545 3078 561 3120 a
577 3053 747 3143 gentilibus
764 3053 898 3130 dietum,
917 3079 981 3120 non
997 3058 1150 3123 continuo

105 3189 187 3234 eum
203 3167 346 3232 auctoris
362 3165 492 3231 nomine
506 3189 656 3253 spernere
672 3165 825 3230 debemus
840 3175 873 3229 et
888 3165 989 3237 dicta;
1009 3189 1070 3232 nee
1092 3191 1150 3255 pro

105 3301 148 3343 eo
163 3276 255 3366 qnod
272 3273 374 3364 legem
390 3301 407 3340 e
421 3275 490 3340 Deo
506 3273 614 3342 datam
625 3285 786 3347 tenemus,
799 3275 947 3339 convenit
957 3297 1014 3339 nos
1027 3285 1151 3340 tumere

110 3365 275 3476 superbia,
290 3399 322 3450 et
334 3407 483 3474 spernere
500 3385 592 3451 uerba
608 3383 827 3473 prudentium,
840 3383 896 3449 aed
915 3383 998 3449 siout
1012 3386 1151 3472 Aposto-

114 3493 166 3566 lus
177 3497 251 3564 dicit
265 3520 274 3562 ε
289 3495 429 3562 «Omnia
441 3492 624 3584 probantes,
637 3489 724 3583 quod
738 3495 857 3558 bonum
873 3505 921 3559 est
936 3506 1080 3564 tenentes
1093 3493 1113 3560 ⁶.
1130 3526 1143 3558 ι

116 3603 198 3686 Quis
212 3619 321 3672 autem
337 3603 435 3670 hodie
450 3621 560 3670 eorum
577 3602 630 3691 qui
647 3599 770 3692 populis
788 3614 940 3690 praesunt,
957 3627 1021 3670 non
1038 3604 1111 3671 dico
1126 3605 1153 3676 ai
