2660 4610
270 284 332 360 454
720 309 861 351 essemus

270 429 448 518 exemplum
467 433 584 520 posita,
601 445 633 496 et
648 434 713 520 ipsa
729 434 853 500 dicatur
868 435 917 499 hic
934 436 1057 522 proxima
1069 459 1125 502 mea
1138 462 1144 501 :
1157 441 1220 526 cnjus

204 603 206 608 ,
269 538 505 605 similitudinem
520 542 637 607 habere
653 543 766 607 debeat
777 544 874 608 etiam
885 541 1027 618 Ecclesia,
1040 569 1098 632 quaa
1110 547 1221 612 canaitis

270 661 480 736 congregatur
499 650 679 726 animabus,
697 648 757 715 illis
775 649 895 716 scilicet
913 675 979 738 qum
992 651 1065 740 prius
1079 653 1172 718 suerent
1184 657 1220 720 sul

271 756 346 844 jugo
360 775 393 820 et
407 757 554 822 curribus
571 759 760 834 Pharaonis,
776 771 809 822 et
824 759 977 846 equitatus
990 759 1098 824 Domini
1111 759 1221 848 appellu-
1263 753 1264 766 ¹

270 877 333 928 tur.
353 865 433 944 Quae
448 877 554 930 autem
570 889 608 930 ex
623 866 747 932 duabus
759 867 910 956 expositio
929 867 1079 933 convenire
1091 869 1221 956 magispre-

271 973 373 1061 posito
389 972 543 1040 versiculo
561 975 713 1050 videatur,
729 976 877 1064 probabis
893 976 984 1040 etiam
999 987 1030 1040 tu
1044 977 1088 1062 qui
1099 974 1164 1064 legis.

326 1109 338 1142 ι
351 1082 455 1162 Quam
467 1083 615 1171 speciosae
629 1081 717 1149 factas
734 1093 807 1147 sunt
817 1106 905 1172 genae
917 1096 977 1151 tuae
988 1095 1115 1172 tunquam
1125 1084 1222 1158 turturis,
1263 1089 1264 1108 ¹

274 1191 399 1254 »cervix
420 1202 473 1255 tua
489 1191 571 1256 sicut
588 1189 803 1256 redimicula¹.
825 1191 940 1256 »Ordo
954 1193 1089 1258 dramatis
1103 1193 1221 1279 hujumodi

273 1298 397 1363 ridetur
419 1298 536 1364 habere
557 1301 835 1388 consequentiam,
859 1300 943 1386 quod
969 1313 1142 1388 posteaquam
1159 1313 1220 1364 aute

274 1405 357 1470 riore
370 1429 443 1471 usus
456 1408 798 1473 estcomnrunicatione
813 1431 945 1496 sponsus
958 1407 995 1472 ad
1006 1419 1218 1496 sponsamprotee

273 1526 357 1580 tatus
375 1515 404 1579 ei
420 1514 505 1603 qued
523 1515 582 1580 nisi
602 1527 806 1604 cognosceret
822 1516 1019 1604 semetipsam
1033 1517 1130 1579 exitura
1140 1515 1216 1578 assella

275 1623 412 1711 vestigiis
430 1645 579 1711 gregum,
600 1635 632 1687 et
651 1634 794 1710 pasceret
813 1645 877 1688 non
897 1647 987 1698 oves,
1009 1622 1059 1686 sed
1077 1621 1164 1693 hedos,
1177 1643 1215 1682 aa

275 1733 380 1796 buerit
395 1753 490 1819 super
506 1732 685 1796 austeritate
699 1731 866 1819 praecepti,
879 1731 936 1810 sed
950 1744 982 1794 et
994 1732 1085 1794 rubor
1097 1727 1212 1793 naualia

276 1839 408 1903 diffusus
430 1839 463 1903 in
484 1838 571 1903 vultu
591 1839 746 1926 speciosas
768 1839 910 1904 effecerit
931 1861 1025 1927 genas
1045 1829 1205 1926 ejusdam

274 1971 368 2034 quam
399 1948 522 2012 fuerant
543 1945 739 2035 pulchriores
762 1971 852 2014 :non
877 1947 980 2012 solum
1002 1937 1199 2030 autompamd

275 2068 306 2119 et
330 2056 435 2120 cervix
457 2057 527 2143 ejus
549 2068 613 2122 tana
630 2057 745 2121 decora
760 2056 798 2120 sit
814 2055 956 2130 reddita,
974 2054 1060 2142 quasi
1076 2049 1204 2118 mortue

277 2161 434 2228 ‹limiculis
461 2162 622 2229 adornata.
651 2161 856 2228 pulchritudo
889 2187 968 2252 ergo
998 2181 1126 2252 genarum
1147 2150 1212 2217 tutti

280 2273 336 2335 bus
358 2283 575 2360 comparatur,
594 2271 679 2359 quod
699 2294 756 2360 per
780 2271 964 2358 hujusmodi
995 2293 1062 2336 aves
1084 2262 1216 2332 ainaihun

276 2393 323 2444 tas
344 2379 447 2444 vultars
462 2392 494 2444 et
509 2378 653 2444 alacritas
671 2377 838 2445 indicetur.
853 2380 931 2444 Haeo
946 2391 994 2443 est
1005 2374 1122 2442 historici
1132 2365 1223 2435 haustis

275 2485 463 2574 explanatio.
490 2486 554 2552 Sed
574 2487 733 2552 veniamus
751 2486 791 2552 ad
812 2509 890 2550 rem.
916 2483 1032 2554 Paulus
1048 2478 1164 2572 apastelus
1177 2473 1226 2538 scri·

278 2598 354 2661 bens
378 2596 418 2661 ad
436 2596 608 2662 Ecclesiam
628 2595 865 2661 Corinthiorum
889 2596 933 2661 itu
954 2596 1017 2660 ait:
1045 2593 1227 2678 «Corpusauteu

279 2729 364 2772 anon
376 2717 423 2772 est
438 2707 617 2770 membrum
630 2729 746 2780 unum,
763 2704 818 2770 scd
830 2703 942 2770 multa.
955 2705 996 2769 Et
1010 2705 1033 2768 si
1047 2699 1135 2767 dixerit
1143 2689 1229 2784 pesqult

277 2837 362 2880 anon
375 2837 444 2880 sum
456 2837 586 2888 manus,
603 2837 665 2879 non
682 2837 752 2878 sum
770 2814 810 2878 de
821 2835 978 2901 corpore,
992 2837 1052 2878 non
1063 2819 1231 2900 propterernnt

278 2934 346 2988 »est
362 2921 401 2988 de
410 2945 559 3011 corpore,
568 2934 599 2986 et
612 2924 636 2987 si
653 2922 764 2987 dixerit
773 2920 914 2987 auricula
926 2971 935 2996 ,
947 2921 1019 3008 quia
1030 2941 1087 2984 non
1097 2937 1150 2980 sun
1157 2905 1232 2974 oculsst·

280 3055 363 3096 anon
376 3053 446 3096 sum
462 3031 500 3095 de
512 3053 664 3119 corpore,
681 3053 745 3095 non
767 3041 934 3118 propterea
957 3053 1020 3094 non
1039 3039 1082 3092 est
1099 3025 1131 3090 de
1144 3033 1231 3104 corpw·

279 3139 334 3204 »Si
348 3150 449 3204 totum
461 3162 576 3227 corpus
590 3150 637 3204 est
653 3138 782 3213 oculus,
800 3137 855 3202 ubi
870 3147 917 3202 est
934 3135 1075 3203 auditus?
1085 3133 1113 3198 Si
1127 3139 1230 3193 talanat·

279 3247 403 3322 aditus,
422 3247 474 3311 ubi
486 3246 657 3312 odoratus?
673 3247 764 3312 Nune
776 3257 881 3311 autem
894 3246 981 3311 Deus
992 3241 1089 3334 posuit
1101 3255 1187 3317 ununq
1186 3225 1261 3292 aad

280 3377 363 3442 aque
385 3355 594 3420 membrum
586 3379 617 3420 an
641 3377 775 3442 corpore
789 3355 872 3418 sicut
895 3351 1047 3417 volutat·
1072 3255 1239 3428 Etcumqpllll

279 3464 397 3530 dehoc
420 3465 624 3551 disputasset,
645 3463 684 3529 ad
711 3461 856 3527 ultimum
878 3461 975 3527 dicit:
1000 3441 1240 3526 «vernensi

282 3595 418 3662 aeerpus
432 3573 547 3638 Christi
562 3585 593 3636 et
603 3572 747 3638 membra
758 3595 798 3635 ex
810 3570 931 3660 parte⁸.
944 3597 957 3630 a
980 3568 1037 3635 Et
1029 3557 1167 3633 iterumad
1177 3550 1260 3641 Ephe

280 3683 342 3748 sies
358 3684 497 3747 scribens
516 3683 611 3746 dicit:
635 3709 648 3742 a
667 3680 836 3769 Subjecti
827 3681 962 3746 invicem
986 3680 1017 3743 in
1044 3677 1141 3740 timere
1159 3657 1240 3729 Christ

280 3789 488 3856 »llrrliercs'
462 3791 533 3855 varis
549 3792 611 3855 suis
633 3790 783 3877 subjecte
806 3790 867 3853 sint
886 3788 968 3853 sieut
988 3782 1136 3852 Domino:
1157 3763 1260 3861 qaod

316 3939 502 4001 ¹Can.‚o.trr
529 3919 1239 3998 --0r.²rc111415‚16.51.1s.-⁵1nd.r
