<?xml version="1.0" encoding="UTF-8"?>
<!DOCTYPE html PUBLIC "-//W3C//DTD XHTML 1.0 Transitional//EN"
    "http://www.w3.org/TR/xhtml1/DTD/xhtml1-transitional.dtd">
<html xmlns="http://www.w3.org/1999/xhtml" xml:lang="en" lang="en">
 <head>
  <title>
</title>
<meta http-equiv="Content-Type" content="text/html;charset=utf-8" />
  <meta name='ocr-system' content='tesseract 3.04.00' />
  <meta name='ocr-capabilities' content='ocr_page ocr_carea ocr_par ocr_line ocrx_word'/>
</head>
<body>
  <div class='ocr_page' id='page_1' title='image "./collectioselect01guilgoog_0793.png"; bbox 0 0 2682 4594; ppageno 0'>
   <div class='ocr_carea' id='block_1_1' title="bbox 413 295 1165 378">
    <p class='ocr_par' dir='ltr' id='par_1_1' title="bbox 413 295 1165 378">
     <span class='ocr_line' id='line_1_1' title="bbox 413 295 1165 378; baseline -0.004 -21"><span class='ocrx_word' id='word_1_1' title='bbox 413 315 444 358; x_wconf 84' lang='lat' dir='ltr'><strong>m</strong></span> <span class='ocrx_word' id='word_1_2' title='bbox 464 313 610 358; x_wconf 76' lang='lat' dir='ltr'><strong>rsanuou</strong></span> <span class='ocrx_word' id='word_1_3' title='bbox 632 313 724 356; x_wconf 78' lang='lat' dir='ltr'><strong>xxxvi</strong></span> <span class='ocrx_word' id='word_1_4' title='bbox 749 315 821 357; x_wconf 86' lang='lat' dir='ltr'><strong>nou.</strong></span> <span class='ocrx_word' id='word_1_5' title='bbox 849 316 898 357; x_wconf 87' lang='grc' dir='ltr'>ιιι.</span> <span class='ocrx_word' id='word_1_6' title='bbox 1103 295 1165 378; x_wconf 76' lang='lat'><strong>&#39;219</strong></span> 
     </span>
    </p>
   </div>
   <div class='ocr_carea' id='block_1_2' title="bbox 132 436 1172 2038">
    <p class='ocr_par' dir='ltr' id='par_1_2' title="bbox 133 436 1169 724">
     <span class='ocr_line' id='line_1_2' title="bbox 134 436 1168 528; baseline -0.005 -19"><span class='ocrx_word' id='word_1_7' title='bbox 134 467 188 509; x_wconf 86' lang='lat' dir='ltr'><strong>nos</strong></span> <span class='ocrx_word' id='word_1_8' title='bbox 204 454 374 528; x_wconf 81' lang='lat' dir='ltr'><strong>antequam</strong></span> <span class='ocrx_word' id='word_1_9' title='bbox 397 436 601 504; x_wconf 80' lang='lat' dir='ltr'><strong>vulneremur</strong></span> <span class='ocrx_word' id='word_1_10' title='bbox 614 439 828 513; x_wconf 75' lang='lat' dir='ltr'><strong>commonerI,</strong></span> <span class='ocrx_word' id='word_1_11' title='bbox 854 451 887 502; x_wconf 88' lang='lat' dir='ltr'><strong>nt</strong></span> <span class='ocrx_word' id='word_1_12' title='bbox 907 463 963 503; x_wconf 90' lang='lat' dir='ltr'><strong>nos</strong></span> <span class='ocrx_word' id='word_1_13' title='bbox 984 441 1023 504; x_wconf 90' lang='lat' dir='ltr'><strong>ab</strong></span> <span class='ocrx_word' id='word_1_14' title='bbox 1044 436 1168 504; x_wconf 90' lang='lat' dir='ltr'><strong>illorum</strong></span> 
     </span>
     <span class='ocr_line' id='line_1_3' title="bbox 133 546 1169 622; baseline -0.003 -7"><span class='ocrx_word' id='word_1_15' title='bbox 133 550 315 615; x_wconf 84' lang='lat' dir='ltr'><strong>vulneribus</strong></span> <span class='ocrx_word' id='word_1_16' title='bbox 339 547 568 622; x_wconf 86' lang='lat' dir='ltr'><strong>defendamus,</strong></span> <span class='ocrx_word' id='word_1_17' title='bbox 591 559 623 612; x_wconf 87' lang='lat' dir='ltr'><strong>et</strong></span> <span class='ocrx_word' id='word_1_18' title='bbox 649 548 735 613; x_wconf 88' lang='lat' dir='ltr'><strong>omni</strong></span> <span class='ocrx_word' id='word_1_19' title='bbox 759 546 901 610; x_wconf 87' lang='lat' dir='ltr'><strong>custodia</strong></span> <span class='ocrx_word' id='word_1_20' title='bbox 922 571 1082 614; x_wconf 78' lang='lat' dir='ltr'><strong>servemus</strong></span> <span class='ocrx_word' id='word_1_21' title='bbox 1113 570 1169 613; x_wconf 89' lang='lat' dir='ltr'><strong>cor</strong></span> 
     </span>
     <span class='ocr_line' id='line_1_4' title="bbox 134 669 288 724; baseline -0.026 0"><span class='ocrx_word' id='word_1_22' title='bbox 134 669 288 724; x_wconf 89' lang='lat' dir='ltr'><strong>nostrum.</strong></span> 
     </span>
    </p>

    <p class='ocr_par' dir='ltr' id='par_1_3' title="bbox 132 743 1172 2038">
     <span class='ocr_line' id='line_1_5' title="bbox 179 743 1165 852; baseline -0.002 -23"><span class='ocrx_word' id='word_1_23' title='bbox 179 766 234 830; x_wconf 94' lang='lat' dir='ltr'><strong>lll.</strong></span> <span class='ocrx_word' id='word_1_24' title='bbox 253 761 333 830; x_wconf 85' lang='lat' dir='ltr'><strong>Volo</strong></span> <span class='ocrx_word' id='word_1_25' title='bbox 351 763 448 827; x_wconf 87' lang='lat' dir='ltr'><strong>ctiam</strong></span> <span class='ocrx_word' id='word_1_26' title='bbox 469 743 602 851; x_wconf 81' lang='lat' dir='ltr'><strong>amplius</strong></span> <span class='ocrx_word' id='word_1_27' title='bbox 622 761 739 849; x_wconf 88' lang='lat' dir='ltr'><strong>aliquid</strong></span> <span class='ocrx_word' id='word_1_28' title='bbox 756 763 787 828; x_wconf 93' lang='lat' dir='ltr'><strong>in</strong></span> <span class='ocrx_word' id='word_1_29' title='bbox 803 762 852 827; x_wconf 91' lang='lat' dir='ltr'><strong>his</strong></span> <span class='ocrx_word' id='word_1_30' title='bbox 867 762 944 828; x_wconf 91' lang='lat' dir='ltr'><strong>locis</strong></span> <span class='ocrx_word' id='word_1_31' title='bbox 961 763 1080 852; x_wconf 88' lang='lat' dir='ltr'><strong>positus</strong></span> <span class='ocrx_word' id='word_1_32' title='bbox 1093 786 1165 851; x_wconf 91' lang='lat' dir='ltr'><strong>ape·</strong></span> 
     </span>
     <span class='ocr_line' id='line_1_6' title="bbox 136 868 1169 958; baseline -0.003 -21"><span class='ocrx_word' id='word_1_33' title='bbox 136 873 216 948; x_wconf 88' lang='lat' dir='ltr'><strong>rire,</strong></span> <span class='ocrx_word' id='word_1_34' title='bbox 232 895 272 936; x_wconf 90' lang='lat' dir='ltr'><strong>ne</strong></span> <span class='ocrx_word' id='word_1_35' title='bbox 280 893 406 958; x_wconf 89' lang='lat' dir='ltr'><strong>semper</strong></span> <span class='ocrx_word' id='word_1_36' title='bbox 414 869 454 934; x_wconf 87' lang='lat' dir='ltr'><strong>de</strong></span> <span class='ocrx_word' id='word_1_37' title='bbox 467 869 666 935; x_wconf 79' lang='lat' dir='ltr'><strong>inferioribus</strong></span> <span class='ocrx_word' id='word_1_38' title='bbox 678 869 788 957; x_wconf 88' lang='lat' dir='ltr'><strong>loquar</strong></span> <span class='ocrx_word' id='word_1_39' title='bbox 800 871 836 936; x_wconf 89' lang='lat' dir='ltr'><strong>ad</strong></span> <span class='ocrx_word' id='word_1_40' title='bbox 849 893 921 945; x_wconf 87' lang='lat' dir='ltr'><strong>ros,</strong></span> <span class='ocrx_word' id='word_1_41' title='bbox 935 870 990 935; x_wconf 92' lang='lat' dir='ltr'><strong>sed</strong></span> <span class='ocrx_word' id='word_1_42' title='bbox 1003 868 1169 958; x_wconf 88' lang='lat' dir='ltr'><strong>aliquando</strong></span> 
     </span>
     <span class='ocr_line' id='line_1_7' title="bbox 133 976 1170 1067; baseline -0.001 -23"><span class='ocrx_word' id='word_1_43' title='bbox 133 979 277 1067; x_wconf 90' lang='lat' dir='ltr'><strong>quaedam</strong></span> <span class='ocrx_word' id='word_1_44' title='bbox 303 979 398 1043; x_wconf 89' lang='lat' dir='ltr'><strong>etiam</strong></span> <span class='ocrx_word' id='word_1_45' title='bbox 417 979 579 1067; x_wconf 88' lang='lat' dir='ltr'><strong>superiora</strong></span> <span class='ocrx_word' id='word_1_46' title='bbox 600 976 770 1065; x_wconf 87' lang='lat' dir='ltr'><strong>pulsemus.</strong></span> <span class='ocrx_word' id='word_1_47' title='bbox 797 977 970 1043; x_wconf 85' lang='lat' dir='ltr'><strong>Considero</strong></span> <span class='ocrx_word' id='word_1_48' title='bbox 988 1001 1079 1066; x_wconf 88' lang='lat' dir='ltr'><strong>ergo,</strong></span> <span class='ocrx_word' id='word_1_49' title='bbox 1097 979 1170 1065; x_wconf 88' lang='lat' dir='ltr'><strong>quia</strong></span> 
     </span>
     <span class='ocr_line' id='line_1_8' title="bbox 134 1084 1171 1173; baseline -0.002 -22"><span class='ocrx_word' id='word_1_50' title='bbox 134 1089 215 1153; x_wconf 90' lang='lat' dir='ltr'><strong>sicut</strong></span> <span class='ocrx_word' id='word_1_51' title='bbox 233 1084 379 1152; x_wconf 76' lang='lat' dir='ltr'><strong>Salvator</strong></span> <span class='ocrx_word' id='word_1_52' title='bbox 396 1085 507 1173; x_wconf 84' lang='lat' dir='ltr'><strong>sagitta</strong></span> <span class='ocrx_word' id='word_1_53' title='bbox 523 1098 571 1150; x_wconf 90' lang='lat' dir='ltr'><strong>est</strong></span> <span class='ocrx_word' id='word_1_54' title='bbox 588 1086 665 1160; x_wconf 83' lang='lat' dir='ltr'><strong>Dei,</strong></span> <span class='ocrx_word' id='word_1_55' title='bbox 685 1086 766 1150; x_wconf 90' lang='lat' dir='ltr'><strong>sicut</strong></span> <span class='ocrx_word' id='word_1_56' title='bbox 782 1086 1018 1173; x_wconf 87' lang='lat' dir='ltr'><strong>scriptumest:</strong></span> <span class='ocrx_word' id='word_1_57' title='bbox 1035 1086 1171 1160; x_wconf 80' lang='lat' dir='ltr'><strong>«Posuit</strong></span> 
     </span>
     <span class='ocr_line' id='line_1_9' title="bbox 133 1191 1172 1284; baseline -0.003 -24"><span class='ocrx_word' id='word_1_58' title='bbox 133 1218 207 1284; x_wconf 51' lang='lat' dir='ltr'><strong>nme</strong></span> <span class='ocrx_word' id='word_1_59' title='bbox 235 1195 318 1258; x_wconf 90' lang='lat' dir='ltr'><strong>sicut</strong></span> <span class='ocrx_word' id='word_1_60' title='bbox 339 1192 484 1280; x_wconf 80' lang='lat' dir='ltr'><strong>sagittam</strong></span> <span class='ocrx_word' id='word_1_61' title='bbox 507 1192 641 1258; x_wconf 82' lang='lat' dir='ltr'><strong>electam</strong></span> <span class='ocrx_word' id='word_1_62' title='bbox 659 1191 668 1226; x_wconf 88' lang='lat'>¹</span> <span class='ocrx_word' id='word_1_63' title='bbox 689 1217 697 1257; x_wconf 73' lang='grc' dir='ltr'><strong><em>ε</em></strong></span> <span class='ocrx_word' id='word_1_64' title='bbox 716 1221 729 1254; x_wconf 74' lang='lat' dir='ltr'><strong>a</strong></span> <span class='ocrx_word' id='word_1_65' title='bbox 746 1194 811 1257; x_wconf 90' lang='lat' dir='ltr'><strong>sine</strong></span> <span class='ocrx_word' id='word_1_66' title='bbox 833 1192 930 1258; x_wconf 89' lang='lat' dir='ltr'><strong>dubio</strong></span> <span class='ocrx_word' id='word_1_67' title='bbox 952 1205 1058 1259; x_wconf 88' lang='lat' dir='ltr'><strong>autem</strong></span> <span class='ocrx_word' id='word_1_68' title='bbox 1080 1193 1172 1259; x_wconf 85' lang='lat' dir='ltr'><strong>simili</strong></span> 
     </span>
     <span class='ocr_line' id='line_1_10' title="bbox 134 1300 1170 1390; baseline -0.001 -23"><span class='ocrx_word' id='word_1_69' title='bbox 134 1301 279 1390; x_wconf 84' lang='lat' dir='ltr'><strong>exemplo</strong></span> <span class='ocrx_word' id='word_1_70' title='bbox 290 1302 386 1367; x_wconf 88' lang='lat' dir='ltr'><strong>etiam</strong></span> <span class='ocrx_word' id='word_1_71' title='bbox 401 1300 525 1388; x_wconf 84' lang='lat' dir='ltr'><strong>Moyses</strong></span> <span class='ocrx_word' id='word_1_72' title='bbox 540 1301 572 1365; x_wconf 91' lang='lat' dir='ltr'><strong>in</strong></span> <span class='ocrx_word' id='word_1_73' title='bbox 588 1325 651 1389; x_wconf 91' lang='lat' dir='ltr'><strong>quo</strong></span> <span class='ocrx_word' id='word_1_74' title='bbox 667 1300 790 1366; x_wconf 90' lang='lat' dir='ltr'><strong>locutus</strong></span> <span class='ocrx_word' id='word_1_75' title='bbox 803 1314 849 1366; x_wconf 85' lang='lat' dir='ltr'><strong>est</strong></span> <span class='ocrx_word' id='word_1_76' title='bbox 866 1302 971 1377; x_wconf 89' lang='lat' dir='ltr'><strong>Deus,</strong></span> <span class='ocrx_word' id='word_1_77' title='bbox 990 1302 1099 1389; x_wconf 86' lang='lat' dir='ltr'><strong>sagitta</strong></span> <span class='ocrx_word' id='word_1_78' title='bbox 1112 1302 1170 1367; x_wconf 87' lang='lat' dir='ltr'><strong>Dci</strong></span> 
     </span>
     <span class='ocr_line' id='line_1_11' title="bbox 134 1391 1171 1498; baseline 0 -24"><span class='ocrx_word' id='word_1_79' title='bbox 134 1421 182 1474; x_wconf 88' lang='lat' dir='ltr'><strong>est</strong></span> <span class='ocrx_word' id='word_1_80' title='bbox 194 1432 201 1474; x_wconf 91' lang='lat'><strong>:</strong></span> <span class='ocrx_word' id='word_1_81' title='bbox 212 1421 244 1473; x_wconf 85' lang='lat' dir='ltr'><strong>ot</strong></span> <span class='ocrx_word' id='word_1_82' title='bbox 259 1409 363 1473; x_wconf 84' lang='lat' dir='ltr'><strong>caeteri</strong></span> <span class='ocrx_word' id='word_1_83' title='bbox 376 1409 540 1497; x_wconf 88' lang='lat' dir='ltr'><strong>Prophetae</strong></span> <span class='ocrx_word' id='word_1_84' title='bbox 551 1421 583 1473; x_wconf 88' lang='lat' dir='ltr'><strong>et</strong></span> <span class='ocrx_word' id='word_1_85' title='bbox 592 1407 733 1498; x_wconf 79' lang='lat' dir='ltr'><strong>Apostoli</strong></span> <span class='ocrx_word' id='word_1_86' title='bbox 750 1409 882 1484; x_wconf 84' lang='lat' dir='ltr'><strong>Christi,</strong></span> <span class='ocrx_word' id='word_1_87' title='bbox 896 1410 928 1474; x_wconf 91' lang='lat' dir='ltr'><strong>in</strong></span> <span class='ocrx_word' id='word_1_88' title='bbox 941 1410 1055 1498; x_wconf 90' lang='lat' dir='ltr'><strong>quibus</strong></span> <span class='ocrx_word' id='word_1_89' title='bbox 1065 1391 1171 1475; x_wconf 74' lang='lat' dir='ltr'><strong>(lhris-</strong></span> 
     </span>
     <span class='ocr_line' id='line_1_12' title="bbox 135 1499 1171 1606; baseline 0 -24"><span class='ocrx_word' id='word_1_90' title='bbox 135 1530 186 1582; x_wconf 90' lang='lat' dir='ltr'><strong>tus</strong></span> <span class='ocrx_word' id='word_1_91' title='bbox 195 1518 261 1604; x_wconf 89' lang='lat' dir='ltr'><strong>ipse</strong></span> <span class='ocrx_word' id='word_1_92' title='bbox 277 1515 475 1602; x_wconf 89' lang='lat' dir='ltr'><strong>loquebatur,</strong></span> <span class='ocrx_word' id='word_1_93' title='bbox 488 1499 612 1582; x_wconf 87' lang='lat' dir='ltr'><strong>certum</strong></span> <span class='ocrx_word' id='word_1_94' title='bbox 626 1529 673 1581; x_wconf 89' lang='lat' dir='ltr'><strong>est</strong></span> <span class='ocrx_word' id='word_1_95' title='bbox 685 1519 757 1605; x_wconf 90' lang='lat' dir='ltr'><strong>qnia</strong></span> <span class='ocrx_word' id='word_1_96' title='bbox 771 1541 826 1606; x_wconf 86' lang='lat' dir='ltr'><strong>per</strong></span> <span class='ocrx_word' id='word_1_97' title='bbox 838 1519 982 1606; x_wconf 83' lang='lat' dir='ltr'><strong>sagittam</strong></span> <span class='ocrx_word' id='word_1_98' title='bbox 994 1517 1051 1582; x_wconf 91' lang='lat' dir='ltr'><strong>Dei</strong></span> <span class='ocrx_word' id='word_1_99' title='bbox 1063 1516 1171 1584; x_wconf 85' lang='lat' dir='ltr'><strong>vulne-</strong></span> 
     </span>
     <span class='ocr_line' id='line_1_13' title="bbox 137 1624 1170 1712; baseline 0.003 -24"><span class='ocrx_word' id='word_1_100' title='bbox 137 1625 252 1690; x_wconf 87' lang='lat' dir='ltr'><strong>rabant</strong></span> <span class='ocrx_word' id='word_1_101' title='bbox 266 1645 319 1686; x_wconf 90' lang='lat' dir='ltr'><strong>eos</strong></span> <span class='ocrx_word' id='word_1_102' title='bbox 331 1633 363 1686; x_wconf 92' lang='lat' dir='ltr'><strong>et</strong></span> <span class='ocrx_word' id='word_1_103' title='bbox 379 1624 635 1712; x_wconf 87' lang='lat' dir='ltr'><strong>compungebant</strong></span> <span class='ocrx_word' id='word_1_104' title='bbox 646 1649 704 1690; x_wconf 92' lang='lat' dir='ltr'><strong>cor</strong></span> <span class='ocrx_word' id='word_1_105' title='bbox 716 1647 845 1700; x_wconf 84' lang='lat' dir='ltr'><strong>eorum,</strong></span> <span class='ocrx_word' id='word_1_106' title='bbox 865 1626 979 1712; x_wconf 89' lang='lat' dir='ltr'><strong>quibus</strong></span> <span class='ocrx_word' id='word_1_107' title='bbox 992 1649 1170 1691; x_wconf 89' lang='lat' dir='ltr'><strong>sermonem</strong></span> 
     </span>
     <span class='ocr_line' id='line_1_14' title="bbox 136 1715 1170 1820; baseline 0.001 -23"><span class='ocrx_word' id='word_1_108' title='bbox 136 1732 193 1797; x_wconf 87' lang='lat' dir='ltr'><strong>Dei</strong></span> <span class='ocrx_word' id='word_1_109' title='bbox 209 1730 432 1817; x_wconf 88' lang='lat' dir='ltr'><strong>loquebantur,</strong></span> <span class='ocrx_word' id='word_1_110' title='bbox 443 1731 484 1795; x_wconf 89' lang='lat' dir='ltr'><strong>ita</strong></span> <span class='ocrx_word' id='word_1_111' title='bbox 492 1715 529 1795; x_wconf 84' lang='lat' dir='ltr'><strong>¹ut</strong></span> <span class='ocrx_word' id='word_1_112' title='bbox 541 1731 573 1796; x_wconf 92' lang='lat' dir='ltr'><strong>hi</strong></span> <span class='ocrx_word' id='word_1_113' title='bbox 590 1732 642 1820; x_wconf 92' lang='lat' dir='ltr'><strong>qni</strong></span> <span class='ocrx_word' id='word_1_114' title='bbox 663 1734 702 1797; x_wconf 91' lang='lat' dir='ltr'><strong>ab</strong></span> <span class='ocrx_word' id='word_1_115' title='bbox 720 1733 793 1819; x_wconf 90' lang='lat' dir='ltr'><strong>ipsis</strong></span> <span class='ocrx_word' id='word_1_116' title='bbox 810 1734 979 1798; x_wconf 85' lang='lat' dir='ltr'><strong>audiebant</strong></span> <span class='ocrx_word' id='word_1_117' title='bbox 991 1757 1170 1798; x_wconf 91' lang='lat' dir='ltr'><strong>sermonem</strong></span> 
     </span>
     <span class='ocr_line' id='line_1_15' title="bbox 132 1837 1171 1932; baseline 0.002 -28"><span class='ocrx_word' id='word_1_118' title='bbox 132 1839 208 1914; x_wconf 88' lang='lat' dir='ltr'><strong>Dei,</strong></span> <span class='ocrx_word' id='word_1_119' title='bbox 228 1838 388 1912; x_wconf 84' lang='lat' dir='ltr'><strong>dicerent,</strong></span> <span class='ocrx_word' id='word_1_120' title='bbox 406 1839 503 1928; x_wconf 68' lang='lat' dir='ltr'><strong>quiae</strong></span> <span class='ocrx_word' id='word_1_121' title='bbox 519 1837 682 1905; x_wconf 84' lang='lat' dir='ltr'><strong>vulnerata</strong></span> <span class='ocrx_word' id='word_1_122' title='bbox 705 1839 858 1904; x_wconf 85' lang='lat' dir='ltr'><strong>charitate</strong></span> <span class='ocrx_word' id='word_1_123' title='bbox 878 1863 940 1932; x_wconf 72' lang='lat' dir='ltr'><strong>ego</strong></span> <span class='ocrx_word' id='word_1_124' title='bbox 962 1840 1075 1905; x_wconf 87' lang='lat' dir='ltr'><strong>snm²:</strong></span> <span class='ocrx_word' id='word_1_125' title='bbox 1097 1842 1171 1906; x_wconf 80' lang='lat' dir='ltr'><strong>»sic</strong></span> 
     </span>
     <span class='ocr_line' id='line_1_16' title="bbox 132 1947 1172 2038; baseline 0 -26"><span class='ocrx_word' id='word_1_126' title='bbox 132 1969 242 2012; x_wconf 86' lang='lat' dir='ltr'><strong>rursus</strong></span> <span class='ocrx_word' id='word_1_127' title='bbox 254 1969 273 2010; x_wconf 89' lang='lat' dir='ltr'><strong>e</strong></span> <span class='ocrx_word' id='word_1_128' title='bbox 291 1947 450 2012; x_wconf 86' lang='lat' dir='ltr'><strong>contrario</strong></span> <span class='ocrx_word' id='word_1_129' title='bbox 459 1948 620 2034; x_wconf 92' lang='lat' dir='ltr'><strong>quomodo</strong></span> <span class='ocrx_word' id='word_1_130' title='bbox 637 1947 781 2012; x_wconf 88' lang='lat' dir='ltr'><strong>Christus</strong></span> <span class='ocrx_word' id='word_1_131' title='bbox 797 1960 843 2012; x_wconf 90' lang='lat' dir='ltr'><strong>est</strong></span> <span class='ocrx_word' id='word_1_132' title='bbox 856 1947 956 2014; x_wconf 83' lang='lat' dir='ltr'><strong>electa</strong></span> <span class='ocrx_word' id='word_1_133' title='bbox 969 1951 1078 2038; x_wconf 87' lang='lat' dir='ltr'><strong>sagitta</strong></span> <span class='ocrx_word' id='word_1_134' title='bbox 1094 1949 1151 2014; x_wconf 89' lang='lat' dir='ltr'><strong>Dei</strong></span> <span class='ocrx_word' id='word_1_135' title='bbox 1163 1999 1172 2024; x_wconf 90' lang='lat'><strong>,</strong></span> 
     </span>
    </p>
   </div>
   <div class='ocr_carea' id='block_1_3' title="bbox 132 2057 1173 3871">
    <p class='ocr_par' dir='ltr' id='par_1_4' title="bbox 132 2057 1173 3871">
     <span class='ocr_line' id='line_1_17' title="bbox 132 2057 1169 2151; baseline 0.002 -27"><span class='ocrx_word' id='word_1_136' title='bbox 132 2061 225 2126; x_wconf 83' lang='lat' dir='ltr'><strong>sicet</strong></span> <span class='ocrx_word' id='word_1_137' title='bbox 241 2057 454 2127; x_wconf 79' lang='lat' dir='ltr'><strong>Antichristus</strong></span> <span class='ocrx_word' id='word_1_138' title='bbox 464 2062 572 2150; x_wconf 89' lang='lat' dir='ltr'><strong>sagitta</strong></span> <span class='ocrx_word' id='word_1_139' title='bbox 591 2059 718 2126; x_wconf 90' lang='lat' dir='ltr'><strong>diaboli.</strong></span> <span class='ocrx_word' id='word_1_140' title='bbox 738 2061 777 2126; x_wconf 86' lang='lat' dir='ltr'><strong>Et</strong></span> <span class='ocrx_word' id='word_1_141' title='bbox 792 2062 873 2126; x_wconf 86' lang='lat' dir='ltr'><strong>sient</strong></span> <span class='ocrx_word' id='word_1_142' title='bbox 885 2083 994 2126; x_wconf 87' lang='lat' dir='ltr'><strong>omnes</strong></span> <span class='ocrx_word' id='word_1_143' title='bbox 1005 2062 1037 2127; x_wconf 92' lang='lat' dir='ltr'><strong>in</strong></span> <span class='ocrx_word' id='word_1_144' title='bbox 1054 2063 1169 2151; x_wconf 89' lang='lat' dir='ltr'><strong>quibus</strong></span> 
     </span>
     <span class='ocr_line' id='line_1_18' title="bbox 134 2167 1172 2257; baseline 0 -24"><span class='ocrx_word' id='word_1_145' title='bbox 134 2169 281 2233; x_wconf 86' lang='lat' dir='ltr'><strong>Christus</strong></span> <span class='ocrx_word' id='word_1_146' title='bbox 293 2167 418 2234; x_wconf 89' lang='lat' dir='ltr'><strong>locutus</strong></span> <span class='ocrx_word' id='word_1_147' title='bbox 434 2182 499 2244; x_wconf 87' lang='lat' dir='ltr'><strong>est,</strong></span> <span class='ocrx_word' id='word_1_148' title='bbox 513 2167 722 2257; x_wconf 89' lang='lat' dir='ltr'><strong>velloquitur‚</strong></span> <span class='ocrx_word' id='word_1_149' title='bbox 740 2169 916 2232; x_wconf 90' lang='lat' dir='ltr'><strong>secundum</strong></span> <span class='ocrx_word' id='word_1_150' title='bbox 931 2169 1014 2234; x_wconf 87' lang='lat' dir='ltr'><strong>hane</strong></span> <span class='ocrx_word' id='word_1_151' title='bbox 1030 2167 1172 2234; x_wconf 91' lang='lat' dir='ltr'><strong>similitu-</strong></span> 
     </span>
     <span class='ocr_line' id='line_1_19' title="bbox 137 2275 1171 2365; baseline 0 -25"><span class='ocrx_word' id='word_1_152' title='bbox 137 2275 244 2340; x_wconf 89' lang='lat' dir='ltr'><strong>dinem</strong></span> <span class='ocrx_word' id='word_1_153' title='bbox 262 2276 428 2365; x_wconf 70' lang='lat' dir='ltr'><strong>Prophetae</strong></span> <span class='ocrx_word' id='word_1_154' title='bbox 444 2290 476 2341; x_wconf 89' lang='lat' dir='ltr'><strong>et</strong></span> <span class='ocrx_word' id='word_1_155' title='bbox 496 2275 638 2365; x_wconf 86' lang='lat' dir='ltr'><strong>Apostoli</strong></span> <span class='ocrx_word' id='word_1_156' title='bbox 661 2276 756 2340; x_wconf 87' lang='lat' dir='ltr'><strong>ctiam</strong></span> <span class='ocrx_word' id='word_1_157' title='bbox 777 2275 834 2363; x_wconf 90' lang='lat' dir='ltr'><strong>ipsi</strong></span> <span class='ocrx_word' id='word_1_158' title='bbox 852 2276 971 2364; x_wconf 76' lang='lat' dir='ltr'><strong>sagittae</strong></span> <span class='ocrx_word' id='word_1_159' title='bbox 985 2288 1075 2340; x_wconf 85' lang='lat' dir='ltr'><strong>erant</strong></span> <span class='ocrx_word' id='word_1_160' title='bbox 1095 2277 1171 2352; x_wconf 88' lang='lat' dir='ltr'><strong>Dei,</strong></span> 
     </span>
     <span class='ocr_line' id='line_1_20' title="bbox 136 2382 1172 2473; baseline 0 -25"><span class='ocrx_word' id='word_1_161' title='bbox 136 2395 169 2448; x_wconf 89' lang='lat' dir='ltr'><strong>et</strong></span> <span class='ocrx_word' id='word_1_162' title='bbox 183 2384 375 2471; x_wconf 86' lang='lat' dir='ltr'><strong>quicumque</strong></span> <span class='ocrx_word' id='word_1_163' title='bbox 391 2386 492 2472; x_wconf 88' lang='lat' dir='ltr'><strong>justus</strong></span> <span class='ocrx_word' id='word_1_164' title='bbox 508 2396 540 2448; x_wconf 90' lang='lat' dir='ltr'><strong>et</strong></span> <span class='ocrx_word' id='word_1_165' title='bbox 555 2383 743 2473; x_wconf 87' lang='lat' dir='ltr'><strong>praedicator</strong></span> <span class='ocrx_word' id='word_1_166' title='bbox 755 2382 894 2471; x_wconf 89' lang='lat' dir='ltr'><strong>loquitur</strong></span> <span class='ocrx_word' id='word_1_167' title='bbox 913 2385 1042 2449; x_wconf 76' lang='lat' dir='ltr'><strong>verbum</strong></span> <span class='ocrx_word' id='word_1_168' title='bbox 1058 2384 1115 2448; x_wconf 87' lang='lat' dir='ltr'><strong>Dei</strong></span> <span class='ocrx_word' id='word_1_169' title='bbox 1132 2385 1172 2448; x_wconf 91' lang='lat' dir='ltr'><strong>ad</strong></span> 
     </span>
     <span class='ocr_line' id='line_1_21' title="bbox 134 2489 1167 2579; baseline 0.002 -26"><span class='ocrx_word' id='word_1_170' title='bbox 134 2489 269 2554; x_wconf 86' lang='lat' dir='ltr'><strong>salntem</strong></span> <span class='ocrx_word' id='word_1_171' title='bbox 281 2490 446 2556; x_wconf 88' lang='lat' dir='ltr'><strong>hominum</strong></span> <span class='ocrx_word' id='word_1_172' title='bbox 457 2492 759 2564; x_wconf 85' lang='lat' dir='ltr'><strong>consummandam,</strong></span> <span class='ocrx_word' id='word_1_173' title='bbox 776 2490 885 2577; x_wconf 87' lang='lat' dir='ltr'><strong>sagitta</strong></span> <span class='ocrx_word' id='word_1_174' title='bbox 899 2490 1026 2555; x_wconf 87' lang='lat' dir='ltr'><strong>Deidioi</strong></span> <span class='ocrx_word' id='word_1_175' title='bbox 1042 2503 1146 2579; x_wconf 74' lang='lat' dir='ltr'><strong>potest</strong></span> <span class='ocrx_word' id='word_1_176' title='bbox 1160 2516 1167 2554; x_wconf 92' lang='lat'>:</span> 
     </span>
     <span class='ocr_line' id='line_1_22' title="bbox 133 2595 1167 2687; baseline 0 -26"><span class='ocrx_word' id='word_1_177' title='bbox 133 2598 222 2664; x_wconf 85' lang='lat' dir='ltr'><strong>itaet</strong></span> <span class='ocrx_word' id='word_1_178' title='bbox 237 2621 346 2663; x_wconf 90' lang='lat' dir='ltr'><strong>omues</strong></span> <span class='ocrx_word' id='word_1_179' title='bbox 362 2611 544 2686; x_wconf 86' lang='lat' dir='ltr'><strong>peccatores</strong></span> <span class='ocrx_word' id='word_1_180' title='bbox 556 2599 711 2684; x_wconf 90' lang='lat' dir='ltr'><strong>inquibus</strong></span> <span class='ocrx_word' id='word_1_181' title='bbox 724 2597 866 2662; x_wconf 87' lang='lat' dir='ltr'><strong>diabolus</strong></span> <span class='ocrx_word' id='word_1_182' title='bbox 880 2595 1032 2684; x_wconf 89' lang='lat' dir='ltr'><strong>loquitur,</strong></span> <span class='ocrx_word' id='word_1_183' title='bbox 1048 2598 1167 2687; x_wconf 72' lang='lat' dir='ltr'><strong>sagittae</strong></span> 
     </span>
     <span class='ocr_line' id='line_1_23' title="bbox 135 2704 1172 2794; baseline 0 -23"><span class='ocrx_word' id='word_1_184' title='bbox 135 2704 255 2771; x_wconf 87' lang='lat' dir='ltr'><strong>diaboli</strong></span> <span class='ocrx_word' id='word_1_185' title='bbox 272 2705 334 2770; x_wconf 91' lang='lat' dir='ltr'><strong>dici</strong></span> <span class='ocrx_word' id='word_1_186' title='bbox 349 2718 490 2794; x_wconf 89' lang='lat' dir='ltr'><strong>possunt.</strong></span> <span class='ocrx_word' id='word_1_187' title='bbox 510 2707 542 2771; x_wconf 93' lang='lat' dir='ltr'><strong>Si</strong></span> <span class='ocrx_word' id='word_1_188' title='bbox 559 2705 685 2793; x_wconf 85' lang='lat' dir='ltr'><strong>quando</strong></span> <span class='ocrx_word' id='word_1_189' title='bbox 701 2728 776 2793; x_wconf 90' lang='lat' dir='ltr'><strong>crgo</strong></span> <span class='ocrx_word' id='word_1_190' title='bbox 796 2717 826 2770; x_wconf 88' lang='lat' dir='ltr'><strong>te</strong></span> <span class='ocrx_word' id='word_1_191' title='bbox 844 2706 955 2770; x_wconf 88' lang='lat' dir='ltr'><strong>videris</strong></span> <span class='ocrx_word' id='word_1_192' title='bbox 971 2729 1029 2794; x_wconf 87' lang='lat' dir='ltr'><strong>per</strong></span> <span class='ocrx_word' id='word_1_193' title='bbox 1044 2729 1077 2770; x_wconf 94' lang='lat' dir='ltr'><strong>os</strong></span> <span class='ocrx_word' id='word_1_194' title='bbox 1094 2728 1172 2793; x_wconf 85' lang='lat' dir='ltr'><strong>pec-</strong></span> 
     </span>
     <span class='ocr_line' id='line_1_24' title="bbox 137 2811 1171 2902; baseline -0.001 -24"><span class='ocrx_word' id='word_1_195' title='bbox 137 2814 250 2878; x_wconf 87' lang='lat' dir='ltr'><strong>catoris</strong></span> <span class='ocrx_word' id='word_1_196' title='bbox 263 2813 381 2902; x_wconf 84' lang='lat' dir='ltr'><strong>sagittis</strong></span> <span class='ocrx_word' id='word_1_197' title='bbox 396 2813 512 2880; x_wconf 88' lang='lat' dir='ltr'><strong>diaboli</strong></span> <span class='ocrx_word' id='word_1_198' title='bbox 526 2812 701 2889; x_wconf 82' lang='lat' dir='ltr'><strong>vulnerari,</strong></span> <span class='ocrx_word' id='word_1_199' title='bbox 716 2812 798 2877; x_wconf 92' lang='lat' dir='ltr'><strong>illins</strong></span> <span class='ocrx_word' id='word_1_200' title='bbox 812 2811 939 2900; x_wconf 90' lang='lat' dir='ltr'><strong>quidem</strong></span> <span class='ocrx_word' id='word_1_201' title='bbox 955 2815 1103 2879; x_wconf 86' lang='lat' dir='ltr'><strong>miserere</strong></span> <span class='ocrx_word' id='word_1_202' title='bbox 1117 2816 1171 2901; x_wconf 91' lang='lat' dir='ltr'><strong>qni</strong></span> 
     </span>
     <span class='ocr_line' id='line_1_25' title="bbox 138 2920 1172 3011; baseline 0.003 -26"><span class='ocrx_word' id='word_1_203' title='bbox 138 2945 172 2985; x_wconf 89' lang='lat' dir='ltr'><strong>se</strong></span> <span class='ocrx_word' id='word_1_204' title='bbox 191 2921 307 2987; x_wconf 88' lang='lat' dir='ltr'><strong>adhoc</strong></span> <span class='ocrx_word' id='word_1_205' title='bbox 325 2946 402 3011; x_wconf 89' lang='lat' dir='ltr'><strong>opus</strong></span> <span class='ocrx_word' id='word_1_206' title='bbox 420 2923 549 2987; x_wconf 78' lang='lat' dir='ltr'><strong>exhibet</strong></span> <span class='ocrx_word' id='word_1_207' title='bbox 571 2920 695 2987; x_wconf 83' lang='lat' dir='ltr'><strong>diabolo</strong></span> <span class='ocrx_word' id='word_1_208' title='bbox 710 2920 890 2986; x_wconf 88' lang='lat' dir='ltr'><strong>ministrnm</strong></span> <span class='ocrx_word' id='word_1_209' title='bbox 906 2945 913 2986; x_wconf 94' lang='lat'>:</span> <span class='ocrx_word' id='word_1_210' title='bbox 930 2934 965 2986; x_wconf 90' lang='lat' dir='ltr'><strong>tn</strong></span> <span class='ocrx_word' id='word_1_211' title='bbox 982 2935 1086 2988; x_wconf 90' lang='lat' dir='ltr'><strong>autem</strong></span> <span class='ocrx_word' id='word_1_212' title='bbox 1102 2945 1172 2988; x_wconf 89' lang='lat' dir='ltr'><strong>me-</strong></span> 
     </span>
     <span class='ocr_line' id='line_1_26' title="bbox 138 3029 1170 3119; baseline 0.002 -26"><span class='ocrx_word' id='word_1_213' title='bbox 138 3052 210 3094; x_wconf 88' lang='lat' dir='ltr'><strong>mor</strong></span> <span class='ocrx_word' id='word_1_214' title='bbox 219 3043 285 3094; x_wconf 86' lang='lat' dir='ltr'><strong>esto</strong></span> <span class='ocrx_word' id='word_1_215' title='bbox 298 3031 364 3107; x_wconf 86' lang='lat' dir='ltr'><strong>tui,</strong></span> <span class='ocrx_word' id='word_1_216' title='bbox 382 3043 413 3095; x_wconf 92' lang='lat' dir='ltr'><strong>et</strong></span> <span class='ocrx_word' id='word_1_217' title='bbox 431 3031 532 3119; x_wconf 86' lang='lat' dir='ltr'><strong>arripe</strong></span> <span class='ocrx_word' id='word_1_218' title='bbox 549 3042 675 3096; x_wconf 88' lang='lat' dir='ltr'><strong>scutum</strong></span> <span class='ocrx_word' id='word_1_219' title='bbox 693 3029 785 3104; x_wconf 87' lang='lat' dir='ltr'><strong>fidoi,</strong></span> <span class='ocrx_word' id='word_1_220' title='bbox 804 3040 837 3092; x_wconf 93' lang='lat' dir='ltr'><strong>ut</strong></span> <span class='ocrx_word' id='word_1_221' title='bbox 852 3029 952 3116; x_wconf 88' lang='lat' dir='ltr'><strong>possis</strong></span> <span class='ocrx_word' id='word_1_222' title='bbox 968 3031 998 3094; x_wconf 92' lang='lat' dir='ltr'><strong>in</strong></span> <span class='ocrx_word' id='word_1_223' title='bbox 1015 3031 1082 3118; x_wconf 90' lang='lat' dir='ltr'><strong>ipso</strong></span> <span class='ocrx_word' id='word_1_224' title='bbox 1099 3055 1170 3096; x_wconf 91' lang='lat' dir='ltr'><strong>om-</strong></span> 
     </span>
     <span class='ocr_line' id='line_1_27' title="bbox 136 3132 1172 3222; baseline 0.002 -24"><span class='ocrx_word' id='word_1_225' title='bbox 136 3133 190 3199; x_wconf 85' lang='lat' dir='ltr'><strong>uia</strong></span> <span class='ocrx_word' id='word_1_226' title='bbox 204 3132 266 3198; x_wconf 87' lang='lat' dir='ltr'><strong>tola</strong></span> <span class='ocrx_word' id='word_1_227' title='bbox 282 3135 378 3222; x_wconf 87' lang='lat' dir='ltr'><strong>ignita</strong></span> <span class='ocrx_word' id='word_1_228' title='bbox 393 3133 521 3222; x_wconf 89' lang='lat' dir='ltr'><strong>maligni</strong></span> <span class='ocrx_word' id='word_1_229' title='bbox 537 3134 729 3221; x_wconf 83' lang='lat' dir='ltr'><strong>extinguere.</strong></span> <span class='ocrx_word' id='word_1_230' title='bbox 746 3133 815 3199; x_wconf 90' lang='lat' dir='ltr'><strong>Non</strong></span> <span class='ocrx_word' id='word_1_231' title='bbox 828 3132 929 3197; x_wconf 90' lang='lat' dir='ltr'><strong>solum</strong></span> <span class='ocrx_word' id='word_1_232' title='bbox 947 3145 1051 3198; x_wconf 88' lang='lat' dir='ltr'><strong>autem</strong></span> <span class='ocrx_word' id='word_1_233' title='bbox 1060 3135 1092 3199; x_wconf 91' lang='lat' dir='ltr'><strong>iu</strong></span> <span class='ocrx_word' id='word_1_234' title='bbox 1107 3159 1172 3200; x_wconf 79' lang='lat' dir='ltr'><strong>vcr-</strong></span> 
     </span>
     <span class='ocr_line' id='line_1_28' title="bbox 134 3239 1173 3331; baseline 0 -24"><span class='ocrx_word' id='word_1_235' title='bbox 134 3243 204 3317; x_wconf 83' lang='lat' dir='ltr'><strong>bis,</strong></span> <span class='ocrx_word' id='word_1_236' title='bbox 217 3241 273 3307; x_wconf 90' lang='lat' dir='ltr'><strong>sed</strong></span> <span class='ocrx_word' id='word_1_237' title='bbox 289 3243 321 3308; x_wconf 93' lang='lat' dir='ltr'><strong>in</strong></span> <span class='ocrx_word' id='word_1_238' title='bbox 334 3242 423 3309; x_wconf 83' lang='lat' dir='ltr'><strong>lactis</strong></span> <span class='ocrx_word' id='word_1_239' title='bbox 441 3243 620 3331; x_wconf 82' lang='lat' dir='ltr'><strong>diriguntur</strong></span> <span class='ocrx_word' id='word_1_240' title='bbox 635 3242 666 3305; x_wconf 91' lang='lat' dir='ltr'><strong>in</strong></span> <span class='ocrx_word' id='word_1_241' title='bbox 683 3265 740 3305; x_wconf 87' lang='lat' dir='ltr'><strong>nos</strong></span> <span class='ocrx_word' id='word_1_242' title='bbox 755 3239 818 3306; x_wconf 89' lang='lat' dir='ltr'><strong>tela</strong></span> <span class='ocrx_word' id='word_1_243' title='bbox 834 3240 959 3307; x_wconf 88' lang='lat' dir='ltr'><strong>diaboli.</strong></span> <span class='ocrx_word' id='word_1_244' title='bbox 980 3243 1011 3308; x_wconf 90' lang='lat' dir='ltr'><strong>si</strong></span> <span class='ocrx_word' id='word_1_245' title='bbox 1024 3243 1110 3307; x_wconf 89' lang='lat' dir='ltr'><strong>enim</strong></span> <span class='ocrx_word' id='word_1_246' title='bbox 1125 3245 1173 3308; x_wconf 86' lang='lat' dir='ltr'><strong>vi-</strong></span> 
     </span>
     <span class='ocr_line' id='line_1_29' title="bbox 139 3346 1173 3437; baseline 0.001 -25"><span class='ocrx_word' id='word_1_247' title='bbox 139 3348 229 3413; x_wconf 90' lang='lat' dir='ltr'><strong>deres</strong></span> <span class='ocrx_word' id='word_1_248' title='bbox 247 3349 411 3416; x_wconf 88' lang='lat' dir='ltr'><strong>mulierem</strong></span> <span class='ocrx_word' id='word_1_249' title='bbox 432 3351 632 3415; x_wconf 86' lang='lat' dir='ltr'><strong>insidiantem</strong></span> <span class='ocrx_word' id='word_1_250' title='bbox 648 3349 723 3422; x_wconf 88' lang='lat' dir='ltr'><strong>tibi,</strong></span> <span class='ocrx_word' id='word_1_251' title='bbox 742 3359 775 3411; x_wconf 91' lang='lat' dir='ltr'><strong>nt</strong></span> <span class='ocrx_word' id='word_1_252' title='bbox 795 3359 826 3411; x_wconf 87' lang='lat' dir='ltr'><strong>te</strong></span> <span class='ocrx_word' id='word_1_253' title='bbox 847 3346 1000 3437; x_wconf 84' lang='lat' dir='ltr'><strong>decipiat,</strong></span> <span class='ocrx_word' id='word_1_254' title='bbox 1018 3373 1122 3416; x_wconf 88' lang='lat' dir='ltr'><strong>nonne</strong></span> <span class='ocrx_word' id='word_1_255' title='bbox 1141 3362 1173 3414; x_wconf 90' lang='lat' dir='ltr'><strong>et</strong></span> 
     </span>
     <span class='ocr_line' id='line_1_30' title="bbox 136 3445 1171 3547; baseline 0 -25"><span class='ocrx_word' id='word_1_256' title='bbox 136 3456 208 3522; x_wconf 85' lang='lat' dir='ltr'><strong>haee</strong></span> <span class='ocrx_word' id='word_1_257' title='bbox 223 3459 355 3547; x_wconf 90' lang='lat' dir='ltr'><strong>ignitum</strong></span> <span class='ocrx_word' id='word_1_258' title='bbox 374 3456 472 3523; x_wconf 82' lang='lat' dir='ltr'><strong>telum</strong></span> <span class='ocrx_word' id='word_1_259' title='bbox 491 3457 607 3523; x_wconf 73' lang='lat' dir='ltr'><strong>dialtoli</strong></span> <span class='ocrx_word' id='word_1_260' title='bbox 621 3445 684 3532; x_wconf 83' lang='lat' dir='ltr'><strong>cst,</strong></span> <span class='ocrx_word' id='word_1_261' title='bbox 697 3479 772 3522; x_wconf 91' lang='lat' dir='ltr'><strong>cum</strong></span> <span class='ocrx_word' id='word_1_262' title='bbox 788 3456 843 3520; x_wconf 89' lang='lat' dir='ltr'><strong>tihi</strong></span> <span class='ocrx_word' id='word_1_263' title='bbox 862 3457 902 3521; x_wconf 89' lang='lat' dir='ltr'><strong>ita</strong></span> <span class='ocrx_word' id='word_1_264' title='bbox 917 3455 1070 3546; x_wconf 88' lang='lat' dir='ltr'><strong>loquitor,</strong></span> <span class='ocrx_word' id='word_1_265' title='bbox 1088 3471 1123 3523; x_wconf 88' lang='lat' dir='ltr'><strong>ut</strong></span> <span class='ocrx_word' id='word_1_266' title='bbox 1138 3459 1171 3522; x_wconf 90' lang='lat' dir='ltr'><strong>in</strong></span> 
     </span>
     <span class='ocr_line' id='line_1_31' title="bbox 136 3562 1173 3653; baseline 0.003 -25"><span class='ocrx_word' id='word_1_267' title='bbox 136 3578 170 3628; x_wconf 88' lang='lat' dir='ltr'><strong>te</strong></span> <span class='ocrx_word' id='word_1_268' title='bbox 182 3565 287 3653; x_wconf 92' lang='lat' dir='ltr'><strong>ignem</strong></span> <span class='ocrx_word' id='word_1_269' title='bbox 300 3564 438 3631; x_wconf 86' lang='lat' dir='ltr'><strong>libidinis</strong></span> <span class='ocrx_word' id='word_1_270' title='bbox 448 3567 586 3632; x_wconf 88' lang='lat' dir='ltr'><strong>concitet</strong></span> <span class='ocrx_word' id='word_1_271' title='bbox 596 3562 807 3630; x_wconf 78' lang='lat' dir='ltr'><strong>lSimiliterct</strong></span> <span class='ocrx_word' id='word_1_272' title='bbox 820 3565 921 3652; x_wconf 87' lang='lat' dir='ltr'><strong>siquis</strong></span> <span class='ocrx_word' id='word_1_273' title='bbox 932 3578 964 3629; x_wconf 89' lang='lat' dir='ltr'><strong>te</strong></span> <span class='ocrx_word' id='word_1_274' title='bbox 977 3568 1077 3632; x_wconf 84' lang='lat' dir='ltr'><strong>verbis</strong></span> <span class='ocrx_word' id='word_1_275' title='bbox 1089 3589 1173 3631; x_wconf 92' lang='lat' dir='ltr'><strong>ama-</strong></span> 
     </span>
     <span class='ocr_line' id='line_1_32' title="bbox 135 3673 1172 3763; baseline 0.001 -27"><span class='ocrx_word' id='word_1_276' title='bbox 135 3673 181 3737; x_wconf 84' lang='lat' dir='ltr'><strong>ris</strong></span> <span class='ocrx_word' id='word_1_277' title='bbox 196 3674 237 3758; x_wconf 58' lang='lat' dir='ltr'><strong>et:</strong></span> <span class='ocrx_word' id='word_1_278' title='bbox 252 3676 368 3763; x_wconf 82' lang='lat' dir='ltr'><strong>asperis</strong></span> <span class='ocrx_word' id='word_1_279' title='bbox 392 3675 432 3740; x_wconf 88' lang='lat' dir='ltr'><strong>ad</strong></span> <span class='ocrx_word' id='word_1_280' title='bbox 449 3674 644 3741; x_wconf 86' lang='lat' dir='ltr'><strong>iracundiam</strong></span> <span class='ocrx_word' id='word_1_281' title='bbox 666 3673 821 3747; x_wconf 84' lang='lat' dir='ltr'><strong>concitet,</strong></span> <span class='ocrx_word' id='word_1_282' title='bbox 839 3697 943 3740; x_wconf 90' lang='lat' dir='ltr'><strong>noune</strong></span> <span class='ocrx_word' id='word_1_283' title='bbox 964 3685 994 3738; x_wconf 90' lang='lat' dir='ltr'><strong>et</strong></span> <span class='ocrx_word' id='word_1_284' title='bbox 1023 3675 1074 3739; x_wconf 87' lang='lat' dir='ltr'><strong>hic</strong></span> <span class='ocrx_word' id='word_1_285' title='bbox 1098 3675 1172 3762; x_wconf 87' lang='lat' dir='ltr'><strong>igni-</strong></span> 
     </span>
     <span class='ocr_line' id='line_1_33' title="bbox 135 3779 1173 3871; baseline 0 -26"><span class='ocrx_word' id='word_1_286' title='bbox 135 3794 207 3845; x_wconf 86' lang='lat' dir='ltr'><strong>tum</strong></span> <span class='ocrx_word' id='word_1_287' title='bbox 222 3781 363 3868; x_wconf 80' lang='lat' dir='ltr'><strong>jaculum</strong></span> <span class='ocrx_word' id='word_1_288' title='bbox 382 3793 430 3846; x_wconf 84' lang='lat' dir='ltr'><strong>est</strong></span> <span class='ocrx_word' id='word_1_289' title='bbox 444 3783 571 3871; x_wconf 87' lang='lat' dir='ltr'><strong>maligni</strong></span> <span class='ocrx_word' id='word_1_290' title='bbox 585 3834 593 3858; x_wconf 88' lang='lat'>,</span> <span class='ocrx_word' id='word_1_291' title='bbox 607 3806 669 3870; x_wconf 90' lang='lat' dir='ltr'><strong>quo</strong></span> <span class='ocrx_word' id='word_1_292' title='bbox 686 3779 890 3848; x_wconf 81' lang='lat' dir='ltr'><strong>inflammaris</strong></span> <span class='ocrx_word' id='word_1_293' title='bbox 902 3794 934 3847; x_wconf 90' lang='lat' dir='ltr'><strong>et</strong></span> <span class='ocrx_word' id='word_1_294' title='bbox 946 3782 1122 3848; x_wconf 84' lang='lat' dir='ltr'><strong>incenderis</strong></span> <span class='ocrx_word' id='word_1_295' title='bbox 1134 3783 1173 3847; x_wconf 86' lang='lat' dir='ltr'><strong>ad</strong></span> 
     </span>
    </p>
   </div>
   <div class='ocr_carea' id='block_1_4' title="bbox 179 3921 600 3986">
    <p class='ocr_par' dir='ltr' id='par_1_5' title="bbox 179 3921 600 3986">
     <span class='ocr_line' id='line_1_34' title="bbox 179 3921 600 3986; baseline 0.005 -16"><span class='ocrx_word' id='word_1_296' title='bbox 179 3925 187 3957; x_wconf 87' lang='lat'>¹</span> <span class='ocrx_word' id='word_1_297' title='bbox 199 3921 255 3972; x_wconf 76' lang='lat' dir='ltr'><strong>lsai.</strong></span> <span class='ocrx_word' id='word_1_298' title='bbox 266 3940 326 3971; x_wconf 75' lang='lat' dir='ltr'><strong>xcix</strong></span> <span class='ocrx_word' id='word_1_299' title='bbox 337 3960 343 3984; x_wconf 85' lang='lat'><em>,</em></span> <span class='ocrx_word' id='word_1_300' title='bbox 356 3943 379 3973; x_wconf 85' lang='lat' dir='ltr'><strong>a.</strong></span> <span class='ocrx_word' id='word_1_301' title='bbox 390 3948 418 3958; x_wconf 89' lang='lat'><em>—</em></span> <span class='ocrx_word' id='word_1_302' title='bbox 429 3922 441 3956; x_wconf 80' lang='lat'>²</span> <span class='ocrx_word' id='word_1_303' title='bbox 451 3924 524 3974; x_wconf 79' lang='lat' dir='ltr'><strong>Cant.</strong></span> <span class='ocrx_word' id='word_1_304' title='bbox 537 3942 565 3986; x_wconf 84' lang='lat' dir='ltr'><strong>v,</strong></span> <span class='ocrx_word' id='word_1_305' title='bbox 576 3923 600 3974; x_wconf 89' lang='lat'><strong>8.</strong></span> 
     </span>
    </p>
   </div>
   <div class='ocr_carea' id='block_1_5' title="bbox 0 0 1348 4594">
    <p class='ocr_par' dir='ltr' id='par_1_6' title="bbox 0 0 1348 4594">
     <span class='ocr_line' id='line_1_35' title="bbox 0 0 1348 4594; baseline 0 0"><span class='ocrx_word' id='word_1_306' title='bbox 0 0 1348 4594; x_wconf 95' lang='lat' dir='ltr'><strong> </strong></span> 
     </span>
    </p>
   </div>
  </div>
 </body>
</html>
