2702 4610
239 247 297 312 ¹72
680 245 825 290 omossrs

237 366 443 453 requiramus.
465 365 529 431 Sed
544 367 706 453 quomodo
723 366 864 431 invenire
885 385 1052 452 possumus
1071 362 1278 438 libertatem,

236 477 290 563 qui
307 476 460 568 servimus
475 474 589 540 smoulo
599 475 614 538 ἶ)
625 477 679 563 qui
696 477 849 542 servimus
865 475 1007 562 pecunie
1018 475 1032 537 l
1045 475 1098 560 qui
1114 475 1277 538 servimus

238 583 399 649 desideriis
411 585 536 650 cernis?
550 587 618 674 Ego
633 587 789 674 meipsum
807 585 956 673 sorripio,
973 584 1130 671 meipsum
1145 582 1278 668 judico,

237 715 296 781 ego
308 715 394 758 mess
402 693 511 782 cuipas
519 717 635 783 orgum
647 695 784 760 viderint
795 696 848 782 qui
860 694 1006 767 audiunt,
1016 693 1091 779 quid
1104 691 1145 756 de
1157 703 1278 756 semet-

237 800 313 890 ipsis
326 802 473 867 sentiant.
496 804 563 890 Ego
578 803 705 869 interim
721 802 806 878 dioo,
822 803 909 890 quod
922 803 1025 867 donee
1040 799 1143 866 elicui·
1153 800 1277 865 borum

239 910 380 976 deservio
395 933 460 1001 non
473 935 542 974 suut
558 934 728 977 conversus
744 911 785 976 ed
800 911 985 984 Dominum,
1002 931 1064 975 neo
1078 907 1179 973 ullam
1194 929 1277 973 oon-¹

237 1030 364 1084 secutus
376 1042 447 1084 sum
463 1016 642 1085 libertatem
656 1021 762 1086 donee
775 1017 848 1085 tolie
865 1041 917 1084 me
932 1019 1055 1106 negotiu
1072 1028 1105 1082 et
1119 1015 1278 1082 sollieitu-

163 1165 170 1177 ·
237 1125 327 1191 dines
335 1127 503 1216 stringunt.
516 1125 701 1214 llliusaquo
709 1127 1034 1215 constringornegotii
1044 1137 1077 1191 et
1085 1124 1276 1191 sollieitudi-

238 1235 287 1301 nis
302 1259 411 1303 servus
422 1261 503 1303 sum.
520 1237 594 1303 Soio
606 1239 693 1302 enim
704 1238 859 1325 scriptum
875 1259 955 1312 esse,
968 1236 1040 1323 quis
1054 1235 1275 1322 unusquisque

239 1369 303 1432 quo
318 1347 467 1422 vincitur,
480 1348 556 1414 buio
571 1359 603 1412 et
618 1368 726 1411 sersus
744 1343 943 1418 addicitur¹3
962 1344 1085 1410 etiamsi
1109 1365 1164 1408 me
1183 1365 1273 1407 amor

237 1452 381 1540 pecunie
405 1475 471 1517 non
487 1463 629 1540 superet,
645 1453 769 1518 etiamsi
789 1451 1022 1540 possessionum
1035 1463 1070 1514 et
1089 1449 1270 1514 divitiarum

238 1582 314 1628 oure
333 1583 398 1626 non
419 1560 556 1647 stringit,
579 1557 683 1625 leudis
703 1573 809 1626 temen
831 1561 966 1649 cupidus
984 1582 1069 1633 sum,
1087 1568 1121 1623 et
1138 1557 1271 1646 gloriam

238 1681 343 1737 sector
361 1670 547 1744 humanam,
567 1672 593 1734 si
615 1671 654 1736 de
674 1671 841 1737 bominum
862 1669 998 1736 vultibus
1016 1680 1050 1734 et
1071 1669 1266 1734 sermonibus

238 1781 363 1868 pendeo
380 1780 456 1867 quid
474 1780 514 1844 de
534 1801 586 1845 me
609 1779 663 1846 ille
680 1782 806 1855 sentiet,
822 1780 985 1869 quemodo
999 1777 1052 1844 ille
1066 1801 1120 1843 me
1142 1777 1268 1851 hubent,

238 1909 280 1952 no
293 1885 337 1952 illi
355 1886 548 1976 displiceam,
566 1890 591 1953 si
613 1887 656 1954 illi
671 1889 825 1979 plausum.
844 1889 955 1956 Doneo
973 1888 1101 1975 requiro
1115 1888 1189 1961 iste,
1209 1911 1269 1952 ser

238 2021 295 2062 vus
315 1997 431 2064 horum
452 2021 534 2064 sum.
556 1999 621 2066 Sed
638 1999 784 2066 volebam
802 2023 841 2064 ex
857 1999 920 2064 hoo
940 1996 1050 2063 seltem
1069 1997 1144 2062 setis
1163 2019 1266 2084 egere,

238 2107 263 2173 si
280 2108 397 2195 possim
411 2106 493 2174 liber
506 2108 589 2183 fieri,
607 2110 631 2173 si
648 2109 765 2196 possim
787 2110 864 2196 jugo
884 2107 976 2172 tede
990 2106 1089 2193 hujus
1110 2107 1263 2171 servitutis

238 2214 371 2291 absolvi,
382 2229 415 2283 et
427 2219 593 2306 pervenire
601 2219 644 2284 od
653 2217 832 2285 libertatem
844 2215 1019 2282 seeundum
1028 2214 1172 2304 Apostoli
1186 2238 1270 2282 eom

240 2326 447 2394 monitionem
470 2327 604 2394 dicentis
621 2349 629 2392 ι
655 2327 716 2392 «ln
736 2324 916 2393 libertatem
937 2325 1041 2390 roseti
1063 2325 1150 2398 estis,
1169 2323 1270 2388 nolito

237 2434 335 2500 ,fieri
350 2436 431 2501 servi
448 2433 616 2500 bominum
626 2436 649 2500 ².
666 2465 678 2500 ι
694 2435 758 2502 Sed
772 2435 842 2521 quis
859 2434 936 2499 mibi
953 2432 1042 2498 dabit
1057 2432 1136 2498 beno
1150 2455 1266 2497 menu-

238 2543 445 2612 missionem?
459 2544 530 2630 quis
549 2567 600 2608 mo
616 2544 655 2608 ob
673 2545 733 2609 bae
747 2543 898 2608 servitute
912 2542 1094 2630 turpissime
1108 2539 1271 2618 liberabit,

237 2653 297 2720 nisi
313 2650 365 2717 ille
375 2652 430 2739 qui
442 2651 542 2716 dixit:
563 2651 621 2716 «Si
634 2675 687 2716 vos
698 2649 796 2716 Filius
810 2651 1003 2725 liberaverit,
1017 2673 1092 2716 sere
1106 2650 1199 2716 liberi
1214 2651 1272 2716 eri·

239 2791 252 2824 ι
268 2760 372 2826 tis⁸ls
392 2761 518 2828 Etenim
533 2761 600 2826 seio
616 2761 688 2849 quis
705 2784 813 2826 servus
833 2785 898 2828 non
918 2772 1021 2850 potest
1042 2759 1191 2828 libertate
1213 2762 1272 2826 do·

240 2870 322 2945 neri,
338 2870 397 2936 uisi
412 2869 548 2936 fideliter
559 2871 711 2946 serviens,
724 2871 783 2937 nisi
799 2872 972 2937 Dominum
984 2869 1128 2960 diligens.
1144 2874 1186 2938 Et
1202 2871 1273 2936 ideo

240 2979 336 3043 etism
351 3001 408 3042 nos
424 2978 560 3045 fideliter
575 2981 761 3056 serviamus,
780 2992 814 3046 et
831 3004 871 3046 ex
889 2993 957 3045 toto
973 2981 1083 3055 eorde,
1100 2991 1135 3045 et
1149 3003 1191 3046 ex
1205 2991 1274 3045 tote

239 3087 358 3159 animo,
371 3095 404 3150 et
418 3109 457 3150 ex
470 3097 536 3150 tote
549 3088 664 3154 virtute
681 3100 786 3154 nostru
802 3087 967 3176 diligemus
978 3087 1153 3155 Dominum
1169 3087 1271 3153 Deum

240 3208 398 3269 nostrum,
414 3207 448 3259 ut
463 3214 643 3263 mereamur
656 3196 802 3265 libertate
818 3197 928 3262 doneri
944 3222 961 3263 e
979 3196 1107 3262 Christo
1121 3196 1202 3262 Jesu
1219 3197 1275 3262 Fi-

240 3302 282 3368 lio
296 3305 366 3392 ejus
381 3303 517 3371 Domino
534 3318 655 3382 nostro,
672 3309 725 3372 oui
739 3318 787 3372 est
804 3304 903 3394 glorie
922 3318 955 3371 et
975 3305 1146 3394 imperium
1164 3305 1200 3371 in
1215 3329 1275 3372 ιε-

241 3411 311 3479 oulo
328 3412 527 3482 seculorum.
542 3416 655 3483 Amen.

272 3537 281 3570 ¹
293 3555 305 3588 a
317 3539 371 3588 Pet.
387 3559 415 3600 ιι,
429 3557 466 3605 ¹9·
478 3569 510 3580 -
521 3541 532 3576 ²
543 3543 599 3592 Gal.
613 3559 637 3602 v,
651 3545 689 3603 rb,
699 3554 725 3595 et
737 3562 746 3592 1
760 3545 819 3594 (lor.
831 3559 877 3600 vu,
891 3543 930 3592 sb.
939 3567 969 3580 -
980 3540 990 3576 ²
1002 3543 1077 3592 loen.
1092 3557 1148 3598 sur,
1162 3541 1207 3591 36.
