2604 4614
262 309 294 352 lli
322 310 483 352 canrtcott
508 305 708 350 ChN'llCOhllll
733 307 892 353 PROLOGUS·
1031 289 1095 357 565

9 490 14 498 .
63 452 133 522 quaa
148 431 234 496 Deus
252 442 317 506 est,
336 451 408 496 cum
424 431 455 493 iu
471 427 574 517 aliquo
590 427 700 503 luerit,
717 426 793 492 nihil
810 441 988 506 terrenum,
1014 433 1093 498 nihil

10 597 16 608 .
62 541 248 617 materiale,
261 535 335 606 nihil
349 537 555 627 corruptibile
574 537 682 626 diligit.
703 537 818 602 Contra
834 551 981 606 'naturam
1001 534 1092 607 narn-

10 694 17 714 ι
67 671 131 737 que
143 659 191 712 est
206 648 235 711 ei
251 645 450 733 corruptibile
465 641 742 731 aliquiddiligere,
760 665 831 708 cum
848 644 912 732 ipsa
925 645 966 709 sit
986 646 1093 711 incor-

0 781 17 822 ε
66 757 222 846 ruptionis
235 755 312 819 lona.
331 755 400 842 lpsa
416 764 463 817 est
485 753 571 817 enim
594 749 658 817 sola
678 772 747 838 qaae
762 751 856 817 habet
874 754 1093 822 immortalita-

2 900 9 911 ¹
67 878 133 931 tcm
142 889 151 929 ε
160 861 310 951 siquidem
324 862 410 928 Deus
422 860 560 926 charitas
571 870 617 924 est
628 909 637 934 ‚
650 859 703 946 qui
715 857 1096 928 sotushahstimmortatt-

13 1008 14 1015 ε
66 985 179 1046 tatem,
195 969 300 1036 lucem
318 969 464 1035 habitans
486 965 768 1034 ‘inaccessibilemh
788 967 870 1047 Quid
886 977 991 1034 autem
1008 969 1092 1036 aliud

60 1075 279 1144 immortalitas
302 1075 361 1140 nisi
376 1075 439 1142 vita
465 1085 581 1139 retorna
602 1084 669 1148 est,
694 1094 788 1159 quam
803 1073 950 1142 daturum
967 1099 1000 1140 se
1015 1098 1083 1166 pro
1136 1149 1137 1152 Ἴ

59 1185 155 1251 mittit
169 1185 256 1250 Deus
271 1183 475 1249 credentibus
492 1183 525 1248 in
545 1183 649 1272 ipsum
668 1179 769 1246 solum
791 1203 898 1247 rerum
914 1184 1037 1260 Deumt
1059 1197 1092 1250 ot

0 1328 6 1351 t
64 1313 161 1380 quem
176 1291 260 1356 misit
270 1290 381 1356 Jesum
394 1290 556 1356 Christum
571 1285 671 1354 filium
684 1289 751 1376 ojus
762 1288 776 1352 l
786 1289 952 1378 Proptetoa
968 1312 1043 1381 ergo
1058 1294 1092 1359 in

0 1440 10 1467 t
69 1401 192 1489 primis,
204 1409 320 1466 etanta
338 1399 442 1464 omnia
456 1397 520 1464 hoo
534 1395 669 1464 amabile
685 1408 717 1461 et
731 1394 879 1485 placitum
891 1400 1013 1464 dicitur
1022 1421 1106 1466 esse.

0 1552 10 1589 t
71 1509 151 1582 noo,
167 1519 199 1572 nt
215 1508 286 1596 quis
310 1506 417 1596 diligat
431 1506 603 1573 Dominum
627 1505 730 1570 Deum
745 1523 835 1572 suum
850 1529 889 1572 ex
911 1519 978 1572 toto
991 1510 1095 1574 cordo·

19 1682 21 1690 ,
72 1639 144 1692 suo,
157 1628 188 1680 et
201 1637 241 1680 ex
259 1627 326 1682 tota
339 1613 442 1681 anima
458 1635 514 1680 sua
527 1663 535 1688 ,
547 1625 580 1678 ct
594 1635 632 1677 ex
646 1614 721 1676 totis
737 1610 850 1678 viribus
865 1616 940 1679 suis.
963 1617 1001 1682 Et
1017 1619 1089 1704 quia

13 1743 21 1793 l
68 1727 145 1791 Dens
159 1724 295 1790 charitas
311 1735 377 1798 est,
390 1734 422 1786 et
433 1722 530 1788 Filius
542 1722 595 1809 qui
607 1743 645 1785 ox
658 1723 724 1786 Deo
735 1733 797 1807 ost,
813 1722 949 1788 charitas
961 1736 1026 1800 est,
1041 1727 1087 1788 sui

0 1875 23 1912 2
60 1833 157 1900 simile
171 1833 292 1920 aliquid
304 1831 434 1921 requirit
446 1833 478 1896 ln
496 1831 585 1898 nobis
596 1855 603 1894 r
615 1842 713 1919 utpcr
725 1829 805 1896 hano
818 1831 1003 1898 charitatem
1019 1843 1090 1922 quio

2 1998 14 2024 ff·
57 1952 103 2004 est
118 1939 151 2004 iu
161 1937 290 2002 Christo
301 1935 396 2012 lesu,
412 1935 466 2023 qui
478 1948 525 2000 est
539 1935 693 2012 charitas,
708 1934 790 2000 volut
802 1949 935 2024 cognata
951 1939 1086 2025 quadum

1 2080 21 2141 ῑ,Δ
57 2071 113 2135 per
135 2047 300 2113 charitatis
323 2064 439 2111 nomon
464 2044 615 2110 affinitate
630 2037 804 2110 sociemur:
824 2046 905 2110 sicut
919 2058 950 2111 et
966 2046 1017 2112 ille
1033 2049 1086 2137 qui

1 2151 20 2257 ‘b
61 2157 127 2243 jam
140 2157 329 2244 conjunctus
345 2155 373 2219 ei
390 2154 516 2219 dicebat
527 2176 534 2216 :
547 2153 647 2232 «Quis
662 2172 718 2216 nos
734 2153 886 2239 separabit
902 2177 919 2219 a
935 2153 1089 2222 charitate

0 2335 10 2355 γ’
64 2262 160 2334 illei,
173 2283 241 2348 quas
256 2271 304 2324 est
318 2261 350 2324 in
371 2258 497 2323 Christo
511 2253 588 2322 lesu
603 2257 740 2322 Domino
754 2257 902 2322 nostro²i
917 2261 1013 2327 ollaec
1031 2279 1089 2326 aas

5 2450 6 2457 ¹
68 2385 132 2435 tem
146 2369 277 2436 charitas
294 2391 422 2434 emnem
439 2368 601 2434 hominem
621 2367 797 2456 proximum
819 2365 928 2458 diligit.
952 2373 1003 2436 Olt
1026 2372 1089 2438 hoo

10 2555 14 2569 ι
61 2481 144 2544 enim
160 2479 262 2568 arguit
274 2477 418 2544 Salvator
433 2477 603 2565 quemdam
616 2526 624 2552 ‚
638 2477 691 2564 qui
708 2477 892 2564 opinabatur
907 2479 992 2566 quod
1004 2481 1087 2568 justa

57 2591 162 2654 anima
173 2611 248 2676 erga
260 2604 330 2652 cam
347 2607 417 2675 quas
436 2586 652 2673 iniquitatibus
669 2584 804 2651 involuta
820 2599 886 2661 est,
902 2589 1089 2676 propinquia
1159 2609 1164 2618 ·

55 2698 129 2763 tatis
144 2699 293 2785 juranou
307 2707 409 2760 servet
428 2717 435 2759 ε
453 2707 485 2759 ot
497 2694 554 2759 ista
571 2693 611 2758 do
627 2714 719 2760 causa
736 2693 831 2760 tonuit
845 2695 938 2762 istam
953 2699 1089 2785 parabo-

57 2805 139 2882 lam,
155 2827 229 2894 qaae
244 2805 339 2879 dicit,
355 2804 442 2892 quod
456 2800 642 2868 inlstrones
658 2803 766 2868 incidit
778 2804 923 2890 quidam,
941 2806 1092 2872 dumdcs⁴

8 2987 15 3004 Ι
60 2915 164 2980 condit
180 2915 221 2980 ab
237 2911 431 2978 Hierusalem
446 2913 479 2977 in
491 2911 640 2978 Hiericho
656 2935 663 2976 ε
681 2923 713 2976 et
727 2910 829 3000 culpat
844 2914 973 3001 quidem
989 2933 1090 2981 saeor—

11 3102 16 3115 μ
62 3025 166 3090 dotem
186 3047 226 3090 ao
242 3022 387 3098 levitam,
405 3022 457 3110 qui
475 3021 615 3087 ridentes
630 3023 836 3098 seminecem,
850 3025 1087 3112 preterierunt't

5 3127 8 3138 ’
55 3131 262 3221 amplectitur
277 3141 383 3197 autom
395 3130 628 3196 Samaritauum
640 3130 693 3217 qni
706 3130 951 3196 misericordiam
962 3132 1090 3209 iecerit,

2 3258 16 3329 ζ,
53 3251 89 3306 ct
105 3243 193 3306 huuc
208 3239 345 3306 luissroi
369 3238 548 3328 proximum
565 3238 660 3325 ipsius
675 3237 728 3325 qui
743 3251 945 3326 proposuerat
960 3255 1092 3329 respon-

4 3333 17 3354 ''
59 3349 148 3414 sione
162 3349 318 3425 firmarit,
335 3361 367 3413 et
381 3349 424 3414 ait
438 3348 485 3412 oi:
502 3345 627 3422 «vado,
644 3358 676 3410 ct
692 3357 726 3411 tu
742 3346 787 3412 fao
803 3345 974 3413 similiteri.
994 3352 1091 3415 tEtc*
1185 3411 1188 3418 .

1 3426 15 3492 ²¹
59 3457 132 3523 uim
146 3471 254 3524 natura
268 3471 377 3522 omnos
391 3447 483 3522 nobit
499 3455 634 3522 invicem
650 3455 783 3543 proximi
795 3467 913 3521 sumus.
934 3457 1093 3546 Operibus

0 3544 4 3662 ι,
55 3587 137 3632 vero
150 3567 311 3656 charitatis
322 3566 359 3630 {it
369 3565 529 3653 proximus
543 3559 594 3628 illo
605 3563 658 3651 qui
670 3574 770 3652 potest
784 3565 968 3632 benefacere
978 3617 986 3641 ,
995 3567 1026 3629 ei
1039 3566 1093 3651 qai

53 3689 123 3741 non
139 3687 256 3765 potest.
277 3675 366 3739 Unde
381 3685 413 3737 et
426 3671 569 3738 Salvator
584 3683 691 3736 nostru
705 3672 800 3738 iaetus
811 3675 1026 3762 estproalmus
1038 3690 1096 3737 no-

50 3786 103 3850 bis
117 3823 126 3858 ⁵
146 3802 208 3848 nec
218 3782 419 3870 pertransivit
430 3794 487 3846 nos
497 3803 573 3846 eum
587 3781 755 3854 semineces
766 3803 804 3844 ex
816 3779 974 3846 latronum
987 3774 1094 3846 tulna·

93 3929 102 3961 ¹
126 3951 134 3980 ι
151 3935 217 3980 Tim.
232 3949 273 3980 vr.
288 3933 329 3982 16.
340 3959 368 3966 --
380 3927 391 3960 ²
402 3933 474 3978 Rom.
485 3926 595 3989 v111‚35‚
609 3927 651 3992 39·
661 3957 688 3968 -
704 3925 783 3978 'Luc
794 3945 819 3988 x,
833 3920 874 3994 37.
