2692 4610
264 265 325 343 254
577 321 581 332 .
603 253 604 258 ἵ
704 285 846 328 oniensis

262 427 355 470 cens:
369 406 499 470 «Estote
509 404 609 468 sancti
618 403 689 490 quia
698 415 730 468 et
740 425 800 490 ego
810 415 935 484 sanctus
947 423 1027 474 sum,
1038 399 1175 464 Dominus
1181 397 1242 465 lieu

263 540 276 573 ι
294 509 423 576 rester¹.
440 509 585 574 »Nomen
601 509 662 574 hoe
677 525 822 583 sanctes,
843 509 919 596 quid
933 509 990 574 sibi
1003 506 1084 580 velit,
1096 507 1193 594 quidve
1204 508 1244 592 sig·

262 617 370 683 niiieet
382 618 413 681 in
429 615 602 703 Scripturis
617 617 742 690 divinis,
753 616 935 704 diligentius
947 615 1156 702 requirendum
1165 627 1212 686 est,
1222 626 1245 675 ut

262 747 337 791 eum
348 725 411 789 vim
430 725 516 788 verbi
533 723 750 799 didicerimus,
764 725 860 789 etiam
879 748 957 812 opus
972 725 1039 812 ejus
1056 723 1192 810 possimus
1203 721 1245 784 in-

262 831 359 920 plere.
382 830 616 918 Congregemus
631 853 707 919 ergo
722 831 762 897 de
778 831 948 922 Scriptnris
968 833 1087 904 divinis,
1104 853 1185 917 super
1196 829 1245 915 qui-

262 943 323 1006 bus
338 950 485 1004 sanctum
500 940 562 1004 dici
578 941 768 1016 invenimus,
784 953 817 1006 et
829 941 1097 1031 deprehendemus
1108 961 1163 1004 nnn
1173 936 1245 1002 solun

262 1050 421 1124 hemines,
434 1049 491 1113 sed
503 1049 598 1114 etium
610 1063 697 1114 mutu
711 1050 858 1116 animalia
871 1063 979 1117 sancta
988 1049 1146 1139 appellatm
1158 1045 1246 1112 inveni-

263 1181 334 1222 mus
351 1166 383 1222 et
398 1179 470 1222 sesa
486 1158 651 1223 ministerii
668 1170 775 1223 saneta
783 1163 979 1235 vocitatum
991 1159 1161 1225 vestimenta
1171 1164 1246 1218 sancta
1301 1216 1302 1223 χ

263 1266 339 1342 diei,
351 1278 384 1330 et
398 1264 467 1330 loca
480 1264 684 1331 nihilominus
696 1291 766 1354 quae
782 1268 815 1332 in
828 1269 960 1335 urbibus
972 1265 1019 1332 vel
1036 1265 1245 1347 suburltibuspe

263 1377 321 1440 situ
345 1387 431 1449 sunt,
449 1385 482 1438 et
500 1377 718 1442 sacerdotibus
735 1377 902 1464 deputatm
921 1401 961 1442 ex
974 1377 1069 1441 mutis
1083 1373 1192 1462 quidem
1206 1368 1246 1432 ani·

209 1573 211 1580 Α
264 1483 399 1550 malibus
425 1484 636 1572 primogenita
660 1489 759 1551 houm
780 1485 830 1551 vel
849 1509 1002 1573 pecorum
1030 1481 1195 1550 sanctificari
1211 1498 1247 1563 prr

263 1592 381 1680 Legem
391 1592 529 1657 Domino
540 1593 704 1679 jubentur,
716 1607 749 1658 et
760 1595 889 1670 dicitur,
899 1596 946 1661 Ne
957 1595 1050 1660 iacias
1061 1594 1092 1658 in
1103 1592 1142 1656 eis
1152 1609 1211 1676 opus
1219 1581 1247 1646 ul-

264 1698 344 1776 lum,
357 1698 430 1788 quia
446 1700 583 1765 Domino
600 1701 796 1767 sanctificata
811 1716 901 1774 sunt;
917 1700 1246 1790 supereminerent]

265 1810 297 1874 in
320 1807 527 1874 tabernaculo
548 1810 721 1876 testimonii
747 1834 818 1876 vasu
845 1812 1024 1887 ministerii,
1049 1804 1197 1877 thuribula,
1216 1796 1246 1863 nl

265 1915 390 2003 phialae,
404 1913 452 1980 vel
468 1929 580 1980 caetera
594 1917 778 2005 hujusmodi
795 1942 881 1993 vasa,
895 1931 1005 1986 sancta
1022 1914 1203 2006 appellanturt
1213 1929 1248 1971 ⁵¹¹·

266 2047 324 2112 per
335 2025 542 2098 vestimentis,
554 2026 652 2093 etiem
663 2027 741 2092 stola
754 2027 912 2115 pontificis
924 2029 1030 2094 Aaron
1043 2038 1074 2090 et
1085 2023 1173 2088 tunica
1183 2017 1245 2084 tine.

267 2145 299 2197 et
319 2143 430 2198 caetera
446 2132 635 2220 ,hujusmodi
653 2137 851 2210 vestimenta,
869 2149 978 2201 sanctu
995 2137 1146 2202 dicuntur.
1162 2128 1245 2208 Sittgt

267 2241 449 2306 iutueamur
459 2265 523 2330 quo
535 2267 628 2308 sensu
641 2243 710 2308 haec
725 2245 829 2310 omnia
847 2258 955 2312 sancta
969 2258 1077 2312 vocata
1088 2253 1163 2314 sunt,
1172 2235 1249 2300 adrer-

270 2363 372 2417 temus
383 2351 543 2439 quomodo
556 2354 651 2417 etiam
664 2375 720 2418 nos
733 2355 808 2419 dare
824 2378 952 2442 opernm
966 2357 1131 2422 debeamus
1144 2360 1171 2413 ut
1183 2338 1251 2409 sanci
1301 2374 1302 2433 j

268 2483 336 2525 esse
351 2462 516 2547 possimus.
540 2445 637 2526 Natus
653 2473 701 2524 est
716 2462 794 2525 mihi
814 2463 1044 2550 primogenitus
1058 2465 1125 2535 bos,
1138 2477 1188 2522 nnn
1200 2445 1252 2514 mill

269 2566 343 2634 licet
357 2591 514 2657 occupare
529 2590 603 2632 eum
619 2568 659 2632 ed
680 2591 758 2655 opus
780 2591 949 2634 commune
969 2592 978 2634 :
999 2582 1046 2635 est
1065 2569 1142 2634 enim
1156 2556 1253 2627 Domine

271 2690 486 2752 consecratus,
505 2687 538 2740 et
553 2676 624 2739 ideo
642 2677 759 2741 dicitur
776 2690 915 2747 sanetus.
940 2679 1142 2768 intelligimus
1159 2689 1217 2756 ergo
1230 2683 1255 2725 01

271 2784 333 2850 hoc
348 2797 436 2849 muto
451 2781 590 2860 animali,
610 2785 770 2872 quomodo
790 2785 855 2850 Lex
872 2788 958 2874 quod
975 2799 1117 2854 sanctum
1131 2779 1186 2846 vult
1201 2792 1256 2839 test·

272 2889 350 2957 uulli
362 2889 412 2954 alii
426 2892 458 2956 id
470 2891 627 2956 deservire
640 2892 743 2976 jubet,
754 2893 812 2956 nisi
824 2893 962 2959 Domino
970 2895 1039 2960 soli.
1051 2895 1160 2960 lterum
1171 2895 1259 2976 peteret
1301 2900 1302 2903 ’

274 2998 322 3064 rel
337 2996 456 3086 phialas
472 3023 549 3086 quus
569 2999 646 3065 dicit
661 3013 798 3075 sanctas,
816 2999 876 3066 illae
891 3016 965 3067 sunt
981 3027 1052 3091 quse
1072 3015 1211 3086 uunquam
1226 2989 1260 3074 ju*

274 3109 392 3172 bentur
406 3106 491 3170 exire
507 3107 546 3171 de
561 3106 694 3194 templo,
712 3109 767 3172 sed
783 3131 850 3173 esse
863 3133 989 3197 semper
1001 3113 1033 3177 in
1046 3109 1165 3180 sanctis,
1175 3091 1262 3166 netul·
1304 3183 1305 3204 Χ

275 3212 313 3278 lis
333 3214 458 3300 penitus
478 3214 625 3280 humanis
641 3215 961 3284 usibus'ministrare.
986 3218 1134 3285 Similiter
1152 3226 1179 3278 et
1198 3199 1263 3272 resti·
1304 3207 1305 3278 l

277 3333 383 3389 menta
398 3344 466 3406 quae
478 3333 584 3386 saneta
600 3323 817 3398 nominentur,
834 3347 897 3390 non
913 3327 1068 3412 jubentur
1080 3329 1155 3392 intra
1168 3321 1264 3385 domum
1303 3299 1305 3392 l

278 3429 347 3494 usui
359 3429 514 3493 deservire
526 3431 696 3517 pontificis,
709 3431 765 3496 sed
779 3432 811 3496 in
827 3433 946 3523 templo
958 3458 1040 3511 esse,
1051 3445 1083 3500 et
1093 3430 1159 3498 inde
1171 3418 1265 3491 omnint
1303 3401 1305 3482 l

279 3561 442 3625 nunquam
454 3537 571 3613 ell‘erri,
585 3541 639 3604 sed
655 3541 695 3605 ad
711 3542 773 3609 hoe
789 3554 914 3610 tantum
931 3554 1111 3610 consecrata
1123 3559 1194 3609 esse,
1204 3523 1267 3594 uteie

278 3648 346 3712 Deo
359 3647 538 3711 ministrans
550 3647 688 3734 pontifex
700 3651 862 3728 induatur,
879 3665 911 3716 et
922 3653 984 3718 sint
996 3673 1119 3738 semper
1130 3649 1158 3711 in
1169 3631 1266 3722 templo,
1304 3625 1305 3686 i

282 3755 323 3820 ad
338 3765 470 3821 caeteros
485 3777 559 3819 vero
572 3779 645 3820 usus
662 3779 846 3826 communes
863 3773 970 3827 utatur
984 3756 1195 3827 communibus
1207 3739 1269 3812 indu·
1304 3791 1305 3844 3

314 3881 414 3930 ¹Lerit.
433 3897 473 3942 xx,
488 3881 526 3930 26.
