2776 4616
258 299 323 376 dab
705 319 847 363 ostensu

303 426 371 494 Vll.
391 455 403 488 a
420 428 489 494 Non
507 429 566 494 erit
583 428 748 518 auguratio
771 428 802 493 in
823 429 940 504 Jacob,
962 447 1065 517 neque
1088 427 1244 494 divinatio
1270 429 1301 495 in

259 567 272 600 ι
291 536 399 606 israel.
415 539 451 604 In
466 549 608 627 tempore
619 539 900 605 dicetur-addaoob
913 537 1049 604 etlsrae'i
1062 537 1139 626 quid
1151 537 1302 626 perficiet

259 677 271 710 ι
288 645 403 717 Deus¹.
424 677 436 710 a
456 648 557 737 igitur
573 648 722 737 quoniam
744 648 844 713 risum
859 658 907 712 est
925 649 989 735 jam
1006 646 1099 713 nobis
1115 645 1302 735 diligentius

259 759 299 823 de
321 756 452 846 singuiis
472 759 654 846 quibusque
674 758 844 832 discutere,
861 779 925 822 non
943 756 1101 822 videbitur
1122 757 1301 834 absurdum

260 868 284 939 ai
300 867 397 932 etiam
413 867 489 955 quid
506 867 545 932 sit
559 867 738 956 auguratio,
752 864 801 933 vei
815 865 980 941 divinatio,
996 865 1149 954 quoniam
1165 866 1301 954 quidem
1373 913 1374 916 ,

259 974 378 1065 placuit
392 975 566 1065 Scripturas
581 967 833 1043 cornmemorare
848 975 888 1040 de
904 975 953 1050 iis,
967 999 1006 1040 na
1022 975 1094 1064 quis
1107 975 1189 1042 forte
1207 975 1302 1064 igno·

257 1097 364 1152 ranter
375 1086 407 1152 in
419 1085 488 1153 baeo
498 1085 629 1163 ineidat,
640 1083 1069 1176 requiramus.Videturergo
1083 1085 1161 1151 mibi
1175 1085 1301 1151 futuro·

258 1219 329 1262 rum
345 1196 554 1286 praescientia,
571 1209 725 1285 quantum
742 1196 781 1262 ad
802 1196 901 1284 ipsam
919 1219 986 1261 rem
1003 1207 1137 1285 spectat,
1155 1196 1304 1263 medium
1373 1193 1374 1222 i

257 1307 409 1394 quiddam
424 1329 505 1382 esse,
522 1307 555 1371 id
572 1318 620 1372 est
646 1329 749 1394 neque
770 1307 896 1394 proprie
911 1307 1033 1370 bonum
1050 1327 1155 1393 neque
1171 1307 1305 1394 proprie

165 1429 171 1442 ”
260 1415 378 1484 matrim
394 1415 676 1506 :quandoquidem
692 1426 794 1504 potest
805 1415 966 1480 interdurn
978 1416 1106 1480 etiamn
1125 1426 1221 1504 parto
1236 1415 1306 1480 dia·

256 1525 322 1594 boli
337 1527 378 1594 ad
398 1525 565 1592 hominum
587 1524 733 1591 notitiam
752 1523 934 1590 futurorum
955 1523 1062 1588 venire
1085 1523 1299 1611 praescientia.

259 1635 335 1702 Sino
357 1634 455 1702 dubio
475 1645 581 1700 autem
598 1657 673 1699 cum
689 1646 813 1722 tempus
835 1643 868 1697 ot
889 1633 1109 1722 opportunitas
1129 1633 1249 1721 posuit,
1271 1645 1305 1698 ot

257 1740 401 1809 voluntas
414 1743 471 1808 Dei
487 1741 595 1817 suerit,
607 1741 702 1807 datur
716 1741 811 1807 etiam
826 1766 843 1807 a
856 1742 924 1806 Deo
938 1765 996 1830 per
1010 1741 1187 1830 Prophetas
1199 1742 1304 1807 bomi-

258 1854 351 1919 nibus
362 1851 577 1941 prmscienlim
594 1862 628 1918 et
641 1851 712 1918 ideo
728 1852 877 1928 diximus,
893 1853 967 1940 quia
981 1875 1083 1940 nequa
1094 1853 1220 1942 proprie
1233 1853 1299 1918 bo-'

259 1985 339 2042 ¹rrum
349 1963 412 2028 diei
425 1973 540 2050 potest,
551 1960 815 2051 quodaiiqnando
828 1969 843 2027 a
857 1961 940 2028 malo
951 1963 1033 2028 venit
1041 1988 1050 2036 ς
1063 1964 1304 2054 naqueproprie

259 2071 393 2149 malum,
404 2075 491 2161 quod
502 2071 699 2161 aliquandoa
714 2075 779 2138 Deo
790 2072 964 2140 deseendit.
981 2075 1173 2162 thuamris
1185 2075 1228 2139 de
1240 2075 1305 2140 bos

262 2183 461 2249 abundanter
469 2184 565 2248 etiam
577 2187 616 2248 e'x
628 2181 800 2271 Scriptnris
809 2181 922 2246 divinis
931 2179 1073 2270 exempla
1083 2183 1305 2271 suppeditent,

261 2293 406 2360 sufficere
426 2305 531 2362 tamen
548 2293 709 2359 oredimus
724 2293 749 2357 si
766 2303 893 2356 utamur
908 2314 947 2356 eo
967 2291 1054 2379 quod
1070 2291 1102 2356 in
1117 2291 1311 2380 Regnorum·

261 2404 343 2472 libro
360 2407 512 2494 scripturn
535 2404 668 2493 legimus
685 2426 693 2467 :
713 2403 766 2468 ubi
784 2424 856 2468 areu
878 2401 935 2466 Dei
958 2403 997 2467 ab
1017 2400 1194 2490 allophylis
1215 2415 1307 2490 capta
1373 2401 1374 2404 ’

261 2528 322 2592 est,
338 2528 370 2581 et
388 2517 524 2582 deducta
546 2517 578 2581 in
597 2514 744 2588 Azotum.
762 2525 794 2578 et
809 2513 853 2578 ibi
872 2540 884 2572 ι
901 2513 1158 2586 introduxerunt,
1175 2514 1306 2599 inquit,

262 2649 360 2693 suam
381 2628 413 2694 in
436 2627 567 2692 domum
589 2625 712 2714 Dagon,
730 2636 762 2687 et
781 2623 928 2688 inventus
948 2635 996 2688 ost
1018 2623 1128 2711 Dagon
1151 2623 1309 2690 cecidisse

262 2760 407 2825 »pronus
423 2736 454 2802 in
469 2748 588 2828 terram
601 2747 676 2801 antu
693 2757 801 2799 arcam
818 2735 998 2799 testamenti
1015 2732 1154 2798 Domini.
1176 2734 1218 2798 Et
1235 2757 1311 2823 gra·

264 2855 424 2912 »vataest
439 2867 552 2910 manus
568 2843 696 2908 Domini
710 2867 806 2930 super
817 2843 947 2918 Azotos,
959 2855 992 2906 et
1008 2841 1170 2930 dissipavit
1186 2867 1258 2918 eos,
1277 2855 1311 2908 et

263 2983 276 3014 ι
291 2955 445 3042 percussit
460 2977 514 3020 eos
530 2955 562 3020 in
579 2951 733 3019 natibus².
752 2951 851 3018 »Post
868 2953 948 3027 baec,
966 2953 1081 3039 inquit,
1097 2953 1244 3040 ingressa
1261 2965 1313 3018 est

265 3086 338 3132 area
351 3065 382 3128 in
396 3063 554 3139 decaron,
567 3076 598 3129 et
611 3063 765 3128 miserunt
777 3041 1038 3139 decaroniensei,
1050 3073 1082 3127 et
1094 3085 1316 3153 congregare·

267 3187 342 3242 runt
363 3199 474 3240 omnes
495 3186 635 3262 satrapas
661 3171 917 3262 Allopbylorum,
938 3185 971 3237 et
999 3199 1011 3232 ι
1029 3185 1314 3262 congregaverunt

268 3285 476 3351 »sacerdotes
487 3296 517 3350 et
534 3284 656 3350 divinos
671 3305 757 3358 suos,
774 3283 937 3349 dicentes:
954 3282 1041 3362 Quid
1054 3282 1211 3348 diciamus
1229 3307 1314 3350 areae

267 3425 281 3460 ι
296 3395 448 3462 Domini?
464 3395 604 3462 indicate
619 3395 711 3460 nobis
725 3394 887 3481 quomodo
903 3392 1101 3458 remittamus
1118 3414 1191 3457 eum
1214 3395 1247 3459 in
1264 3394 1317 3460 lo-

268 3537 281 3570 »
297 3531 371 3598 eum
384 3527 487 3571 suum.
503 3505 747 3594 Responderunt
758 3503 937 3570 sacerdotes
949 3513 981 3567 at
992 3501 1088 3568 dirini
1105 3500 1159 3567 :Si
1177 3505 1318 3570 remitti·

268 3646 281 3680 ι
296 3618 448 3684 tisaroam
460 3616 587 3682 Domini
600 3617 656 3682 Dei
669 3614 779 3689 lsrab'l,
797 3613 894 3681 nolite
906 3637 976 3680 eam
989 3613 1150 3678 dimittere
1164 3615 1315 3690 inanem,

270 3728 352 3794 saed
369 3727 478 3794 dantes
495 3725 608 3790 dabitis
628 3724 656 3791 ei
678 3747 736 3813 pro
756 3721 885 3797 delicto,
902 3735 934 3787 et
956 3733 1033 3788 tuno
1057 3722 1268 3802 amabimini,
1283 3739 1319 3790 et

271 3837 477 3915 »innotescet
499 3834 596 3900 robis.
618 3832 672 3899 Sin
692 3844 813 3908 autem,
830 3857 894 3900 non
911 3832 1051 3900 discedet
1069 3855 1182 3898 manus
1202 3835 1280 3921 ejus
1301 3859 1319 3900 a

307 3965 403 4014 ¹Num.
417 3979 491 4022 arur,
506 3959 603 4011 25.-²
619 3979 625 4009 ι
642 3962 699 4026 mg.
718 3978 741 4020 r,
754 3961 810 4022 effa,
824 3978 860 4010 ro.

1313 4189 1319 4202 ’
1372 4233 1374 4376 i
