2682 4594
208 329 268 400 ²¹4
648 347 789 389 cartennis

205 495 279 536 rum
295 473 363 537 haec
383 473 458 538 iacit
474 484 623 559 peccator
643 471 808 536 adversum
824 470 964 557 justum,
980 470 1179 544 «Dominus,
1194 469 1242 532 iu-

205 579 307 664 »quit‚
325 579 469 645 irridebit
488 601 580 654 eum,
603 579 753 666 quoniam
775 577 927 666 prospicit
941 577 1028 664 quod
1052 577 1155 642 veniat
1178 576 1243 640 dics

206 685 328 773 »ejua¹.
348 712 360 745 r
376 688 481 766 Quem
497 687 581 751 diem
597 685 748 774 prospicit
766 685 921 750 Dominus
936 684 1139 772 peccatoris?
1152 681 1243 748 lllum

204 795 271 858 sine
287 793 403 868 dubio,
421 817 495 858 cum
512 793 663 880 quaeritur
678 804 839 880 peccator,
856 803 889 857 et
901 815 965 857 non
976 792 1046 856 erit.

247 899 334 966 Vlll.
361 927 373 960 ι
393 898 540 965 Gladium
559 901 803 989 evaginaverunt
818 911 1021 986 peccatores,
1040 897 1245 964 tetenderunt

206 1031 339 1073 sarcum
351 1031 457 1083 suurn,
469 1021 502 1072 ut
511 1008 794 1096 dejiciantinopem
803 1018 835 1073 et
843 1006 1046 1095 pauperem².
1057 1033 1071 1067 a
1081 1007 1152 1072 Non
1161 1005 1245 1094 quod

205 1116 292 1181 omni
304 1138 420 1204 genere
437 1129 622 1203 peccatores
637 1115 778 1205 gladium
796 1114 935 1180 habeant
949 1112 1172 1204 corporalem,
1193 1111 1246 1178 sed

208 1224 368 1291 rideamus
384 1247 424 1289 ne
436 1225 517 1289 sorte
533 1225 614 1290 sicut
631 1235 704 1289 sunt
719 1222 864 1310 quaedam
883 1245 969 1288 arma
986 1223 1063 1297 Dei,
1085 1222 1248 1308 inquibus

205 1355 273 1396 esse
289 1327 407 1397 dicitu'r
425 1330 521 1400 lorica
538 1332 685 1420 justitie,
706 1343 739 1395 et
760 1329 882 1418 gladius
904 1330 1050 1419 spiritus,
1068 1342 1103 1394 ct
1120 1340 1248 1395 scutum

207 1440 298 1516 fidei,
311 1442 353 1506 ita
365 1441 460 1505 etiam
473 1441 536 1505 sint
550 1463 639 1506 arma
656 1438 793 1512 diaboli,
809 1439 925 1527 quibus
942 1439 1072 1503 indutus
1087 1450 1137 1504 est
1153 1439 1248 1503 homo

119 1568 121 1572 ’
206 1559 366 1636 peccator.
386 1548 414 1614 A
430 1548 595 1613 contrariis
610 1547 705 1636 igitur
715 1544 926 1633 intelligamus
942 1545 1122 1619 contraria,
1140 1557 1174 1609 et
1186 1557 1249 1609 sta-

206 1668 334 1722 tuamus
349 1655 428 1720 duos
448 1654 563 1720 milites
579 1666 733 1728 armatos,
751 1675 851 1718 uuum
866 1652 1000 1720 militem
1019 1653 1078 1717 Dei
1091 1703 1100 1728 ,
1113 1651 1248 1718 alterum

208 1762 341 1828 militem
357 1759 484 1826 diaboli.
501 1763 541 1826 Et
552 1761 706 1848 siquidem
721 1759 811 1825 miles
822 1760 880 1826 Dei
897 1759 994 1824 habet
1009 1759 1146 1825 loricam
1162 1761 1249 1848 justi·

210 1871 278 1943 tiae,
291 1869 358 1932 sine
375 1868 472 1931 dubio
488 1867 577 1932 miles
593 1867 710 1932 diaboli
725 1868 916 1932 contrariam
931 1867 1007 1932 huic
1022 1869 1104 1956 gerit
1121 1868 1247 1954 injusti-

208 1977 261 2037 tiae
276 1972 418 2038 loricam.
433 1975 472 2037 Et
488 1975 512 2037 si
529 1973 617 2038 miles
629 1974 686 2038 Dei
698 1974 731 2038 iu
742 1973 830 2062 galea
845 1973 953 2039 salutis
966 1987 1128 2049 coruscat,
1141 1997 1159 2038 c
1170 1995 1247 2038 con-

209 2081 308 2145 trario
335 2092 486 2169 peccator
509 2081 562 2167 qui
589 2094 636 2146 eat
664 2080 755 2146 miles
779 2080 922 2157 diaboli,
949 2080 1037 2168 galea
1064 2081 1242 2170 perditionis

211 2188 339 2252 indutus
355 2199 412 2251 est.
428 2188 467 2252 Et
479 2187 504 2250 si
521 2189 620 2275 parati
637 2199 709 2252 sunt
720 2189 817 2276 pedes
833 2186 940 2253 militis
956 2189 1075 2253 Christi
1086 2188 1122 2252 ad
1133 2188 1241 2252 Euan·

209 2294 281 2384 gelli
298 2316 426 2360 cursum
441 2315 474 2359 et
491 2295 767 2382 pradicationem,
786 2297 980 2361 econtrario
996 2295 1171 2383 peccatoris
1189 2317 1251 2382 pe-
1339 2313 1340 2322 ¹

210 2403 265 2467 des
282 2401 434 2468 velociter
448 2415 581 2468 currunt
601 2403 640 2468 ad
655 2402 885 2468 effundendum
900 2403 1111 2492 sanguinem,
1134 2416 1167 2468 et
1186 2403 1253 2468 ral-
1339 2389 1340 2400 ³

209 2521 371 2574 oeanronta
383 2511 471 2596 ejus,
484 2509 545 2574 hoc
557 2523 605 2574 est
617 2510 823 2600 praeparutio,
837 2511 1047 2576 concinnatur
1060 2513 1102 2577 ad
1113 2510 1252 2578 malum.

208 2617 312 2683 Habet
326 2639 401 2705 orgo
417 2616 506 2681 miles
522 2618 578 2682 Dei
597 2630 724 2684 scutum
739 2618 900 2704 quoddam
915 2617 987 2683 fidei
1010 2619 1135 2693 ,habet
1150 2631 1184 2684 et
1202 2621 1255 2685 mi·

209 2724 255 2790 les
271 2724 387 2790 diaboli
404 2723 594 2790 infidelitatis
610 2738 746 2791 scutum.
767 2727 812 2790 lta
828 2749 904 2814 crgo
920 2740 968 2790 est
983 2725 1108 2814 gladius
1120 2729 1254 2815 quidam

211 2833 347 2930 Spiritus
362 2834 461 2898 sancti
474 2834 505 2897 in
518 2833 566 2898 his
582 2833 635 2919 qui
652 2833 787 2898 militant
798 2835 885 2898 lieo:
901 2846 949 2899 est
965 2847 1073 2900 autem
1084 2847 1119 2899 et
1131 2835 1254 2924 gladius

213 2940 341 3030 maligni
356 2941 388 3006 in
403 2940 452 3005 his
468 2941 521 3026 qui
537 2939 673 3006 militant
690 2952 846 3028 peccato,
870 2963 966 3028 quem
990 2938 1136 3030 gladium
1154 2943 1256 3031 evagi-

213 3073 288 3114 nare
307 3071 393 3113 nuuc
412 3049 562 3113 dicuntur
581 3060 774 3136 peccatores.
797 3049 967 3128 Quomodo
989 3063 1097 3114 autem
1120 3050 1253 3139 putandi

216 3165 289 3218 sunt
305 3164 489 3241 peccatores
500 3153 664 3242 evaginare
679 3150 839 3241 gladium?
854 3154 937 3218 Dum
949 3153 1015 3242 jam
1028 3153 1256 3241 impudenter,

214 3272 246 3325 ct
259 3261 377 3348 absque
391 3259 456 3324 ullo
467 3261 665 3325 verecundiae
677 3258 853 3325 velamento
865 3260 1045 3347 iniquitates
1057 3284 1132 3327 suas
1144 3286 1264 3350 perpe—

214 3379 317 3443 trant,
331 3391 389 3433 nce
407 3371 616 3443 erubescunt,
630 3391 667 3434 ac
680 3380 863 3432 reverentur
874 3418 882 3443 ‚
895 3391 955 3434 nec
969 3381 1126 3455 tanquam
1148 3371 1186 3435 in
1207 3395 1270 3436 sa-

214 3479 286 3566 gina
299 3478 470 3565 nequitiam
486 3501 573 3544 suam
588 3478 783 3553 recondunt,
796 3490 828 3542 et
840 3489 1034 3566 contegunt,
1048 3479 1107 3544 sed
1119 3483 1276 3567 superbo

208 3598 246 3650 et
264 3584 346 3651 elato
362 3586 473 3673 spiritu
492 3585 576 3650 velut
591 3585 730 3674 gladium
746 3585 915 3674 quemdam
940 3586 1118 3652 denudant.
1140 3587 1282 3654 Simili—

214 3706 263 3758 ter
275 3695 369 3760 etiam
386 3693 461 3758 illud
475 3695 560 3781 quod
577 3696 719 3782 sequitur
732 3705 905 3783 peragunt,
920 3694 953 3759 id
968 3695 1285 3766 estrintenderunt

215 3826 347 3868 »arcum
361 3825 465 3866 surtmt
486 3831 499 3863 a
522 3802 632 3867 Sedet
648 3803 723 3890 justi
740 3802 856 3867 habent
877 3825 1008 3878 arcum,
1025 3803 1148 3868 hubent
1166 3818 1200 3870 ct
1221 3830 1278 3875 sn

254 3939 261 3970 ¹
276 3944 361 3989 l‘salna.
378 3937 667 4002 uxxv1,13.-²1tid.
686 3946 723 4001 14.
