2744 4624
241 257 282 342 78
684 275 828 320 onrcnnrs

238 409 271 461 et
290 396 322 460 in
341 415 453 460 wmno
475 413 535 457 suo
552 389 602 456 leo
623 391 683 458 fuit
704 395 835 461 vincens
854 395 960 458 omnia
988 405 1021 458 et
1040 393 1215 470 deballans,
1235 405 1276 460 et

238 505 393 570 destruxit
413 525 487 567 eum
505 502 559 588 qui
580 502 719 568 habebat
735 503 846 570 mortis
861 504 1043 592 imperium,
1059 517 1092 568 et
1110 503 1197 570 velut
1218 527 1277 571 ce-

238 612 322 680 tulus
343 611 444 677 leonis
462 613 513 678 die
530 612 622 678 tertia
637 613 817 678 suscitatur.
837 613 943 692 «Quis
958 614 1122 679 suscitabit
1137 613 1235 678 euml
1251 641 1266 674 s

236 721 334 788 Recte
349 721 438 807 quasi
453 720 640 808 inquirentis
654 719 821 809 Propheta
840 744 1008 810 personam
1023 744 1093 808 quae
1108 721 1274 786 suscitarit

237 831 399 936 Christum
418 852 523 896 serum
544 829 710 919 significat.
731 829 813 910 Quia
836 828 1005 918 Apostolus
1024 830 1154 918 quidem
1177 828 1273 904 dicit,

162 1006 168 1016 ,
237 943 310 1029 quia
326 941 411 1006 Deus
424 967 438 1000 ι
449 941 503 1028 qui
518 941 680 1006 suscitavit
694 961 769 1006 eum
779 964 798 1005 a
809 941 954 1015 mortuis,
966 941 1131 1006 suscitabit
1141 951 1274 1006 etmer-

237 1079 250 1112 ι
265 1049 337 1115 talia
354 1071 486 1137 corpora
501 1061 603 1114 vestra
616 1059 745 1135 propter
756 1048 986 1116 inhabitantem
999 1049 1143 1136 spiritum
1153 1049 1224 1136 ejus
1234 1049 1274 1113 in

238 1187 251 1221 s
266 1157 384 1224 robis¹.
398 1186 410 1219 r
424 1158 465 1223 Et
479 1158 595 1224 iterum
611 1158 755 1223 Christus
769 1157 846 1224 dicit
860 1159 893 1224 in
910 1157 1085 1247 Evangeliis
1100 1182 1107 1224 :
1120 1185 1133 1219 a
1148 1158 1273 1225 Solvite

236 1298 248 1331 s
262 1267 415 1357 templum
426 1268 507 1342 boc,
520 1279 552 1332 ct
564 1289 623 1355 ego
634 1268 666 1333 in
679 1268 780 1332 tribus
792 1267 903 1333 diebus
918 1268 1077 1335 suscitabo
1092 1266 1172 1333 illud
1184 1291 1192 1332 ε
1204 1269 1272 1336 hoo

234 1407 247 1440 s
263 1391 369 1445 autem
382 1378 507 1444 dicebat
519 1378 558 1444 sle
571 1376 691 1466 templo
702 1378 843 1465 corporis
858 1378 906 1443 sui
914 1375 939 1442 ².
949 1406 961 1439 ι
972 1375 1055 1457 Quia
1069 1390 1188 1465 ergoet
1199 1379 1269 1466 ipse

232 1511 265 1554 se
280 1488 358 1554 dicit
373 1487 526 1552 suscitare
541 1485 696 1575 templum
710 1510 817 1561 auum,
830 1497 862 1550 ct
873 1487 958 1552 Deus
969 1484 1059 1552 illum
1071 1486 1188 1554 dicitur
1198 1511 1269 1552 sus-

229 1598 354 1670 citasse,
367 1607 453 1661 recte
467 1594 624 1682 Propheta
636 1607 765 1684 stupore
781 1606 876 1661 tantae
887 1595 986 1661 Patris
1001 1605 1034 1660 et
1050 1593 1121 1661 Filii
1136 1596 1265 1662 unitatis

228 1709 324 1796 alapae
338 1703 571 1775 indiscretionis
585 1704 739 1769 attonitus
753 1703 798 1770 ait
814 1727 822 1768 ε
840 1706 924 1786 Quis
937 1704 1109 1770 suscitabit
1124 1708 1219 1772 eam?

270 1814 434 1884 V1.‹N0n
449 1812 576 1878 deficiet
589 1813 738 1902 princeps
753 1837 792 1879 ex
806 1813 904 1889 luda,
920 1792 1023 1901 neilus
1038 1813 1102 1878 dux
1114 1813 1152 1879 de
1163 1813 1256 1878 lemo-

198 1988 203 1996 ,
229 1926 343 1990 »ribus
358 1925 427 2011 ejus
443 1945 608 2010 usquequo
622 1922 749 1987 veniant
765 1945 802 1988 ca
818 1945 888 2008 quae
903 1922 1039 2010 reposita
1059 1921 1190 1996 suntsi,
1209 1922 1262 1986 orl

227 2063 240 2096 s
258 2034 308 2121 (ut
321 2034 360 2098 in
375 2032 454 2098 aliis
474 2031 717 2119 exemplaribus
736 2031 894 2120 babetur)
913 2031 1017 2096 veniat
1032 2031 1058 2096 is
1073 2031 1125 2095 cui
1142 2031 1264 2119 reposi-

228 2171 241 2204 ι
256 2151 398 2208 tumsst:
409 2152 442 2204 et
452 2140 518 2229 ipsc
529 2139 590 2205 erit
599 2139 776 2227 expectatio
788 2140 930 2227 gentium
940 2138 965 2202 ⁸.
976 2167 989 2201 s
999 2139 1059 2206 llic
1068 2137 1265 2205 locusmaui-

227 2250 306 2316 leste
316 2229 454 2316 ¹refertur
464 2249 505 2315 ad
514 2249 632 2314 ludam
645 2269 653 2311 :
670 2259 794 2313 constat
805 2248 891 2314 enim
903 2270 1003 2334 usque
1015 2247 1055 2312 ad
1066 2247 1262 2314 nativitatem

228 2360 345 2426 Christi
360 2381 424 2425 non
440 2357 590 2424 deiecisse
605 2357 764 2446 principes
778 2379 818 2420 ex
835 2379 951 2444 genere
966 2356 1071 2430 Judae,
1088 2363 1150 2421 uec
1164 2356 1260 2422 duces

228 2469 267 2535 de
282 2468 455 2534 femoribus
465 2468 535 2554 ejus
547 2489 647 2554 usque
659 2465 697 2530 ad
708 2465 867 2530 Herodem
884 2487 1004 2552 regem,
1016 2464 1070 2552 qui
1082 2465 1257 2530 secuudum

227 2577 365 2644 historin
372 2575 473 2642 fidem
484 2597 581 2662 quam
592 2571 750 2660 «Iosephus
765 2572 874 2636 scribit
883 2571 908 2647 ‘,
920 2571 1093 2661 alienigena
1105 2573 1214 2649 fuisse,
1225 2587 1260 2640 et

225 2709 282 2776 per
290 2686 496 2752 ambitionem
505 2683 538 2749 in
547 2682 707 2771 regnumJ
710 2683 872 2747 udaeorum
882 2683 998 2748 dicitur
1009 2684 1186 2773 irrepsisse:
1196 2697 1261 2750 sta-

225 2796 283 2861 tim
297 2817 372 2882 ergo
386 2805 419 2858 ut
435 2793 497 2859 hoc
512 2793 704 2866 factumest,
718 2804 750 2856 et
767 2804 801 2856 ut
817 2790 932 2859 defecit
948 2794 1012 2859 dux
1029 2794 1069 2862 de
1081 2794 1260 2870 lemuribus

224 2904 244 2970 J
247 2903 328 2978 udae,
338 2902 463 2968 advenit
481 2899 532 2966 ille
548 2902 599 2967 cui
615 2913 684 2988 erat
699 2923 833 2989 regnum
846 2903 1030 2990 repositum.
1048 2904 1084 2969 ln
1100 2925 1163 2991 quo
1174 2926 1261 2990 quo·

224 3012 320 3078 modo
335 3021 444 3099 gentes
461 3021 600 3096 sperent,
616 3007 775 3097 Evangelii
791 3009 869 3074 fides
884 3021 917 3074 et
931 3007 1146 3076 Ecclesiarutn
1162 3011 1259 3077 docet

224 3119 419 3210 propagatio.
441 3117 589 3207 Reposito
611 3130 718 3184 autem
743 3117 894 3184 dicuntur
919 3141 956 3182 ea
983 3141 1052 3206 quae
1076 3131 1257 3208 opportuno

223 3225 568 3316 temporeproserenda
584 3238 666 3292 sunt}
684 3223 774 3296 Sicut
785 3237 818 3290 ot
834 3225 978 3290 Christus
993 3226 1025 3290 in
1045 3225 1143 3292 finem
1159 3251 1260 3294 saecu·

223 3339 327 3406 lorum
343 3335 505 3402 advenisse
521 3335 649 3411 dicitur,
661 3357 737 3400 cum
749 3335 827 3400 dicit
842 3333 1011 3423 Apostolus
1025 3357 1033 3399 t
1047 3337 1155 3403 «Ecce
1171 3359 1260 3402 nuuc

161 3444 165 3453 ’
224 3462 376 3536 »tempus
396 3444 591 3534 acceptabile
602 3444 648 3519 ⁶.»
663 3443 785 3510 scilicet
802 3443 843 3508 ad
861 3443 994 3509 salutem
1013 3445 1161 3533 gentibus
1178 3443 1259 3510 inle-

223 3555 365 3623 rendatn.
380 3554 414 3618 Si
431 3577 506 3619 vero
521 3553 590 3641 quis
607 3553 639 3618 in
658 3553 805 3617 omuibus
821 3553 928 3640 cupiat
942 3575 1072 3618 cursum
1090 3555 1255 3640 utriusque

222 3665 422 3756 expositionis
438 3675 558 3750 aptare,
572 3671 675 3750 potest
686 3673 874 3749 extorquere
885 3660 1036 3738 fortassis,
1053 3673 1086 3726 ut
1105 3661 1202 3726 etiam
1215 3663 1257 3726 de

254 3805 771 3884 ¹Rom.v111211.-²lonn.11,19,ar.
787 3819 943 3872 -th‘nca¹
958 3835 1024 3880 xasa,
1040 3819 1256 3882 10.-⁴Joseph.

223 3902 282 3949 llnt.
294 3895 337 3946 tib.
355 3911 406 3954 nir,
417 3911 441 3942 c.
456 3913 522 3942 ιι.-
535 3893 544 3924 ⁵
559 3911 571 3941 a
585 3893 646 3944 Cor.
662 3910 696 3953 va,
708 3910 731 3942 a.
