2660 4610
192 269 259 346 4⁰⁰
645 283 788 329 orionus

193 412 301 484 lectae,
314 421 448 475 currunt
457 420 529 496 post
543 408 664 496 ipsum,
681 421 776 494 atque
788 409 828 474 ad
839 411 975 476 odorem
987 411 1148 475 suavitatis
1161 409 1225 498 ejus

144 571 154 586 .
193 541 258 583 nou
273 515 358 581 lento
373 515 489 604 gradu,
503 537 562 580 nec
578 515 675 580 tardis
691 515 854 603 passibus,
872 516 927 582 sed
945 516 1058 604 rapido
1072 539 1167 582 cursu
1177 566 1186 591 ,
1198 530 1227 581 et

193 637 259 690 tota
271 611 493 712 properetione
509 621 676 696 festinant,
693 623 965 708 quemadmodum
985 634 1019 687 et
1033 622 1089 688 ille
1114 623 1167 709 qni
1185 622 1230 686 di-

196 733 312 798 cebat:
336 731 390 796 Sic
416 751 511 795 curro
535 740 570 792 ut
592 728 894 815 comprehendam¹.
922 727 1044 794 Verum
1067 729 1158 817 quod
1174 730 1228 793 ait:

206 840 434 926 «Unguentum
449 835 644 901 exinanitum
661 857 778 902 nomen
797 849 910 912 tuum,
926 849 1101 924 propterea
1125 834 1230 901 adoles·

196 944 352 1013 »centulae
367 943 545 1009 dilexerunt
558 954 609 1016 te,
626 955 657 1006 et
672 953 837 1009 traxerunt
848 956 880 1008 te
892 956 965 1032 pnst
976 967 1030 1008 se:
1049 945 1092 1008 ln
1111 943 1229 1008 odorem

193 1064 450 1141 »unguentorum
471 1043 598 1114 tuorum
614 1071 781 1115 curremus
789 1050 836 1114 ².»
851 1051 999 1116 Trahunt
1012 1051 1055 1116 ad
1078 1073 1115 1115 se
1134 1051 1229 1115 Chris-

189 1175 259 1228 tum
272 1156 566 1232 adolescentulum
580 1157 710 1244 quidem
723 1156 763 1222 de
774 1156 924 1223 Ecclesiis
936 1156 1159 1246 intelligatur,
1174 1181 1229 1245 qua
1309 1177 1310 1182 ’

193 1292 257 1334 una
271 1268 399 1356 quidem
414 1277 462 1330 est
474 1289 548 1331 cum
564 1263 705 1352 perlecta
722 1276 780 1329 est.
799 1264 907 1329 Multae
924 1287 999 1330 reru
1019 1279 1104 1330 sunt
1124 1265 1228 1331 adoles-
1308 1289 1309 1296 ¹

194 1373 347 1449 centulae,
364 1396 438 1438 cum
460 1365 564 1437 adh‘uc
589 1372 789 1436 instruuntur
810 1384 842 1436 et
867 1373 1057 1460 proliciunt.
1086 1375 1228 1462 lstaengo
1308 1385 1310 1466 ’χ

194 1477 324 1551 trahunt
337 1481 376 1546 ad
391 1503 423 1544 se
439 1479 600 1544 Christum
620 1477 806 1566 perfidem,
826 1479 900 1566 quia
918 1479 1073 1544 Christus
1090 1482 1148 1546 ubi
1163 1482 1227 1546 ride

193 1594 234 1657 rit
249 1600 455 1678 congregatos
471 1587 569 1661 duos,
585 1584 714 1650 veltres
731 1586 764 1650 iu
780 1585 843 1650 lide
859 1588 998 1652 nominis
1014 1590 1068 1652 sui
1082 1639 1092 1664 ‚
1107 1588 1225 1654 vaditil

193 1699 262 1776 luc,
278 1711 311 1764 et
327 1697 421 1762 estin
436 1693 543 1758 medio
565 1715 699 1770 eorum,
716 1691 779 1758 lide
794 1715 906 1758 eorum
925 1706 1054 1760 tractus
1084 1709 1117 1760 et
1139 1697 1223 1762 unani

192 1809 302 1874 mitate
325 1814 525 1893 provocatus.
552 1801 585 1868 Si
615 1823 691 1865 vero
716 1802 820 1867 tertia*
840 1803 1042 1890 expositione
1071 1805 1113 1868 de
1137 1806 1213 1869 auur

194 1915 327 1980 verbum
348 1910 405 1976 Dei
433 1920 584 1996 sequente
604 1907 734 1996 intelligi
757 1908 825 1974 haec
846 1923 999 1998 oportet,
1026 1933 1206 1999 quaecumque

196 2022 300 2088 anima
321 2017 416 2084 luerit
436 2015 559 2080 erudita
578 2015 681 2103 primo
703 2015 735 2079 in
752 2014 943 2091 moralibus,
969 2020 1120 2084 secundo
1136 2020 1204 2082 etim

194 2130 227 2195 in
246 2125 447 2195 naturalibus
461 2123 650 2198 exercitata,
667 2145 725 2211 per
740 2121 792 2188 illa
806 2125 912 2190 omnin
927 2147 1001 2212 quae
1019 2127 1055 2192 in
1076 2127 1125 2192 h's
1143 2127 1215 2192 disti·

190 2236 286 2326 plinis
306 2233 433 2299 edoceri
458 2254 551 2318 supra
566 2229 781 2305 ostendimus,
797 2231 862 2318 ipsa
879 2253 1012 2298 morum
1032 2235 1216 2305 emendatio,

189 2357 223 2411 et
237 2343 373 2409 eruditio
388 2363 514 2413 rerum,
527 2361 565 2404 uc
583 2338 722 2426 probitas
741 2337 913 2426 discipliuae
931 2339 1034 2404 trahit
1056 2342 1101 2406 ad
1119 2365 1152 2406 se
1171 2365 1222 2406 rer
1314 2413 1315 2416 Ἴ

193 2458 271 2521 bum
286 2452 364 2527 Dei,
383 2461 417 2514 et
431 2448 532 2513 libens
546 2446 683 2512 trahitur
702 2469 710 2511 r
730 2448 906 2535 gratissime
926 2449 1017 2514 enim
1036 2451 1081 2515 ad
1099 2453 1222 2518 enrditas

192 2563 312 2629 animas
327 2559 432 2631 venit,
453 2566 486 2619 et
508 2553 592 2618 trahi
615 2577 648 2618 se
670 2556 710 2618 ab
728 2553 777 2619 his
797 2553 999 2643 indulgenter
1021 2559 1165 2646 accipit,
1183 2562 1227 2624 be·
1314 2589 1315 2598 ¹

190 2672 349 2759 nigneque
367 2661 524 2730 concedit.
548 2661 686 2747 Requiro
705 2683 798 2736 sane,
822 2663 846 2726 si
866 2661 970 2729 solnm
997 2687 1120 2730 nomen
1144 2669 1225 2754 ejus.
1314 2727 1315 2736 ,

147 2849 152 2864 ¹
190 2776 262 2863 quia
291 2779 486 2860 unguentum
510 2766 629 2830 sactum
658 2777 706 2828 est
735 2765 951 2841 exinanitum,
977 2779 1108 2835 tantum
1132 2772 1226 2859 operis

189 2884 307 2972 egerit,
320 2891 352 2945 et
367 2880 410 2943 ita
425 2874 585 2940 suscitarit
602 2871 873 2947 adolescentulas,
894 2886 929 2938 ut
944 2876 1050 2963 primo
1072 2879 1227 2944 traherent
1314 2905 1315 2924 ³

191 3015 266 3056 eum
282 2989 321 3053 ad
333 3009 381 3060 se,
404 2995 436 3047 et
451 2981 606 3047 habentes
620 3002 695 3043 eum
711 2980 795 3064 apud
811 3003 861 3054 se,
880 2995 1031 3068 caperent
1052 2997 1227 3072 unguento

192 3119 264 3164 rum
278 3097 348 3182 ejus
362 3091 492 3156 odorem
507 3097 560 3161 ,et
576 3084 682 3148 statim
696 3097 859 3148 currerent
872 3099 943 3172 post
956 3111 1050 3153 eum:
1065 3093 1092 3154 si
1110 3091 1177 3157 haec
1187 3093 1228 3156 iu·

190 3227 286 3295 quam
298 3199 406 3266 omnin
419 3193 486 3260 solo
501 3191 630 3256 nomine
643 3192 713 3278 ejus
728 3191 842 3257 effecta
862 3205 957 3268 sunt,
977 3195 1053 3281 quid
1077 3211 1171 3284 putus
1188 3199 1228 3264 sa-

190 3317 252 3382 ciet
269 3313 336 3400 ipsa
356 3307 426 3395 ejus
447 3300 645 3368 substantia?
662 3300 748 3379 Quid
767 3324 806 3365 ex
821 3299 874 3366 illa
897 3301 1144 3373 adolescentule
1165 3311 1226 3373 ista·
1307 3306 1308 3309 '

189 3420 334 3493 virtutis,
347 3413 424 3503 qnid
438 3409 552 3498 vigoris
569 3407 743 3495 accipient,
760 3409 785 3472 si
801 3431 865 3495 quo
880 3423 976 3496 pacto
991 3416 1155 3499 potuerint
1173 3417 1224 3482 ali·
1300 3418 1306 3501 l

191 3528 318 3618 quando
335 3523 375 3588 nd
390 3520 488 3608 ipsam
509 3517 579 3603 ejus
601 3514 955 3601 incomprehensibilem
971 3531 1063 3606 atque
1082 3521 1226 3588 ineffabi-
1306 3513 1307 3521 ἵ

190 3639 254 3703 lrm
270 3627 477 3699 substantiam
494 3621 679 3710 pervenire?
694 3623 760 3709 Ego
782 3634 857 3710 puro
881 3625 968 3710 quod
986 3626 1010 3689 si
1029 3626 1069 3691 ad
1090 3629 1151 3694 hoc
1170 3631 1224 3694 ὦ.
1300 3634 1301 3637 ,

190 3742 317 3832 quando
330 3729 548 3825 pervenerint,
561 3726 626 3814 jam
638 3748 702 3790 non
716 3725 880 3792 ambulent
892 3751 995 3815 neque
1010 3746 1157 3806 currant,
1171 3735 1223 3800 sed
1305 3712 1307 3733 ¹

226 3883 234 3917 ¹
251 3887 331 3934 rCor.
346 3883 439 3940 ¹¹2²l·
452 3874 587 3924 —2Cant.
601 3891 626 3930 1,
641 3871 665 3932 3,
677 3877 699 3932 4.
