2744 4624
387 308 420 353 ιι(
444 307 576 351 nnsasnr
598 307 727 350 ιιοιιιιιι
750 307 814 348 ιιιι.
1076 283 1117 366 67

81 426 143 492 »in
159 423 303 492 Samaria
321 441 485 508 usquequo
496 417 677 486 efficeretur
687 430 783 508 caput
797 418 876 484 asini
892 418 1119 506 quinquaginta

79 563 94 596 ι
109 532 196 600 siclis
218 530 391 621 argenteis,
407 541 440 594 et
455 529 650 617 quartarium
670 527 817 594 stercoris
834 525 1009 592 columbini
1025 529 1119 616 quin-

81 669 95 704 ι
110 663 176 728 qne
187 639 342 728 argenteis
352 637 375 700 ¹.
387 634 477 700 »Sed
488 636 592 702 subito
603 659 661 724 per
671 637 805 702 verbum
814 635 979 723 Prophetas
991 636 1029 701 lit
1040 637 1119 702 mira

84 748 265 821 conversio,
277 745 411 812 dicentis
424 767 432 808 ι
447 744 554 811 (Αιιάἰ
570 746 704 822 rerhum
719 745 857 811 Domini.
876 746 952 812 llaec
966 745 1044 812 dicit
1056 747 1120 811 Do·

90 887 103 918 s
117 859 222 924 minus
235 857 340 922 Deus:
355 854 447 920 Sicut
461 852 523 919 hac
537 853 616 920 hora
629 855 766 920 crastino
776 876 926 920 mensura
938 852 1120 944 similaginis

89 963 193 1032 »siclo
208 987 283 1040 uno,
299 975 333 1028 et
346 962 419 1026 due
435 983 593 1027 mensurna
610 961 720 1027 hordei
734 962 814 1028 siclo
830 986 893 1028 uno
907 965 941 1028 in
955 966 1055 1053 portis
1066 965 1121 1030 Sa-

87 1075 219 1142 »msriae
231 1085 329 1140 erunt
339 1071 362 1136 ².
381 1069 506 1136 »Vides
520 1092 598 1159 ergo
612 1092 650 1134 ex
664 1070 715 1136 his
733 1072 882 1138 omnihus
902 1073 979 1162 quid
994 1073 1123 1164 oolhga-

81 1199 148 1260 tur,
169 1184 244 1272 quia
261 1205 338 1249 cum
353 1193 473 1247 terram
487 1178 586 1246 sames
606 1181 761 1256 obtineat,
777 1204 840 1247 non
857 1180 960 1248 solum
979 1207 1043 1250 non
1061 1186 1122 1250 oh·
1153 1262 1157 1268 ¹

80 1294 163 1358 tinet
184 1293 301 1379 justos,
328 1287 384 1356 sed
408 1284 530 1354 medela
557 1287 663 1375 potius
686 1312 745 1377 per
771 1312 825 1355 eos
852 1290 1013 1356 intentae
1038 1290 1119 1358 cladi

82 1402 242 1468 defertur.

135 1512 225 1576 Cum
238 1531 315 1597 ergo
331 1506 433 1574 rideas
450 1507 634 1598 hujusmodi
661 1507 893 1577 observantiam
919 1511 952 1576 in
975 1511 1123 1577 omnibus

91 1641 178 1709 pene
189 1618 361 1706 scripturae
369 1629 480 1684 sancte
490 1617 570 1685 locis
581 1619 702 1707 integre
715 1620 880 1696 custodiri,
893 1637 1042 1687 converte
1055 1623 1122 1688 haec

85 1731 129 1796 ad
148 1729 311 1818 tropicum
326 1739 357 1794 et
371 1726 574 1816 allegoricum
590 1751 730 1804 sensum,
747 1752 842 1817 quem
856 1731 997 1820 ipsorum
1012 1731 1123 1798 nihilo·

82 1841 190 1906 minus
205 1837 437 1928 Prophetarum
460 1839 659 1903 sermonibus
674 1837 858 1904 edocemur.
881 1840 968 1906 Unus
983 1843 1068 1906 enim
1083 1865 1122 1906 ex

82 1947 255 2014 duodecim
270 1944 438 2034 Prophetis
449 1957 558 2035 aperte
573 1957 606 2010 et
620 1946 785 2012 evidenter
798 1947 991 2035 spiritualem
1004 1951 1066 2017 dici
1078 1951 1122 2016 sa—

80 2081 169 2124 mem
181 2057 271 2123 nudo
281 2078 428 2122 somnne
439 2057 624 2143 pronuntiat
635 2057 744 2124 dicens
760 2081 768 2122 ε
781 2059 888 2124 «Ecce
900 2060 966 2126 dies
978 2062 1119 2139 veniunt,

83 2196 98 2231 s
114 2167 194 2234 dicit
207 2166 376 2239 Dominus,
393 2176 426 2230 et
440 2165 585 2231 emittam
598 2165 714 2232 famem
731 2189 826 2254 super
845 2181 980 2244 terrom;
1000 2195 1063 2237 non
1079 2173 1121 2238 la·

90 2305 105 2336 s
117 2299 204 2340 mem
217 2275 316 2362 panis,
337 2296 443 2361 neque
464 2273 550 2339 sitim
566 2297 666 2361 aquae.
684 2274 740 2340 sed
754 2275 871 2342 lumem
886 2279 1036 2345 audiendi
1053 2304 1121 2346 rea·
1144 2274 1147 2283 ’

92 2386 201 2451 »hum
217 2383 338 2449 Domini
349 2383 374 2447 ⁸.
390 2411 404 2445 s
420 2382 516 2450 Vides
531 2405 600 2470 quae
615 2375 655 2448 sit
671 2382 769 2450 semes
783 2408 854 2472 quse
868 2387 993 2452 obtinet
1011 2410 1123 2474 pecca-

85 2493 198 2560 tores?
216 2490 309 2559 Vides
328 2517 399 2581 quae
422 2493 463 2558 sit
478 2492 577 2557 fames
597 2515 668 2580 quae
682 2491 853 2559 invalescat
868 2518 963 2583 super
983 2497 1123 2561 terram?

85 2605 152 2685 Qui
166 2604 254 2668 enim
272 2603 312 2670 de
327 2615 410 2669 terra
423 2613 509 2676 sunt.
526 2615 559 2667 et
573 2614 697 2668 terrene
716 2603 856 2690 sapiunt,
869 2615 902 2668 et
912 2626 977 2669 non
992 2619 1124 2693 possunt

81 2713 255 2803 percipere
266 2735 337 2798 quse
346 2725 420 2779 sunt
429 2712 557 2801 spiritus
569 2711 641 2787 Dei,
650 2711 767 2778 famem
778 2714 866 2778 verbi
874 2713 933 2778 Dei
945 2715 1121 2802 patiuntur,

79 2825 176 2914 Legis
191 2823 343 2890 mandata
354 2845 418 2889 noa
434 2822 580 2896 audiunt,
594 2821 810 2910 correptiones
821 2823 1052 2911 Prophetarum
1064 2851 1124 2892 ne-

79 2937 203 3009 sciunt,
230 2931 427 3021 Apostolicas
452 2915 683 2998 consolationes
705 2932 864 3020 ignorant,
888 2956 952 2998 non
981 2937 1137 3003 sentiunt·

79 3043 249 3133 Evangelii
269 3043 460 3109 medicinam
477 3065 486 3107 ε
504 3054 537 3108 et
552 3043 623 3108 ideo
639 3041 679 3108 do
694 3041 743 3108 his
763 3044 877 3108 merito
893 3043 1020 3121 dicitur,
1037 3048 1123 3134 quod

80 3153 217 3222 inrsluit
229 3153 330 3218 lomes
338 3175 434 3240 super
441 3174 506 3217 eos.
516 3150 537 3217 J
539 3150 614 3216 ustis
622 3161 743 3224 eutem,
753 3161 784 3214 et
796 3151 829 3215 in
841 3149 909 3238 lege
919 3153 1047 3218 Domini
1059 3177 1122 3219 me-

84 3262 263 3330 ditantibus
278 3262 331 3326 die
347 3285 385 3327 sc
400 3274 506 3334 nocte,
522 3261 675 3349 sapientia
690 3271 844 3348 praeparat
860 3283 1001 3327 mensam
1018 3287 1121 3339 suam,

87 3372 202 3437 cecidit
216 3370 364 3438 victimas
382 3393 466 3446 suas,
487 3370 599 3436 miscet
615 3369 647 3433 in
669 3379 792 3433 cratere
807 3370 916 3434 vinum
936 3393 1030 3435 suum
1044 3371 1068 3445 ⁴,
1091 3385 1124 3437 et

93 3501 211 3544 summa
223 3501 305 3544 roco
320 3476 451 3554 elamet,
466 3502 532 3544 non
548 3491 584 3543 ut
599 3500 709 3543 omnes
730 3478 869 3553 veninat,
885 3501 950 3544 non
966 3489 1000 3544 ut
1019 3482 1123 3546 abun—

94 3586 212 3663 dantes,
228 3613 291 3655 non
310 3601 346 3653 ut
361 3589 486 3664 divites,
498 3611 601 3677 neque
619 3601 654 3653 ut
669 3588 824 3675 sapientes
834 3587 931 3675 hujus
944 3591 1054 3655 mundi
1072 3593 1121 3656 di-

87 3709 208 3764 rertsnt
217 3699 259 3764 nd
272 3722 324 3771 se;
342 3697 408 3764 Sed
418 3698 443 3763 si
455 3697 508 3785 qui
521 3709 608 3772 sunt,
622 3697 736 3784 inquit,
750 3696 859 3785 inopes
874 3719 980 3772 sensu,
995 3699 1123 3764 veniant

82 3807 189 3872 adme
204 3829 211 3870 :
227 3807 335 3884 idest,
349 3807 375 3873 si
387 3807 441 3896 qui
453 3817 528 3890 sunt
535 3804 671 3872 humiles
680 3804 789 3880 corde,
799 3805 851 3892 qui
864 3829 881 3869 a
894 3805 1022 3871 Christo
1037 3808 1121 3874 didi·
1231 3795 1235 3804 ¹

115 3935 149 3994 ¹4
165 3937 226 4001 Rrg.
240 3953 275 3999 rr,
291 3935 447 3986 25.-²td.
458 3953 503 3996 sn,
516 3953 537 3984 ι.
549 3963 579 3974 --
590 3934 600 3968 ⁸
613 3935 700 3994 Amos,
713 3951 767 3995 vrrs,
781 3951 857 3983 ιι.-
869 3933 879 3968 ⁶
891 3935 962 3984 Prov.
978 3951 1014 3993 ιι,
1026 3936 1118 3997 aas.

959 4019 988 4080 5.
