2744 4624
398 303 430 345 ru
454 301 586 347 cerasus
610 302 738 348 nouitas
762 301 837 346 asic
1089 281 1130 354 tt}

96 424 176 498 bum
193 423 280 490 serbi
296 419 355 493 Dei
370 420 523 494 mandere
539 430 571 484 et
588 417 804 494 cominente
824 419 1044 495 autumnae
1058 422 1131 492 sub·

95 533 244 602 tilitatem
266 529 416 606 dentibus
438 539 594 618 possuntt
613 527 654 602 da
674 529 787 616 quibus
809 528 886 596 dicit
907 526 1078 616 Apostolus
1097 529 1131 606 ist

97 640 239 730 Epistola
254 640 293 706 ad
307 641 459 714 llehraeos
477 659 512 702 :s
527 635 742 705 perlectorum
758 648 864 712 autem
878 649 927 704 eat
945 637 1037 714 cibus
1054 637 1131 710 soli-

100 779 115 812 ·
132 749 206 825 dus,
221 749 273 837 qui
286 771 342 837 pao
355 745 563 838 possibilitate
574 747 721 822 sumendi
733 748 921 822 exercitatos
932 746 1051 824 habent
1062 769 1132 824 sau:

107 885 120 918 ι
133 881 185 924 aua
194 858 233 922 ad
248 857 469 930 discretionem
484 855 560 930 boni
571 866 604 924 et
614 854 688 930 meli
699 855 744 930 ’,ι
758 857 805 930 De
815 856 1007 945 imperlectis
1021 869 1130 934 autem

107 965 272 1035 Corinthiis
287 965 362 1032 dicit
376 989 384 1030 z
396 989 409 1026 a
420 965 486 1032 Lac
501 964 589 1036 vobis
603 977 714 1052 potum
729 963 815 1040 dedi,
828 988 892 1035 uon
906 984 1013 1047 escam
1021 989 1032 1040 a
1048 989 1129 1040 nun,

102 1077 203 1142 adum
218 1077 302 1142 enim
315 1074 499 1165 potential.
509 1103 523 1141 s
533 1075 636 1164 Super
646 1099 701 1146 eos
712 1078 766 1164 qui
779 1075 860 1148 lacta
874 1077 1003 1150 aluntur
1018 1080 1129 1148 dentes

97 1187 167 1272 ejus
185 1197 260 1252 sunt
274 1185 400 1252 candidi
416 1207 424 1249 s
449 1185 481 1252 id
497 1196 559 1260 est,
577 1183 610 1250 bi
629 1185 683 1273 qui
698 1184 875 1274 perlectum
891 1187 999 1256 cibum
1014 1212 1129 1279 cepeto

97 1306 230 1380 pessunt
244 1306 278 1361 et
292 1293 472 1369 comedere,
489 1315 584 1381 super
599 1290 668 1362 illos
683 1307 757 1362 aunt
773 1294 828 1380 qui
843 1305 995 1382 unquam
1006 1295 1128 1384 parsuli

99 1403 209 1472 adbuc
218 1400 303 1470 lacte
314 1401 460 1491 indigeat.
475 1403 620 1491 Denique
631 1413 664 1472 et
674 1403 707 1470 in
719 1402 816 1492 Lege,
827 1426 864 1471 ea
876 1404 1046 1478 animantia
1058 1428 1128 1493 quas

105 1511 284 1582 ruminant.
299 1523 332 1576 et
348 1523 504 1600 sumptum
520 1511 629 1580 cibum
651 1511 692 1578 ed
713 1512 825 1583 dontm
842 1511 949 1586 denuo
965 1525 1128 1590 mactent.

108 1641 204 1705 poem
222 1617 376 1688 subtiliter
394 1623 636 1711 minutatimque
657 1621 876 1689 sustentationi
898 1625 1040 1714 eorporis
1062 1636 1129 1692 tra·

101 1721 195 1804 dunt,
218 1729 334 1798 munda
358 1753 425 1798 esse
448 1728 594 1798 animalia
620 1729 834 1818 designantur·
860 1731 1030 1820 Aptissima
1051 1753 1127 1802 sanc

97 1839 192 1906 etia·
209 1837 360 1904 candidos
376 1839 485 1906 dentes
499 1829 571 1926 ejus
587 1837 673 1906 dicit.
692 1837 811 1908 Omnes
826 1840 911 1908 enim
927 1843 979 1929 qui
995 1841 1128 1929 perlecti

96 1959 183 2024 sunt,
195 1949 293 2034 etqui
306 1947 545 2036 Scripturarum
556 1948 645 2016 cibos
656 1949 758 2038 dignis
768 1959 801 2014 et
812 1952 1064 2039 competentibus
1076 1952 1129 2018 in-

94 2057 373 2146 terpretationibus
388 2055 594 2146 explanantes
607 2056 757 2139 subtilem
769 2070 801 2126 et
813 2059 971 2132 minutum
986 2057 1126 2128 intelled

97 2179 180 2241 tum,
189 2166 242 2255 qni
252 2165 422 2254 spiritualis
433 2167 566 2241 dicitur,
577 2164 727 2234 Ecclesiae
735 2168 861 2256 corpori
872 2171 1124 2246 subministrant,

104 2273 228 2342 masladi
241 2273 354 2342 debent
370 2287 481 2342 esseet
493 2276 576 2364 puri,
590 2288 685 2364 etque
700 2277 739 2344 ab
757 2278 844 2344 amai
859 2277 943 2344 malo
958 2277 1066 2353 liberl3
1085 2302 1125 2348 ne

103 2379 184 2446 sorte
199 2381 369 2449 dicatureis
383 2405 391 2447 r
405 2383 494 2462 «Qui
510 2383 585 2448 alios
600 2383 707 2457 doces,
725 2384 862 2473 teipsum
878 2409 943 2454 non
958 2386 1055 2455 doces
1069 2388 1115 2452 ’.ι

98 2489 218 2556 Verum
240 2493 386 2579 quoniam
407 2492 513 2557 divina
537 2491 700 2580 Scriptura
715 2515 780 2560 non
799 2490 903 2560 solum
916 2507 1127 2561 sacramento·
1160 2561 1165 2570 ,

95 2621 166 2664 rum
182 2599 278 2666 debat
293 2601 456 2667 scientiam
474 2601 651 2675 continere,
667 2602 888 2665 verumetiam
905 2623 1009 2667 mores
1026 2614 1127 2691 gesta-

91 2733 156 2796 que
170 2707 342 2774 informare
356 2710 546 2775 discentium
563 2730 571 2772 ε
591 2709 635 2773 sic
650 2709 781 2774 enimet
796 2709 955 2799 Sapientia
971 2734 1028 2800 per
1039 2711 1125 2777 Salo
1176 2781 1180 2786 ,

93 2843 222 2884 monem
234 2819 313 2885 dicit
326 2841 333 2883 :
348 2819 521 2885 «Describe
536 2818 605 2884 haec
617 2817 675 2884 tibi
687 2816 854 2907 dupliciter
868 2831 901 2884 et
915 2819 1080 2909 tripliciter
1093 2823 1124 2887 in

94 2929 220 2995 »corde
236 2939 294 2992 tuo
304 2927 353 3000 'u
368 2939 399 2992 et
415 2951 487 2994 arca
501 2950 571 3014 quae
586 2927 831 2992 construebatur
846 2951 863 2992 a
881 2923 960 3004 Noe’,
981 2930 1123 2996 bicame-

93 3051 156 3104 rata
175 3052 208 3106 et
230 3039 430 3104 tricamerata
451 3037 518 3102 fieri
538 3037 691 3123 jubetur:
708 3058 862 3103 conemur
877 3050 909 3102 et
924 3061 980 3104 nos
996 3053 1122 3128 postea·

91 3173 184 3236 quaem
204 3145 377 3235 dupliciter
394 3147 450 3212 ista
467 3158 561 3237 prout
576 3145 736 3235 potuimus
752 3145 868 3212 sentire
885 3147 1120 3236 descripsimus,

93 3259 197 3334 idest,
214 3256 395 3324 secundum
418 3256 581 3322 historiam
597 3267 629 3319 et
645 3253 821 3320 secundum
836 3256 1006 3342 mysticum
1027 3255 1121 3324 intel-

94 3365 221 3442 lectum,
232 3389 337 3440 nunc,
350 3365 383 3430 in
395 3377 548 3452 quantum
563 3363 704 3450 recipere
718 3361 805 3428 locus
817 3374 933 3451 potest,
945 3365 1042 3431 etiam
1054 3389 1121 3432 mo-

100 3475 190 3542 ralem
200 3478 229 3543 in
242 3501 284 3543 eo
298 3475 458 3542 discutere
468 3454 664 3541 sermonem:
678 3487 713 3538 ut
725 3472 960 3563 Scripturarum
972 3475 1117 3552 studiosi,

97 3607 157 3650 non
170 3584 271 3651 solum
290 3582 371 3672 quid
393 3583 426 3647 in
445 3581 511 3648 aliis
527 3580 576 3649 vel
595 3583 636 3648 ab
654 3579 722 3646 aliis
737 3593 861 3670 gestum
880 3583 933 3657 ait,
952 3584 1120 3650 sedetiam

91 3693 145 3781 ipsi
158 3695 239 3760 intra
249 3717 285 3760 sc
295 3691 377 3780 qnid
388 3713 497 3781 gerere
509 3691 645 3757 debeant
657 3691 841 3756 doceantur.
856 3690 953 3756 ludas
965 3692 1119 3757 confessio

87 3805 326 3894 interpretatur.
347 3799 413 3878 Qui
427 3821 503 3888 ergo
514 3797 563 3864 vel
578 3811 706 3888 pearata
719 3821 775 3863 sua
786 3798 948 3896 confessus
960 3800 1119 3887 poeniten·

114 3939 202 3990 ¹fleb.
219 3957 244 3998 s,
265 3939 305 3996 ak.
320 3934 376 3976 --²
391 3954 399 3984 ι
415 3917 527 3994 (lonas,
541 3952 561 3985 a.
575 3935 709 3985 -⁸ttom.
732 3953 765 3995 u,
777 3951 799 3983 s.
815 3933 864 3970 -⁴
878 3933 950 3983 Prov.
965 3949 1026 3992 nu,
1037 3949 1077 3982 ao.

957 4018 988 4080 6.
