2706 4624
299 299 360 360 atto
735 319 881 369 carosum

297 437 456 495 nisterium.
468 437 549 495 Scire
566 450 660 494 tameu
676 449 704 494 te
715 436 798 508 volo,
815 437 911 506 lrater,
924 436 999 514 quod
1010 436 1068 494 baee
1078 436 1153 493 lectio
1164 436 1214 492 vias
1224 436 1260 511 qui-

297 527 363 586 dem
377 529 487 605 aperiat
497 527 702 605 intelligentie,
714 547 772 584 non
782 539 876 586 tamen
889 527 1047 605 singillatim
1056 541 1147 584 cuncta
1158 545 1210 602 quae
1219 526 1256 580 sci-
1306 597 1308 602 ,

299 630 346 695 pta
361 629 426 675 sunt
441 617 577 688 disceret,
591 616 666 674 utin
680 616 903 694 explicationum
918 617 998 674 libris
1013 616 1115 694 legisti3
1126 634 1176 692 quo
1191 613 1258 671 sciliut
1306 677 1308 692 1

300 709 383 767 etiam
402 707 492 766 lector
507 727 564 766 non
582 706 720 766 reddatur
733 708 858 779 otiosus,
877 711 925 768 sed
942 716 1047 786 pungat
1063 725 1109 764 ccr
1122 725 1204 774 suum,
1217 705 1261 758 sicut

298 800 436 876 scriptum
451 809 507 868 est,
525 810 554 857 et
572 797 714 876 producat
726 817 852 867 sensum,
865 810 893 855 et
905 799 1002 856 andito
1018 797 1101 855 verbo
1116 794 1196 864 bono,
1206 805 1229 849 ut
1237 809 1263 847 u·
1307 787 1309 822 ³

303 887 384 965 piens
403 885 517 962 adjiciat
531 886 568 944 ad
584 886 663 944 illud.
678 887 777 964 Igitur,
792 899 823 943 ut
836 907 964 966 possum,
980 907 1042 964 quae
1059 884 1192 963 injunxisti
1202 879 1263 956 espl-
1307 904 1309 910 ’

302 994 367 1032 care
380 975 532 1033 contendo.
544 979 607 1032 Jam
621 976 697 1033 enim
709 995 745 1033 ex
760 975 895 1034 omnibus
905 997 969 1054 quae
980 978 1008 1034 in
1020 982 1091 1053 Lege
1107 973 1200 1050 scripta
1211 987 1264 1045 repe
1306 1013 1309 1048 3

301 1065 339 1134 ri,
352 1061 433 1133 solae,
450 1074 582 1141 utputo,
596 1064 625 1120 in
638 1065 894 1122 Deuteronomiutn
912 1065 1013 1123 desunt
1026 1060 1204 1128 oratiunculae,
1213 1074 1263 1133 quur
1307 1123 1308 1126 ,

302 1155 324 1208 si
338 1153 478 1210 Dominus
489 1151 598 1230 juverit
617 1167 644 1212 et
656 1156 804 1212 sanitatem
820 1155 933 1214 dederit
948 1155 1049 1227 oculis,
1063 1154 1181 1232 cupimus
1192 1149 1262 1222 reliqu

301 1243 417 1319 corpori
437 1244 565 1300 sociare:
584 1245 714 1321 quamvis
735 1245 943 1304 amantissimus
965 1247 1040 1303 filius
1055 1257 1144 1301 noster
1162 1242 1258 1301 Pinianus,

301 1331 383 1408 eujus
397 1334 560 1409 religiosum
577 1347 680 1392 coetum
692 1355 747 1412 pro
761 1355 860 1392 amore
874 1335 1020 1413 pudicitiae
1035 1335 1177 1413 profugum
1188 1327 1257 1386 conl*

302 1443 377 1494 mur,
388 1421 517 1501 injungat
531 1437 561 1484 et
581 1425 647 1486 ulia.
659 1427 715 1484 Sed
732 1440 813 1486 orate
827 1427 1019 1484 communiter
1035 1437 1067 1483 ut
1082 1419 1264 1482 adstruamus,

301 1526 330 1570 et
348 1514 525 1590 temporibus
547 1534 647 1592 pacem
672 1515 794 1588 tribuat,
812 1517 933 1592 gratiam
956 1513 1148 1575 laborantibus
1165 1511 1266 1576 donaret

302 1601 427 1658 lructum
441 1603 538 1678 operis
551 1605 641 1661 nostri
653 1604 682 1661 in
696 1606 857 1684 profectum
871 1605 1028 1684 legentium
1042 1613 1156 1682 promat.

302 1839 345 1858 m
351 1835 630 1857 *UW'WWU'UV'W
636 1825 1265 1858 fflfflfflwwnwumsnwuuuvuuow

568 2035 571 2052 ·
661 2015 883 2090 HOMlLlA
908 2019 960 2089 1¹,

649 2224 812 2284 Imroductt'u
827 2227 975 2308 generalis.

342 2411 462 2480 Divinis
475 2410 634 2480 numeris²
652 2435 716 2478 non
733 2435 841 2478 omnes
859 2414 944 2502 digni
960 2429 1058 2490 sunu
1078 2416 1133 2484 sod
1144 2403 1276 2492 ceditqtl’

300 2527 421 2613 busque
432 2524 642 2612 praerogativis
655 2522 858 2610 designantur
871 2524 903 2590 bi
916 2527 970 2613 qui
984 2528 1070 2592 intra
1087 2510 1274 2593 numerumlltl

300 2635 436 2703 debeant
458 2631 693 2720 comprehendi.
716 2632 817 2718 Hujus
836 2646 942 2697 nutem
958 2637 1006 2700 rei
1028 2637 1156 2702 evidens
1174 2628 1279 2698 indicto

301 2747 442 2817 continet
453 2741 533 2807 liber
545 2741 608 2816 hic,
626 2741 679 2828 qui
696 2740 844 2806 scribitur
859 2741 1090 2810 Numerorum.
1107 2745 1142 2810 ln
1158 2764 1214 2831 quo
1226 2732 1286 2802 reler

300 2869 352 2922 tur
372 2856 458 2944 qnod
473 2879 511 2920 ex
528 2863 687 2942 prerepto
706 2850 764 2916 Dei
787 2873 888 2938 neque
903 2850 1059 2922 mulieres
1075 2837 1287 2919 deducantural

300 2989 483 3041 numerum,
496 2965 651 3032 smmincae
664 2962 731 3026 sine
747 2961 843 3026 dubio
859 2961 1056 3030 infirmitatis
1076 2959 1292 3030 obstaculum

299 3099 360 3165 quc
376 3099 537 3142 servorum
557 3075 735 3162 quisquam,
755 3082 863 3159 utpote
879 3072 940 3136 vita
960 3076 1175 3162 moribusque
1190 3072 1291 3157 degene-

277 3219 280 3228 =
298 3212 357 3254 res.
376 3187 438 3251 Sed
457 3209 496 3251 nc
511 3185 730 3274 AEgyptiorum
746 3181 874 3269 quidem
890 3179 969 3247 ullus
985 3205 1028 3248 ex
1046 3185 1085 3250 ils
1101 3185 1157 3274 qui
1172 3169 1291 3248 erantal

298 3297 387 3369 mixti
412 3309 607 3370 numeratur,
625 3291 766 3384 prolecto
785 3304 819 3356 ut
839 3290 1021 3382 alienigenae
1044 3309 1078 3360 et
1094 3293 1241 3362 barbari:
1256 3277 1295 3348 ud

299 3409 355 3479 soli
372 3418 580 3474 numerentur
596 3403 754 3479 luceium,
767 3415 798 3468 et
813 3402 862 3468 isti
883 3427 947 3468 non
965 3427 1097 3482 omncs,
1110 3407 1169 3472 sed
1185 3429 1203 3470 a
1222 3391 1301 3487 viginti

298 3518 387 3584 annis
398 3528 430 3580 ct
441 3538 545 3603 supra.
562 3514 627 3579 Neu
638 3513 702 3578 sola
713 3513 810 3579 aetatis
823 3511 956 3576 babetur
967 3515 1170 3591 observatio,
1184 3512 1236 3580 sed
1245 3525 1305 3596 qu&

296 3632 377 3695 rltur
393 3629 417 3692 si
435 3638 466 3692 et
485 3639 593 3715 aptum
615 3625 704 3690 bellis
720 3626 817 3690 robur
838 3625 981 3689 ostendat
1001 3649 1009 3689 :
1034 3627 1224 3718 designatur
1241 3621 1305 3686 enin

296 3739 352 3832 pe'r
370 3739 502 3802 verbum
519 3733 589 3809 Dei,
607 3747 641 3800 ut
656 3746 838 3800 numeretur
854 3735 954 3800 omnis
973 3737 1026 3823 qui
1046 3737 1201 3826 procedit
1219 3737 1247 3802 in
1264 3732 1310 3798 rir-

296 3863 363 3918 tute
375 3845 481 3918 lsrael.
502 3845 571 3912 Non
587 3867 661 3933 ergo
673 3843 736 3910 sola
749 3857 837 3922 aetes,
850 3845 905 3913 sed
919 3858 951 3912 et
963 3845 1065 3916 uirtus
1082 3849 1117 3914 in
1132 3845 1269 3914 lsrue'lita
1278 3863 1311 3906 te

331 3977 422 4028 ΙΤοιτι.
435 3974 474 4034 11,
486 3991 512 4040 p.
527 3975 571 4038 ²7⁵
581 3982 605 4022 ct
616 3969 782 4037 seqq·-²ll.
800 3989 820 4020 r.
