2632 4600
330 277 362 320 rn
386 277 525 322 rsauuuu
547 279 665 321 muru
688 279 761 322 ucu.
789 255 836 320 u.'
1027 256 1089 322 285

66 400 139 464 bona
152 409 243 470 sunt,
258 394 308 462 vel
318 407 429 484 optare
440 397 561 464 feroces
572 399 694 464 animos
704 421 817 464 corum
831 397 872 464 ad
883 398 1088 464 concordiam

66 517 148 592 atqua
168 525 283 592 pacem
303 525 468 580 revocare,
498 531 510 566 ι
527 517 562 570 ut
574 528 627 591 per
644 507 698 570 icc
716 504 892 582 efficiamur
910 505 966 572 sdii
989 507 1088 593 patris

66 612 132 698 »qui
146 612 176 676 in
189 608 290 704 ¹caelis
305 622 373 686 eat,
393 611 447 699 qui
462 610 562 678 solem
576 635 669 678 suum
684 612 759 678 oriri
774 612 865 700 jubet
879 615 1090 702 superbonus

66 717 236 793 actuales,
248 729 280 784 et
296 717 378 806 pluit
393 742 488 807 super
501 721 602 808 justos
615 731 649 785 et
663 718 827 806 injustos¹.
842 748 856 782 ι

103 826 140 892 11.
164 827 249 906 «Qui
266 850 340 914 argo
353 829 537 914 querebant
556 827 638 894 mala
660 828 739 893 mibi
757 827 855 894 locuti
876 839 951 892 sunt
966 829 1089 894 vanita-

64 946 144 1010 ntes,
168 945 201 1000 ct
222 933 340 1000 dolum'
356 947 421 1002 tcta
447 935 498 1002 die
520 936 766 1003 meditabantur.
788 964 802 998 o
828 934 908 1002 Vide
930 935 1090 1000 iusidiato-

64 1063 126 1108 rcm
136 1041 222 1129 justi.
240 1040 313 1108 Jam
328 1041 414 1108 enim
429 1042 549 1129 justum
569 1065 649 1108 voce
670 1065 745 1108 eum
766 1042 820 1129 qui
838 1067 851 1103 ι
868 1041 1026 1129 inprimis
1041 1040 1090 1106 sui

63 1150 144 1237 »ipae
155 1148 363 1216 accusator²r
378 1148 532 1225 efficitur,
546 1151 627 1216 sicut
638 1171 742 1214 sermo
752 1149 922 1236 Scriptura
934 1149 1086 1238 designat.

66 1255 140 1326 Nam
151 1266 186 1322 ut
200 1255 295 1322 iilum
307 1256 480 1345 sapientem
492 1256 569 1326 dicit
581 1256 761 1344 Scriptura,
771 1255 826 1343 qui
838 1278 913 1322 cum
928 1256 1088 1344 arguitur,

65 1382 126 1426 non
136 1359 199 1424 edit
208 1371 413 1449 arguentem,
426 1360 482 1430 sed
490 1359 620 1447 insuper
630 1357 811 1447 diligiteum
822 1381 830 1426 t
841 1359 927 1426 sicet
937 1360 1039 1446 justus
1047 1359 1092 1424 di-

65 1469 143 1536 citur
153 1469 206 1554 qui
216 1481 286 1556 post
292 1467 442 1536 delictum
454 1493 519 1536 nou
529 1481 696 1559 permanet
706 1469 739 1534 in
751 1466 892 1544 delictis,
904 1491 965 1534 nec
974 1491 1091 1556 expec-

64 1587 109 1645 tat
120 1574 278 1642 diabolum
290 1575 356 1642 fieri
369 1589 586 1642 accusatorem
602 1599 712 1651 suum,
729 1587 875 1664 nequent
886 1573 937 1641 ille
952 1575 1092 1663 proferat

65 1684 98 1760 iu
116 1683 253 1750 medium
268 1696 398 1771 peccata
417 1685 530 1772 ipsius,
552 1684 608 1750 sed
626 1685 692 1772 ipse
715 1707 749 1748 se
767 1684 886 1772 arguit,
903 1695 936 1750 et
956 1683 1091 1749 corvin*

60 1791 122 1866 cit,
134 1802 165 1856 et
175 1813 232 1880 per
243 1792 473 1858 confessionem
484 1815 574 1858 suam
587 1791 739 1858 liberatur
754 1802 897 1858 amorte.
916 1790 1003 1868 «Qui
1012 1790 1091 1856 cuim

59 1900 262 1986 »querebant
278 1898 360 1968 mala
372 1900 450 1967 mihi
461 1898 560 1966 locuti
572 1912 646 1966 suut
657 1900 825 1969 vanitatem
837 1947 846 1974 ‚
858 1910 891 1964 et
904 1896 1012 1964 dolum
1024 1908 1090 1962 tota

58 2002 130 2069 »die
140 2003 383 2072 meditabantur.
395 2005 462 2092 Ego
472 2002 671 2070 autemvelut
683 2003 796 2070 surdus
808 2025 873 2070 nou
882 2001 1083 2072 audiebam·

56 2108 140 2178 Nihil
155 2109 215 2176 bac
232 2110 347 2180 virtute
361 2111 562 2199 preclarius,
575 2109 653 2176 nihil
668 2108 872 2175 excellentius
883 2105 1019 2188 ¹inveniri
1037 2129 1092 2195 po·

56 2227 136 2292 test,
147 2229 181 2282 ut
193 2218 323 2285 audieus
339 2219 553 2306 unusquisque
569 2216 739 2288 maledicos
755 2229 848 2303 atque
860 2217 1089 2282 obtrectatores

57 2347 133 2389 suos
143 2322 221 2390 male
232 2324 339 2412 loqui,
356 2348 504 2413 carpere,
519 2324 705 2399 detrahere,
718 2325 882 2397 incusare,
895 2323 960 2410 ipse
974 2333 1093 2388 avertat

56 2454 168 2498 aurem
183 2456 271 2498 suam
291 2433 379 2521 quasi
404 2455 469 2500 non
489 2432 637 2506 audiens,
654 2443 687 2497 et
703 2429 839 2498 declinet
854 2428 985 2496 oculum
1000 2449 1093 2494 suum

55 2552 211 2627 tanquam
227 2563 293 2606 non
304 2540 413 2606 videus
423 2590 432 2615 ,
444 2563 485 2606 ne
500 2540 663 2606 iracundia
678 2549 896 2625 exasperetur,
909 2549 942 2601 et
952 2533 1094 2624 prosiliat

51 2647 97 2712 ad
108 2645 278 2716 vindictam
294 2695 303 2723 ,
322 2671 363 2716 ue
383 2660 503 2735 quaerat
521 2646 651 2716 oculum
669 2669 727 2735 pro
744 2643 858 2717 oculo,
882 2665 942 2710 neo
959 2643 1093 2708 verbum

50 2775 113 2842 pro
129 2755 245 2830 verbo,
261 2777 321 2820 nec
335 2753 539 2822 maledictum
552 2778 610 2842 pro
622 2752 791 2818 maledicto
800 2801 810 2828 ,
819 2774 880 2816 nec
891 2749 1093 2818 mendacium

48 2884 112 2950 pro
125 2860 311 2937 mendacio,
328 2885 388 2928 uec
406 2862 526 2928 crimen
541 2885 599 2950 pro
614 2861 757 2926 crimine.
777 2856 861 2924 Talis
878 2881 954 2945 ergo
968 2869 1016 2921 est
1026 2857 1094 2944 jus-

48 2982 105 3034 tus
116 3018 127 3044 ,
140 2969 207 3056 jam
218 2969 303 3036 euim
319 2969 374 3055 (ut
385 2969 468 3058 dixi)
483 2971 603 3056 justum
618 2991 693 3033 eum
705 2967 778 3032 dico
789 2966 844 3052 qui
858 2987 916 3052 per
927 2963 1095 3030 confessio-

46 3099 130 3142 nem
139 3098 230 3146 suem
241 3087 446 3163 peccatorum
456 3099 586 3140 suorum
598 3075 717 3140 evomit
728 3073 898 3162 passiones.

97 3183 156 3252 111.
181 3185 273 3271 «Ego
293 3195 399 3250 autem
419 3184 502 3248 sicut
521 3183 634 3249 surdus
658 3204 723 3248 non
746 3179 913 3246 audiebam
930 3227 938 3252 .
961 3191 995 3243 ct
1013 3179 1095 3252 sicut

48 3305 189 3360 »mutus
207 3319 271 3360 uon
287 3296 429 3383 aperiens
451 3318 486 3360 cs
503 3317 606 3360 suum.
630 3295 670 3364 Et
689 3292 792 3358 factus
807 3315 878 3356 sum
895 3291 975 3364 sicut
998 3289 1094 3356 bomo

48 3424 146 3466 »non
161 3403 300 3468 audiens.
320 3432 334 3464 »
356 3405 439 3470 Cum
457 3402 684 3475 maledicerer,
703 3423 779 3465 cum
798 3399 1003 3474 criminarer.
1020 3421 1095 3464 cum

44 3509 164 3574 omnia
188 3512 304 3597 probra
319 3511 359 3576 de
381 3535 433 3578 me
455 3511 599 3576 homines
618 3507 814 3596 proferrent,
831 3529 889 3596 ego
909 3529 997 3572 eram
1014 3505 1096 3570 sieut

41 3614 193 3693 surdus,
209 3630 243 3682 et
260 3640 324 3682 nou
348 3618 542 3692 audiebam,
562 3628 595 3680 et
613 3616 695 3681 sicut
713 3625 819 3682 mutus
843 3637 907 3680 non
931 3613 1037 3701 aperui
1061 3635 1095 3675 cs

41 3745 186 3800 meum.
202 3747 261 3812 pro
276 3723 450 3792 maledictis
462 3723 547 3790 nulia
562 3723 730 3792 maledicta
746 3722 929 3788 reddebam.
943 3719 1007 3788 Sed
1018 3717 1095 3804 quid

88 3869 99 3904 ¹
111 3867 210 3921 Mtttb.
220 3887 244 3932 v,
255 3867 298 3928 td.
315 3900 338 3907 --
349 3870 438 3922 ²Prov.
452 3889 534 3934 xvrrr,
552 3887 591 3937 ¹7.
