2660 4610
362 274 393 322 ru
410 279 579 321 carasseon
603 273 804 324 easrrsoaun
829 283 888 325 arn.
917 281 937 325 1.
1100 255 1166 352 309

121 400 159 464 in
174 397 223 464 his
237 396 404 486 prophetia
416 399 560 484 quedam
581 399 679 464 rideri
695 423 735 466 ex
748 424 883 489 persona
902 425 1025 491 sponsae
1046 405 1169 493 prolata

122 507 167 574 de
182 505 329 580 Christo,
346 505 433 592 quod
443 505 587 572 suturam
602 519 684 573 esset
701 508 733 573 in
749 509 886 576 adventu
909 511 1036 577 Domini
1051 525 1084 578 et
1099 513 1171 580 Sal-

127 614 244 678 ratoris
260 612 377 688 nostri,
395 625 429 678 ut
448 637 565 680 nomen
587 615 656 702 ejus
676 615 719 682 ita
734 640 791 704 per
810 619 922 685 orbem
941 630 1034 685 terrae
1054 633 1086 684 et
1111 644 1171 708 per

128 719 310 784 universum
323 717 479 784 mundum
495 709 742 796 diffunderetur,
760 731 796 784 ut
807 721 898 787 fieret
908 713 989 788 odor
1003 725 1169 791 suavitatis

128 825 166 890 in
178 825 263 892 omui
273 824 363 898 loco,
377 825 460 892 sicut
473 837 506 892 et
517 824 687 914 Apostolus
700 826 796 892 dixit:
815 829 918 909 «Quia
931 829 1049 898 Christi
1060 833 1165 900 bonus

127 931 231 998 »odor
244 955 354 998 sumus
368 932 401 998 iu
416 933 504 1000 omni
519 931 612 1000 loco:
626 931 694 1001 aliis
712 935 840 1023 quidem
860 938 940 1004 odor
962 961 1001 1004 ex
1018 942 1172 1006 mortain

123 1049 307 1116 amonem,
320 1039 387 1108 aliis
401 1052 509 1108 autem
522 1041 603 1109 odor
617 1041 659 1107 de
669 1033 732 1108 vita
742 1043 776 1108 in
786 1043 940 1111 vitamts
959 1046 993 1113 Si
1005 1047 1091 1113 enirn
1102 1071 1172 1114 oma

121 1147 221 1214 nibus
236 1148 346 1214 luisset
363 1148 443 1215 odor
459 1150 499 1214 de
514 1150 624 1216 vitain
642 1150 758 1226 vitam,
775 1150 902 1217 dixisset
922 1152 1029 1240 utique
1046 1166 1079 1220 et
1092 1155 1166 1222 hic:

122 1277 238 1322 omnes
253 1253 432 1322 dilexerunt
445 1269 479 1322 te
493 1268 526 1321 et
541 1268 706 1322 traxerunt
721 1267 762 1323 te.
781 1259 847 1326 Sed
862 1281 949 1326 nunc
960 1260 1023 1335 ait,
1036 1263 1090 1327 ubi
1106 1287 1168 1328 no·

1 1397 2 1404 1
123 1385 202 1428 men
220 1373 315 1428 tuum
331 1374 380 1427 est
398 1362 520 1428 sactum
540 1373 739 1452 unguentum
761 1365 975 1442 exinanitum,
992 1366 1171 1436 dilexerunt

126 1483 180 1546 te,
195 1493 261 1538 non
280 1469 343 1536 illae
361 1469 493 1547 retulra,
511 1494 548 1538 ac
563 1482 704 1538 veterem
724 1471 887 1540 hominem
903 1475 1021 1540 indutas
1036 1477 1167 1552 anime,

129 1603 232 1668 neque
247 1601 340 1667 rugas
364 1580 533 1654 habentos,
554 1602 658 1667 neque
680 1578 836 1656 maculas,
854 1582 911 1646 sed
924 1579 1168 1652 adolescentule

129 1687 166 1752 in
178 1699 345 1775 augmento
356 1684 477 1753 scilicet
490 1687 590 1752 aetatis
605 1698 638 1751 et
648 1686 893 1774 pulchritudinis
908 1691 1019 1777 positae
1035 1692 1168 1768 anim,

127 1817 201 1883 quae
215 1817 341 1884 semper
352 1794 564 1870 innovantur,
580 1805 612 1858 et
624 1795 664 1860 de
677 1794 727 1860 die
739 1793 772 1860 in
787 1794 873 1862 diem
885 1811 1096 1875 renovantur,
1108 1823 1169 1866 no-

123 1927 203 1969 vum
230 1926 264 1968 se
288 1903 451 1970 homiuem
467 1902 633 1968 induentes
651 1903 704 1989 qui
725 1903 901 1970 secundum
924 1905 1027 1972 Deum
1045 1920 1169 1974 creatus

120 2024 184 2078 est.
202 2013 336 2100 Propter
348 2013 422 2077 istas
434 2034 510 2100 ergo
520 2009 789 2088 adolescentulas,
806 2023 839 2077 et
854 2014 886 2077 in
903 2016 1081 2103 augmentis
1097 2017 1171 2084 vitae·

122 2118 324 2209 profectibus
338 2119 475 2208 positas,
491 2118 661 2184 exinanivit
673 2141 707 2183 se
718 2117 770 2183 ille
785 2119 839 2205 qui
851 2133 919 2186 erat
930 2123 964 2186 in
975 2123 1076 2190 forma
1088 2124 1170 2201 Dei,

126 2239 165 2292 at
185 2225 277 2299 fieret
299 2238 499 2315 unguentum
515 2226 711 2293 exinanitum
726 2250 843 2292 nomen
861 2227 949 2317 ejus:
966 2243 1002 2294 ut
1019 2255 1082 2297 non
1100 2235 1167 2321 jam

126 2333 322 2400 inaccessam
338 2332 445 2400 lucem
457 2333 681 2399 tantummodo
697 2333 873 2411 habitaret,
894 2349 925 2400 ot
941 2338 973 2402 in
992 2338 1092 2404 forma
1110 2341 1172 2406 Dei

1 2498 3 2518 ,
124 2449 350 2526 permaneret,
366 2439 421 2504 sed
436 2437 579 2506 Verbum
594 2461 669 2504 caro
681 2437 792 2512 fieret,
805 2462 869 2526 quo
880 2453 1007 2529 possent
1020 2441 1085 2508 istro
1097 2444 1174 2510 ado*

122 2541 325 2621 bscentulae,
339 2557 372 2610 et
384 2546 417 2610 in
428 2545 604 2634 augmentis
619 2543 822 2633 profectuum
836 2548 945 2634 positae
961 2550 1089 2626 animae,
1103 2570 1172 2616 non'

1 2663 2 2706 ἲ
122 2651 232 2720 solum
248 2651 397 2742 diligere,
410 2653 467 2719 sed
481 2664 514 2717 et
529 2651 653 2718 trahere
666 2675 741 2719 eum
757 2651 798 2718 ad
808 2676 851 2718 se.
870 2655 978 2720 Trahit
993 2658 1078 2722 enim
1091 2683 1170 2725 una*

122 2783 263 2850 quaeque
278 2760 382 2828 anima
396 2773 428 2826 et
440 2760 571 2826 assumit
585 2760 625 2826 ad
639 2782 673 2825 se
688 2763 825 2826 verbum
841 2760 898 2826 Dei
910 2786 968 2852 pro
983 2766 1168 2852 capacitatis

120 2880 159 2934 et
179 2867 254 2933 lidei
276 2891 339 2934 suas
361 2891 522 2934 mensura.
548 2869 634 2934 Cum,
654 2879 759 2934 autem
778 2869 931 2934 traxerint
952 2871 991 2936 ad
1007 2895 1040 2938 se
1055 2876 1174 2942 animas

1 3035 2 3038 ,
123 2973 264 3038 verbum
280 2972 359 3047 Dei,
378 2983 413 3036 et
433 2972 577 3036 sensibus
592 2971 656 3040 suis
673 2983 767 3056 atque
785 2969 1000 3040 intellectibus
1025 2977 1173 3045 insama

120 3081 208 3154 rint,
224 3089 256 3144 et
271 3077 449 3145 dulcedinis
463 3078 533 3167 ejus
548 3088 581 3142 et
596 3077 702 3142 odoris
718 3078 872 3143 senserint
886 3083 1073 3150 suavitatem
1084 3133 1098 3158 ,
1113 3089 1171 3154 ubi

123 3197 365 3276 ungnentorum
384 3187 454 3274 ejus
468 3184 673 3274 fragrantiam
692 3184 853 3272 ceperint,
877 3189 998 3256 ratione
1015 3191 1169 3260 duntaxat·

126 3295 281 3360 adrentus
298 3295 385 3382 ejus,
401 3306 434 3359 et
444 3291 673 3381 redemptionis
693 3315 730 3356 ae
747 3292 901 3380 passionis
915 3318 1045 3374 causas,
1064 3302 1173 3370 charia

126 3413 291 3492 tatemque
314 3403 521 3490 agnoverint,
546 3423 609 3490 qua
635 3423 695 3489 pro
718 3399 819 3466 salute
842 3403 985 3472 omnium
1008 3429 1106 3494 usque
1129 3409 1172 3476 ad

121 3519 266 3578 nortem
280 3509 385 3575 crucis
399 3507 586 3576 immortalis
596 3509 747 3583 accessit,
760 3519 792 3572 et
805 3508 854 3574 his
867 3511 1015 3578 omnibus
1031 3513 1169 3582 relutdi*

117 3618 192 3686 vini
208 3616 375 3707 cujusdam
387 3628 420 3682 et
431 3615 600 3685 ineffabilis
612 3616 765 3705 unguenti
776 3616 928 3682 odoribus
941 3618 1078 3686 invitate
1092 3623 1172 3689 ado-

117 3728 310 3797 teseenrutae
322 3779 330 3802 ,
343 3729 376 3794 id
391 3742 439 3795 est
457 3729 568 3796 animae
583 3727 685 3817 plenae
701 3727 813 3815 vigoris
831 3739 925 3816 atque
939 3729 1108 3798 alacritatis
1118 3735 1172 3800 of„

162 3875 429 3942 socor.11,15,16.
