2604 4614
200 234 265 302 tau
651 257 794 303 caremus

196 395 233 450 ut
247 385 287 450 de
302 405 411 451 amore
421 380 552 472 spiritali
567 381 671 470 aliqua
686 381 877 452 diceremus.
896 381 1033 473 Expedit
1051 395 1158 451 numm
1173 406 1231 450 ne-

195 494 243 559 bis
259 492 441 582 Salomonis
451 492 611 559 custodire
622 503 818 582 praeceptum
830 543 839 568 ,
852 505 885 558 et
901 493 1001 583 magis
1012 491 1096 558 illias
1109 493 1165 581 qui
1180 515 1234 582 per

194 600 398 668 Salomonem
415 599 605 690 loquebatur
615 601 655 666 de
671 601 842 691 sapientia,
859 601 902 666 ita
919 600 1048 667 dicens:
1070 601 1179 667 «Ama
1194 599 1233 664 il-

197 707 297 786 r'lam,
309 721 342 775 et
354 709 493 775 servabit
505 719 537 773 te
555 732 563 774 ε
582 708 744 775 circumda
759 706 865 786 illam,
884 719 917 774 et
933 707 1086 775 exaltabit
1098 720 1131 772 te
1152 730 1160 773 ε
1178 707 1234 772 ho·

198 841 299 884 »nora
314 815 400 884 illam
412 829 448 882 ut
461 829 494 883 te
508 813 720 908 amplectatur
729 815 780 883 ’.ι
796 818 853 882 Est
864 816 994 904 quidam
1007 813 1159 906 spiritalis
1175 839 1233 882 am-

194 924 324 1015 plexus,
340 937 436 1014 atque
453 925 576 992 utinam
599 925 761 1014 contingat
775 937 812 989 ut
829 945 936 991 meam
951 946 1106 1013 sponsam
1123 924 1232 990 arctius

197 1033 302 1123 sponsi
316 1031 478 1122 amplexus
486 1031 645 1110 includat,
658 1044 695 1098 ut
701 1055 760 1122 ego
772 1051 900 1120 quoque
907 1031 1027 1121 poesim
1036 1031 1146 1098 dicere
1158 1031 1233 1121 quol

195 1141 350 1206 incedam
361 1139 443 1206 libro
454 1141 609 1228 scriptum
620 1151 686 1204 est:
709 1139 865 1206 «Sinistra
875 1140 945 1229 ojus
961 1140 1023 1214 sub
1036 1139 1231 1228 capitemco,

200 1261 254 1314 ret
269 1249 380 1314 (lextra
393 1247 476 1313 illius
488 1246 720 1337 amplexabitur
733 1269 787 1313 me
795 1245 843 1312 ’.ι

245 1357 300 1424 ΙΗ.
337 1383 350 1418 ι
370 1354 541 1423 Osculetur
562 1335 617 1420 mei
641 1377 714 1444 ergo
737 1353 847 1422 osculo
872 1356 943 1421 oris
961 1355 1051 1426 sui.»
1083 1355 1179 1422 lloris
1196 1368 1234 1422 est

200 1465 399 1554 Scriptorum
420 1463 642 1552 imperativum
660 1463 794 1529 modum
817 1485 876 1552 pro
897 1464 1042 1553 optativo
1056 1487 1193 1553 ponere,
1206 1477 1234 1530 ut

199 1573 268 1640 ibi:
296 1573 418 1639 «Pater
442 1582 550 1637 noster
571 1571 627 1660 qui
649 1591 683 1637 es
707 1572 742 1638 in
763 1571 871 1646 caelis,
895 1571 1120 1638 sanctificetur
1133 1595 1233 1640 noman

203 1680 333 1748 aruum*
345 1707 376 1758 ‚a
394 1703 473 1770 pro,
490 1679 612 1748 utinam
627 1678 863 1756 sanctificetur,
876 1691 908 1745 et
924 1681 1064 1746 nuncin
1081 1682 1231 1770 presenti:

211 1788 409 1856 ‹Oseuletur
422 1811 475 1855 me
491 1786 601 1858 osculo
616 1789 679 1854 oris
693 1788 741 1854 sui
752 1816 783 1865 ,ι
805 1811 865 1878 pro
886 1811 926 1854 eo
940 1789 1031 1877 quod
1045 1801 1111 1865 est.
1129 1791 1225 1856 utinam

204 1896 376 1965 osculetur.
405 1897 528 1963 Deinde
544 1896 698 1985 conspicit
713 1919 875 1986 sponsum.
895 1895 992 1965 Venit
1009 1897 1158 1964 delibutus
1171 1921 1223 1962 un·

206 2006 353 2095 garantia:
371 2027 431 2072 neo
441 2003 532 2076 aliter
543 2005 584 2070 ad
599 2027 746 2094 sponsam
762 2017 887 2094 poterat
900 2007 1032 2084 venire,
1047 2029 1103 2072 nec
1113 2005 1222 2072 locabat

195 2107 298 2182 'aliter
311 2124 434 2201 patrem
449 2112 491 2178 ad
504 2112 628 2201 nuptias
643 2110 746 2178 filium
762 2111 933 2179 destinare.
946 2112 1054 2180 Variis
1070 2139 1143 2180 eum
1155 2114 1225 2178 anxit

209 2221 396 2310 unguentis,
423 2219 498 2286 lecit
519 2217 609 2285 illum
635 2219 811 2286 Christum.
833 2219 929 2287 Venit
952 2220 1231 2298 diversicoloribus

210 2329 349 2419 spirans,
376 2339 408 2394 et
433 2328 537 2406 audit,
561 2328 653 2417 «quia
672 2329 756 2394 hono
774 2329 873 2393 ubam
891 2339 946 2396 tua
967 2353 1065 2419 super
1083 2328 1231 2397 rinum‘.»

222 2438 362 2536 longrue
376 2459 482 2503 sermo
501 2435 625 2502 (lirinus
648 2459 745 2503 unam
763 2436 974 2525 eamdemque
997 2459 1067 2502 rem
1090 2461 1150 2527 pro
1163 2437 1238 2504 loco

218 2571 284 2617 rum
300 2544 451 2634 qualitate
466 2545 595 2610 diversis
609 2543 772 2610 vocabulis
787 2554 963 2633 nuncupat.
990 2546 1132 2626 Quando
1154 2545 1240 2612 hostia

212 2635 348 2725 oll'ertiu·
363 2655 396 2719 in
411 2655 514 2742 Lege,
527 2664 560 2718 et
577 2651 643 2718 vult
661 2651 860 2720 intellectum
879 2653 1068 2732 ostendere,
1083 2667 1240 2744 pectuscu-

212 2766 281 2833 lum
304 2760 510 2853 separationis
536 2759 659 2827 affatur.
691 2759 829 2841 Quando
851 2783 927 2826 vero
956 2762 1121 2828 recumbit
1147 2761 1242 2849 aliquis

213 2901 288 2947 cum
305 2873 403 2949 lesu,
420 2883 453 2936 et
473 2894 622 2936 sensuum
642 2870 712 2958 ejus
734 2869 960 2936 communione
981 2871 1174 2960 perfruitur,
1188 2895 1242 2938 nou

214 2974 437 3072 pectusculum
453 2985 489 3038 ut
510 2996 626 3063 supr-a¹
642 2974 698 3039 sed
715 2986 827 3064 pectus
852 2973 1037 3063 alloquitur.
1063 2977 1162 3042 Porro
1178 2997 1239 3041 cun

215 3112 330 3180 sponsa
341 3085 482 3176 loquitur
497 3083 537 3162 ad
551 3105 721 3173 sponsum,
737 3082 811 3171 quia
826 3082 967 3172 nuptiale
985 3107 1118 3150 carmon
1131 3085 1238 3151 induci-

214 3212 288 3274 tur,
302 3217 368 3261 uon
384 3189 625 3282 pectusculum,
642 3191 727 3256 utin
749 3190 923 3268 sacrificio,
941 3213 1007 3256 non
1026 3205 1153 3281 pectus,
1168 3192 1243 3258 utin

214 3315 341 3380 ‹loanne
364 3304 539 3396 discipulo,
566 3305 623 3371 sed
644 3315 682 3370 ut
703 3307 800 3374 ubera
821 3307 981 3384 nominat.
999 3309 1131 3376 dicens:
1148 3310 1246 3391 «Quia

215 3424 322 3488 »bona
335 3419 433 3483 ubera
446 3426 500 3480 tua
512 3437 607 3504 super
618 3415 760 3484 vinum.»
781 3414 993 3482 Communica
1006 3429 1043 3481 ut
1055 3441 1246 3507 sponsarum

224 3531 361 3598 tcnsibus
376 3523 502 3616 sponsi,
519 3535 551 3588 et
566 3522 646 3589 scias
661 3523 734 3610 quia
749 3521 907 3588 inebriant
922 3535 1018 3612 atque
1035 3523 1197 3594 laetlllcant
1214 3528 1246 3592 is

214 3637 364 3707 tiusmodi
377 3633 544 3724 cogitatus.
560 3629 731 3712 Quomodo
739 3643 847 3698 autern
858 3629 940 3698 calix
950 3633 1081 3700 Domini
1092 3637 1246 3702 inebrians

223 3771 311 3839 quam
339 3742 484 3835 optimus:
501 3751 549 3806 est
567 3791 577 3816 ,
597 3739 643 3806 sic
666 3741 762 3817 ubera
788 3739 895 3828 sponsi
916 3742 1003 3807 omni
1028 3741 1156 3810 meliora
1180 3755 1246 3810 suut

251 3900 342 3949 ¹l‘rov.
355 3913 389 3959 rr,
402 3911 436 3964 7,
451 3892 476 3944 t.
485 3891 537 3945 τ’
549 3889 637 3940 Guntia
657 3907 689 3952 rr,
700 3892 768 3943 ua-
779 3888 887 3956 ⁸lulattlr.
899 3908 937 3954 rr,
948 3907 972 3970 9.
985 3920 1016 3930 -
1026 3888 1114 3944 icant.
1126 3911 1150 3956 1,
1162 3913 1188 3950 ι.
