2692 4610
375 327 407 369 ru
431 325 606 398 nurrrrcuu¹
624 325 755 372 neurim
778 328 807 370 x.
875 359 878 366 .
1044 306 1105 368 255

45 491 48 494 -
72 441 273 510 abstinentia
288 439 475 512 Christianae
490 441 576 508 irena
588 440 738 508 laxemus.
756 443 918 507 Habemus
929 439 1013 505 onim
1027 464 1106 529 quo-

70 551 259 640 dragesimae
276 550 342 614 dies
358 551 486 636 jejuniis
502 563 713 616 consecratos.
732 551 893 616 Habemus
909 561 1054 637 quartam
1075 562 1107 613 et

71 671 197 726 sextum
219 657 401 746 septimense
417 659 498 733 dies,
515 658 630 746 quibus
646 657 828 724 solemniter
843 659 1034 745 jejunamus.
1053 659 1109 722 Est

75 781 168 836 certe
182 767 306 834 libentes
327 767 507 832 Christiano
522 789 686 856 peremne
703 779 827 856 tempus
847 767 1022 856 jejunandi.
1043 787 1107 830 non

78 873 283 941 observantie
309 873 547 960 superstitione,
569 874 625 938 sed
650 873 765 938 virtute
789 873 1002 938 continentiae.
1028 869 1109 937 Num

78 981 239 1072 quomodo
253 982 338 1069 apud
352 1005 408 1047 eos
424 982 549 1048 castitas
561 983 743 1069 incorrupto
759 995 913 1058 servatur,
927 981 985 1047 nisi
996 982 1109 1046 arctio·

1 1139 8 1150 ·
77 1094 165 1158 ribus
179 1091 383 1156 continentiae
398 1089 474 1156 fulto
490 1091 658 1164 subsidiis?
671 1092 840 1170 Quomodo
853 1090 1024 1179 Scripturis
1036 1111 1110 1178 ope·

74 1223 143 1265 rom
162 1199 310 1265 dubunt?
334 1199 495 1284 quomodo
514 1199 653 1265 scientim
673 1212 705 1263 et
733 1200 893 1286 sapientiae
914 1199 1110 1264 studebunt?

72 1309 190 1374 Nonne
215 1331 275 1395 per
300 1307 529 1373 continentium
556 1307 673 1374 ventris
695 1321 728 1371 et
752 1308 911 1396 gutturis?
941 1308 1112 1387 Quomodo
1220 1363 1223 1368 .

75 1417 150 1503 quis
167 1416 304 1503 seipsum
327 1427 444 1480 castrat
464 1428 594 1505 propter
610 1439 744 1505 regnum
761 1416 928 1491 emiorum,
943 1418 1002 1481 nisi
1023 1418 1114 1481 oibo-

80 1548 157 1589 rum
180 1524 367 1590 effluentium
384 1539 519 1602 resecet,
542 1527 601 1591 nisi
620 1526 809 1591 abstinentie
826 1537 934 1592 utatur
947 1526 1113 1591 ministro?

81 1632 163 1698 Haee
176 1655 251 1721 ergo
266 1631 448 1699 Christianis
463 1633 627 1721 jejunandi
642 1634 722 1697 ratio
734 1646 792 1698 est.
809 1635 872 1702 Sed
883 1645 931 1699 est
945 1647 977 1699 et
988 1633 1047 1699 sliu
1060 1635 1111 1700 ad·

78 1740 149 1806 hue
162 1740 316 1830 religiosa,
329 1743 422 1830 eujus
436 1738 505 1808 laus
521 1743 732 1831 quorumdam
745 1743 969 1832 Apostolorum
986 1744 1112 1809 Litteris

74 1851 278 1938 praedicatur.
298 1852 481 1917 invenimus
499 1853 629 1918 enimin
645 1854 782 1938 quodum
797 1852 904 1919 libello
918 1855 958 1918 ub
974 1853 1113 1941 Aposto-

1 2011 2 2018 κ
72 1958 112 2026 iis
129 1959 256 2025 dictum
274 1983 283 2024 ε
303 1960 448 2026 «Beatus
466 1974 514 2026 est
532 1963 585 2050 qui
607 1961 702 2026 etiam
726 1963 848 2050 jejunat
869 1987 928 2050 pro
942 1985 981 2028 eo
998 1974 1032 2028 ut
1050 1960 1114 2029 slat

73 2091 292 2156 »pauperem
317 2069 451 2155 »Hujus
475 2071 632 2159 jejunium
659 2069 749 2134 vuldo
770 2083 938 2159 occeptum
960 2083 1008 2136 est
1027 2072 1113 2161 apud

74 2177 200 2249 Deum,
215 2189 247 2240 et
261 2199 366 2242 revere
384 2177 478 2268 digne
494 2179 585 2252 setis3
604 2177 746 2255 imitatur
760 2179 844 2242 enim
860 2177 949 2243 illum
967 2181 1020 2268 qui
1042 2181 1112 2244 oni-

79 2307 171 2350 mam
190 2307 278 2350 sunm
297 2287 401 2374 posuit
421 2309 480 2374 pro
501 2286 649 2351 iratribus
669 2285 743 2350 suis.
762 2286 849 2365 Quid
863 2310 938 2375 ergo
953 2288 1113 2354 veteribus

77 2396 199 2484 pannis
220 2418 297 2461 nove
314 2396 499 2461 indumenta
522 2395 717 2462 miscemus?
738 2397 815 2485 quid
835 2397 867 2461 in
889 2410 974 2460 utres
992 2408 1113 2462 veteres

73 2504 236 2570 mittimus
258 2504 367 2569 unum
391 2501 532 2569 novum?
548 2501 689 2570 «Vetera
711 2504 916 2578 transierunt,
939 2526 1014 2570 ecee
1031 2505 1112 2570 sactu

70 2641 84 2673 ι
98 2624 178 2678 sunt
188 2611 298 2678 omnia
309 2633 391 2677 nors
400 2610 425 2687 ²,
436 2640 450 2673 ι
458 2633 517 2699 per
529 2609 691 2678 Christum
704 2613 877 2677 Dominum
890 2614 1047 2688 nostium,
1061 2615 1113 2678 oui
1201 2673 1202 2678 ,

67 2735 118 2788 est
133 2721 237 2810 gioria
252 2732 287 2786 et
303 2721 473 2809 imperium
487 2721 520 2785 in
536 2719 649 2786 saeoula
665 2721 863 2787 saeculorum.
883 2724 994 2787 Amen.

83 2964 130 2982 m
141 2959 831 2982 nmmummsmmmwtmusmmm
833 2960 1106 2980 mmmmmmm

421 3136 649 3258 HQMlLlA
680 3141 773 3211 Xl².

112 3363 158 3418 De
171 3381 203 3420 co
216 3356 300 3433 quod
311 3356 446 3430 scriptum
458 3366 497 3412 est
510 3377 520 3410 .·
531 3353 723 3412 seuuemo
734 3359 802 3428 quse
815 3377 865 3434 ego
875 3371 987 3418 sarrrtus
998 3381 1073 3430 sm,

433 3447 573 3505 Domum-s
582 3447 663 3506 Deus
675 3459 770 3504 uester.

119 3655 229 3742 Nuper
246 3653 279 3716 in
296 3647 446 3715 auribus⁸
463 3648 613 3716 Ecclesiae
629 3651 778 3720 recitatus
793 3666 841 3720 est
856 3675 960 3720 sermo
979 3655 1050 3730 Dei,
1069 3656 1113 3721 di-

101 3829 110 3860 ¹
123 3843 137 3874 ²
150 3825 212 3873 Cer.
225 3839 252 3878 r,
267 3837 305 3883 ¹7.
