<?xml version="1.0" encoding="UTF-8"?>
<!DOCTYPE html PUBLIC "-//W3C//DTD XHTML 1.0 Transitional//EN"
    "http://www.w3.org/TR/xhtml1/DTD/xhtml1-transitional.dtd">
<html xmlns="http://www.w3.org/1999/xhtml" xml:lang="en" lang="en">
 <head>
  <title>
</title>
<meta http-equiv="Content-Type" content="text/html;charset=utf-8" />
  <meta name='ocr-system' content='tesseract 3.04.00' />
  <meta name='ocr-capabilities' content='ocr_page ocr_carea ocr_par ocr_line ocrx_word'/>
</head>
<body>
  <div class='ocr_page' id='page_1' title='image "./collectioselect01guilgoog_0292.png"; bbox 0 0 2706 4624; ppageno 0'>
   <div class='ocr_carea' id='block_1_1' title="bbox 234 230 820 315">
    <p class='ocr_par' dir='ltr' id='par_1_1' title="bbox 234 230 820 315">
     <span class='ocr_line' id='line_1_1' title="bbox 234 230 820 315; baseline 0.005 -20"><span class='ocrx_word' id='word_1_1' title='bbox 234 230 298 315; x_wconf 72' lang='lat'><strong>29⁶</strong></span> <span class='ocrx_word' id='word_1_2' title='bbox 618 289 619 294; x_wconf 72' lang='grc'>,</span> <span class='ocrx_word' id='word_1_3' title='bbox 679 239 820 300; x_wconf 79' lang='lat' dir='ltr'><strong>anscerus</strong></span> 
     </span>
    </p>
   </div>
   <div class='ocr_carea' id='block_1_2' title="bbox 180 367 1267 1754">
    <p class='ocr_par' dir='ltr' id='par_1_2' title="bbox 180 367 1267 1754">
     <span class='ocr_line' id='line_1_2' title="bbox 234 367 1257 463; baseline 0.001 -29"><span class='ocrx_word' id='word_1_4' title='bbox 234 368 275 434; x_wconf 88' lang='lat' dir='ltr'><strong>ad</strong></span> <span class='ocrx_word' id='word_1_5' title='bbox 286 378 428 463; x_wconf 86' lang='lat' dir='ltr'><strong>mentem</strong></span> <span class='ocrx_word' id='word_1_6' title='bbox 438 367 531 443; x_wconf 74' lang='lat' dir='ltr'><strong>Sion,</strong></span> <span class='ocrx_word' id='word_1_7' title='bbox 544 370 660 435; x_wconf 85' lang='lat' dir='ltr'><strong>horum</strong></span> <span class='ocrx_word' id='word_1_8' title='bbox 671 382 776 436; x_wconf 90' lang='lat' dir='ltr'><strong>autem</strong></span> <span class='ocrx_word' id='word_1_9' title='bbox 789 369 883 458; x_wconf 89' lang='lat' dir='ltr'><strong>paulo</strong></span> <span class='ocrx_word' id='word_1_10' title='bbox 894 370 1039 434; x_wconf 77' lang='lat' dir='ltr'><strong>meliores</strong></span> <span class='ocrx_word' id='word_1_11' title='bbox 1049 370 1204 436; x_wconf 87' lang='lat' dir='ltr'><strong>accedunt</strong></span> <span class='ocrx_word' id='word_1_12' title='bbox 1217 371 1257 435; x_wconf 90' lang='lat' dir='ltr'><strong>ad</strong></span> 
     </span>
     <span class='ocr_line' id='line_1_3' title="bbox 234 475 1257 564; baseline 0.004 -26"><span class='ocrx_word' id='word_1_13' title='bbox 234 475 393 556; x_wconf 75' lang='lat' dir='ltr'><strong>civitatem</strong></span> <span class='ocrx_word' id='word_1_14' title='bbox 409 476 467 540; x_wconf 86' lang='lat' dir='ltr'><strong>Dei</strong></span> <span class='ocrx_word' id='word_1_15' title='bbox 483 477 614 542; x_wconf 85' lang='lat' dir='ltr'><strong>virentis</strong></span> <span class='ocrx_word' id='word_1_16' title='bbox 633 476 809 543; x_wconf 72' lang='lat' dir='ltr'>Jerusalem</span> <span class='ocrx_word' id='word_1_17' title='bbox 831 477 1015 544; x_wconf 87' lang='lat' dir='ltr'><strong>coelestem:</strong></span> <span class='ocrx_word' id='word_1_18' title='bbox 1034 477 1087 564; x_wconf 91' lang='lat' dir='ltr'><strong>qui</strong></span> <span class='ocrx_word' id='word_1_19' title='bbox 1104 489 1208 541; x_wconf 88' lang='lat' dir='ltr'><strong>autem</strong></span> <span class='ocrx_word' id='word_1_20' title='bbox 1226 487 1257 542; x_wconf 87' lang='lat' dir='ltr'><strong>et</strong></span> 
     </span>
     <span class='ocr_line' id='line_1_4' title="bbox 236 581 1256 672; baseline 0.004 -28"><span class='ocrx_word' id='word_1_21' title='bbox 236 582 272 646; x_wconf 91' lang='lat' dir='ltr'><strong>iis</strong></span> <span class='ocrx_word' id='word_1_22' title='bbox 287 583 510 648; x_wconf 83' lang='lat' dir='ltr'><strong>eminentiores</strong></span> <span class='ocrx_word' id='word_1_23' title='bbox 525 595 611 660; x_wconf 79' lang='lat' dir='ltr'><strong>suat,</strong></span> <span class='ocrx_word' id='word_1_24' title='bbox 635 585 792 651; x_wconf 86' lang='lat' dir='ltr'><strong>accedunt</strong></span> <span class='ocrx_word' id='word_1_25' title='bbox 814 585 854 649; x_wconf 87' lang='lat' dir='ltr'><strong>ad</strong></span> <span class='ocrx_word' id='word_1_26' title='bbox 874 583 1109 648; x_wconf 73' lang='lat' dir='ltr'><strong>multitudinem</strong></span> <span class='ocrx_word' id='word_1_27' title='bbox 1124 581 1256 672; x_wconf 73' lang='lat' dir='ltr'><strong>Angelo-</strong></span> 
     </span>
     <span class='ocr_line' id='line_1_5' title="bbox 234 689 1258 781; baseline 0.002 -25"><span class='ocrx_word' id='word_1_28' title='bbox 234 713 305 758; x_wconf 87' lang='lat' dir='ltr'><strong>rum</strong></span> <span class='ocrx_word' id='word_1_29' title='bbox 321 689 568 758; x_wconf 65' lang='lat' dir='ltr'><strong>collaudantium</strong></span> <span class='ocrx_word' id='word_1_30' title='bbox 584 716 592 756; x_wconf 90' lang='lat'><strong>:</strong></span> <span class='ocrx_word' id='word_1_31' title='bbox 607 693 661 781; x_wconf 92' lang='lat' dir='ltr'><strong>qui</strong></span> <span class='ocrx_word' id='word_1_32' title='bbox 676 705 782 759; x_wconf 85' lang='lat' dir='ltr'><strong>autem</strong></span> <span class='ocrx_word' id='word_1_33' title='bbox 796 715 892 780; x_wconf 87' lang='lat' dir='ltr'><strong>super</strong></span> <span class='ocrx_word' id='word_1_34' title='bbox 901 694 977 758; x_wconf 86' lang='lat' dir='ltr'><strong>istos</strong></span> <span class='ocrx_word' id='word_1_35' title='bbox 989 713 1098 757; x_wconf 87' lang='lat' dir='ltr'><strong>omnes</strong></span> <span class='ocrx_word' id='word_1_36' title='bbox 1109 703 1194 767; x_wconf 88' lang='lat' dir='ltr'><strong>suat,</strong></span> <span class='ocrx_word' id='word_1_37' title='bbox 1206 715 1258 758; x_wconf 89' lang='lat' dir='ltr'><strong>aa·</strong></span> 
     </span>
     <span class='ocr_line' id='line_1_6' title="bbox 234 799 1258 891; baseline 0 -25"><span class='ocrx_word' id='word_1_38' title='bbox 234 801 353 868; x_wconf 89' lang='lat' dir='ltr'><strong>cadunt</strong></span> <span class='ocrx_word' id='word_1_39' title='bbox 371 801 411 866; x_wconf 91' lang='lat' dir='ltr'><strong>ad</strong></span> <span class='ocrx_word' id='word_1_40' title='bbox 431 801 606 868; x_wconf 83' lang='lat' dir='ltr'><strong>Ecclesiam</strong></span> <span class='ocrx_word' id='word_1_41' title='bbox 626 803 858 891; x_wconf 85' lang='lat' dir='ltr'><strong>primitivorum</strong></span> <span class='ocrx_word' id='word_1_42' title='bbox 879 803 1048 890; x_wconf 81' lang='lat' dir='ltr'><strong>ascriptam</strong></span> <span class='ocrx_word' id='word_1_43' title='bbox 1063 802 1096 866; x_wconf 87' lang='lat' dir='ltr'><strong>ia</strong></span> <span class='ocrx_word' id='word_1_44' title='bbox 1112 799 1207 868; x_wconf 77' lang='lat' dir='ltr'><strong>cetis.</strong></span> <span class='ocrx_word' id='word_1_45' title='bbox 1226 801 1258 866; x_wconf 87' lang='lat' dir='ltr'><strong>Si</strong></span> 
     </span>
     <span class='ocr_line' id='line_1_7' title="bbox 180 909 1260 1000; baseline -0.002 -24"><span class='ocrx_word' id='word_1_46' title='bbox 180 957 184 964; x_wconf 91' lang='lat'>-</span> <span class='ocrx_word' id='word_1_47' title='bbox 233 933 309 998; x_wconf 77' lang='lat' dir='ltr'><strong>ergo</strong></span> <span class='ocrx_word' id='word_1_48' title='bbox 324 931 363 973; x_wconf 85' lang='lat' dir='ltr'><strong>ex</strong></span> <span class='ocrx_word' id='word_1_49' title='bbox 376 909 413 978; x_wconf 90' lang='lat' dir='ltr'><strong>iis</strong></span> <span class='ocrx_word' id='word_1_50' title='bbox 429 909 605 976; x_wconf 77' lang='lat' dir='ltr'><strong>intellexisti</strong></span> <span class='ocrx_word' id='word_1_51' title='bbox 620 913 691 1000; x_wconf 86' lang='lat' dir='ltr'><strong>quis</strong></span> <span class='ocrx_word' id='word_1_52' title='bbox 708 913 748 977; x_wconf 90' lang='lat' dir='ltr'><strong>sit</strong></span> <span class='ocrx_word' id='word_1_53' title='bbox 763 912 841 977; x_wconf 89' lang='lat' dir='ltr'><strong>orda</strong></span> <span class='ocrx_word' id='word_1_54' title='bbox 862 911 1108 1000; x_wconf 84' lang='lat' dir='ltr'><strong>primitivorum,</strong></span> <span class='ocrx_word' id='word_1_55' title='bbox 1128 921 1160 974; x_wconf 91' lang='lat' dir='ltr'><strong>et</strong></span> <span class='ocrx_word' id='word_1_56' title='bbox 1178 910 1260 997; x_wconf 87' lang='lat' dir='ltr'><strong>quod</strong></span> 
     </span>
     <span class='ocr_line' id='line_1_8' title="bbox 234 1017 1261 1107; baseline 0 -25"><span class='ocrx_word' id='word_1_57' title='bbox 234 1017 274 1082; x_wconf 89' lang='lat' dir='ltr'><strong>sit</strong></span> <span class='ocrx_word' id='word_1_58' title='bbox 285 1017 422 1082; x_wconf 88' lang='lat' dir='ltr'><strong>nominis</strong></span> <span class='ocrx_word' id='word_1_59' title='bbox 435 1018 524 1082; x_wconf 85' lang='lat' dir='ltr'><strong>istius</strong></span> <span class='ocrx_word' id='word_1_60' title='bbox 536 1031 781 1093; x_wconf 84' lang='lat' dir='ltr'><strong>sacramentum,</strong></span> <span class='ocrx_word' id='word_1_61' title='bbox 791 1041 930 1107; x_wconf 82' lang='lat' dir='ltr'><strong>praepara</strong></span> <span class='ocrx_word' id='word_1_62' title='bbox 944 1030 987 1094; x_wconf 88' lang='lat' dir='ltr'><strong>te,</strong></span> <span class='ocrx_word' id='word_1_63' title='bbox 996 1031 1029 1083; x_wconf 90' lang='lat' dir='ltr'><strong>et</strong></span> <span class='ocrx_word' id='word_1_64' title='bbox 1036 1018 1155 1083; x_wconf 87' lang='lat' dir='ltr'><strong>enitere</strong></span> <span class='ocrx_word' id='word_1_65' title='bbox 1168 1041 1261 1105; x_wconf 89' lang='lat' dir='ltr'><strong>quan·</strong></span> 
     </span>
     <span class='ocr_line' id='line_1_9' title="bbox 234 1123 1260 1214; baseline 0.005 -27"><span class='ocrx_word' id='word_1_66' title='bbox 234 1136 303 1188; x_wconf 88' lang='lat' dir='ltr'><strong>tam</strong></span> <span class='ocrx_word' id='word_1_67' title='bbox 315 1123 410 1198; x_wconf 83' lang='lat' dir='ltr'><strong>vales,</strong></span> <span class='ocrx_word' id='word_1_68' title='bbox 423 1125 449 1190; x_wconf 91' lang='lat' dir='ltr'><strong>si</strong></span> <span class='ocrx_word' id='word_1_69' title='bbox 460 1123 540 1190; x_wconf 85' lang='lat' dir='ltr'><strong>forte</strong></span> <span class='ocrx_word' id='word_1_70' title='bbox 553 1127 688 1200; x_wconf 85' lang='lat' dir='ltr'><strong>actibus,</strong></span> <span class='ocrx_word' id='word_1_71' title='bbox 706 1126 781 1201; x_wconf 85' lang='lat' dir='ltr'><strong>rita,</strong></span> <span class='ocrx_word' id='word_1_72' title='bbox 795 1128 949 1201; x_wconf 88' lang='lat' dir='ltr'><strong>moribus,</strong></span> <span class='ocrx_word' id='word_1_73' title='bbox 962 1126 1039 1201; x_wconf 87' lang='lat' dir='ltr'><strong>lide,</strong></span> <span class='ocrx_word' id='word_1_74' title='bbox 1052 1127 1260 1214; x_wconf 78' lang='lat' dir='ltr'><strong>institutisque</strong></span> 
     </span>
     <span class='ocr_line' id='line_1_10' title="bbox 233 1233 1258 1325; baseline 0.003 -26"><span class='ocrx_word' id='word_1_75' title='bbox 233 1233 393 1320; x_wconf 88' lang='lat' dir='ltr'><strong>proficias,</strong></span> <span class='ocrx_word' id='word_1_76' title='bbox 417 1248 453 1300; x_wconf 92' lang='lat' dir='ltr'><strong>ut</strong></span> <span class='ocrx_word' id='word_1_77' title='bbox 474 1237 574 1322; x_wconf 88' lang='lat' dir='ltr'><strong>possis</strong></span> <span class='ocrx_word' id='word_1_78' title='bbox 595 1237 747 1303; x_wconf 84' lang='lat' dir='ltr'><strong>accedere</strong></span> <span class='ocrx_word' id='word_1_79' title='bbox 769 1238 812 1302; x_wconf 89' lang='lat' dir='ltr'><strong>ad</strong></span> <span class='ocrx_word' id='word_1_80' title='bbox 828 1236 1001 1303; x_wconf 87' lang='lat' dir='ltr'><strong>Ecclesiam</strong></span> <span class='ocrx_word' id='word_1_81' title='bbox 1019 1237 1258 1325; x_wconf 86' lang='lat' dir='ltr'><strong>primitivarum.</strong></span> 
     </span>
     <span class='ocr_line' id='line_1_11' title="bbox 234 1344 1262 1431; baseline 0.003 -23"><span class='ocrx_word' id='word_1_82' title='bbox 234 1367 303 1430; x_wconf 80' lang='lat' dir='ltr'><strong>quae</strong></span> <span class='ocrx_word' id='word_1_83' title='bbox 325 1344 461 1431; x_wconf 86' lang='lat' dir='ltr'><strong>ascripta</strong></span> <span class='ocrx_word' id='word_1_84' title='bbox 481 1346 575 1411; x_wconf 89' lang='lat' dir='ltr'><strong>estin</strong></span> <span class='ocrx_word' id='word_1_85' title='bbox 591 1345 689 1412; x_wconf 75' lang='lat' dir='ltr'><strong>caelis.</strong></span> <span class='ocrx_word' id='word_1_86' title='bbox 709 1347 804 1425; x_wconf 88' lang='lat' dir='ltr'><strong>Quod</strong></span> <span class='ocrx_word' id='word_1_87' title='bbox 821 1347 846 1410; x_wconf 91' lang='lat' dir='ltr'><strong>si</strong></span> <span class='ocrx_word' id='word_1_88' title='bbox 862 1369 926 1410; x_wconf 92' lang='lat' dir='ltr'><strong>non</strong></span> <span class='ocrx_word' id='word_1_89' title='bbox 947 1358 1070 1411; x_wconf 86' lang='lat' dir='ltr'><strong>tentum</strong></span> <span class='ocrx_word' id='word_1_90' title='bbox 1089 1344 1185 1421; x_wconf 83' lang='lat' dir='ltr'><strong>veles,</strong></span> <span class='ocrx_word' id='word_1_91' title='bbox 1208 1347 1262 1411; x_wconf 84' lang='lat' dir='ltr'><strong>scd</strong></span> 
     </span>
     <span class='ocr_line' id='line_1_12' title="bbox 234 1451 1267 1544; baseline 0.002 -27"><span class='ocrx_word' id='word_1_92' title='bbox 234 1475 268 1518; x_wconf 86' lang='lat' dir='ltr'><strong>es</strong></span> <span class='ocrx_word' id='word_1_93' title='bbox 284 1451 379 1540; x_wconf 87' lang='lat' dir='ltr'><strong>paulo</strong></span> <span class='ocrx_word' id='word_1_94' title='bbox 393 1453 535 1530; x_wconf 79' lang='lat' dir='ltr'><strong>inferior,</strong></span> <span class='ocrx_word' id='word_1_95' title='bbox 553 1456 670 1522; x_wconf 87' lang='lat' dir='ltr'><strong>accede</strong></span> <span class='ocrx_word' id='word_1_96' title='bbox 686 1456 725 1521; x_wconf 87' lang='lat' dir='ltr'><strong>ad</strong></span> <span class='ocrx_word' id='word_1_97' title='bbox 742 1454 978 1521; x_wconf 82' lang='lat' dir='ltr'><strong>multitudinem</strong></span> <span class='ocrx_word' id='word_1_98' title='bbox 994 1455 1185 1544; x_wconf 75' lang='lat' dir='ltr'><strong>Angelorum</strong></span> <span class='ocrx_word' id='word_1_99' title='bbox 1201 1453 1267 1520; x_wconf 91' lang='lat' dir='ltr'><strong>col-</strong></span> 
     </span>
     <span class='ocr_line' id='line_1_13' title="bbox 234 1557 1264 1650; baseline 0.004 -28"><span class='ocrx_word' id='word_1_100' title='bbox 234 1557 443 1625; x_wconf 85' lang='lat' dir='ltr'><strong>laudantium.</strong></span> <span class='ocrx_word' id='word_1_101' title='bbox 455 1561 587 1640; x_wconf 89' lang='lat' dir='ltr'><strong>Quodsi</strong></span> <span class='ocrx_word' id='word_1_102' title='bbox 599 1584 659 1628; x_wconf 91' lang='lat' dir='ltr'><strong>nec</strong></span> <span class='ocrx_word' id='word_1_103' title='bbox 672 1561 711 1626; x_wconf 93' lang='lat' dir='ltr'><strong>ad</strong></span> <span class='ocrx_word' id='word_1_104' title='bbox 721 1562 816 1628; x_wconf 88' lang='lat' dir='ltr'><strong>istum</strong></span> <span class='ocrx_word' id='word_1_105' title='bbox 829 1563 972 1628; x_wconf 81' lang='lat' dir='ltr'><strong>ordinem</strong></span> <span class='ocrx_word' id='word_1_106' title='bbox 982 1562 1264 1650; x_wconf 85' lang='lat' dir='ltr'><strong>potssascendere,</strong></span> 
     </span>
     <span class='ocr_line' id='line_1_14' title="bbox 235 1665 1266 1754; baseline 0.002 -23"><span class='ocrx_word' id='word_1_107' title='bbox 235 1667 277 1732; x_wconf 85' lang='lat' dir='ltr'><strong>ad</strong></span> <span class='ocrx_word' id='word_1_108' title='bbox 290 1667 450 1732; x_wconf 80' lang='lat' dir='ltr'><strong>civitatem</strong></span> <span class='ocrx_word' id='word_1_109' title='bbox 468 1665 578 1731; x_wconf 86' lang='lat' dir='ltr'><strong>saltem</strong></span> <span class='ocrx_word' id='word_1_110' title='bbox 594 1667 652 1744; x_wconf 88' lang='lat' dir='ltr'><strong>Dei</strong></span> <span class='ocrx_word' id='word_1_111' title='bbox 668 1667 799 1732; x_wconf 81' lang='lat' dir='ltr'><strong>viventis</strong></span> <span class='ocrx_word' id='word_1_112' title='bbox 815 1666 990 1733; x_wconf 77' lang='lat' dir='ltr'><strong>Jerusalem</strong></span> <span class='ocrx_word' id='word_1_113' title='bbox 1007 1666 1165 1733; x_wconf 78' lang='lat' dir='ltr'><strong>caelestem</strong></span> <span class='ocrx_word' id='word_1_114' title='bbox 1188 1691 1266 1754; x_wconf 91' lang='lat' dir='ltr'><strong>pro-</strong></span> 
     </span>
    </p>
   </div>
   <div class='ocr_carea' id='block_1_3' title="bbox 169 1775 1327 3920">
    <p class='ocr_par' dir='ltr' id='par_1_3' title="bbox 233 1775 1272 2494">
     <span class='ocr_line' id='line_1_15' title="bbox 233 1775 1264 1865; baseline 0.003 -25"><span class='ocrx_word' id='word_1_115' title='bbox 233 1798 344 1862; x_wconf 88' lang='lat' dir='ltr'><strong>perare</strong></span> <span class='ocrx_word' id='word_1_116' title='bbox 360 1776 529 1840; x_wconf 87' lang='lat' dir='ltr'><strong>contende.</strong></span> <span class='ocrx_word' id='word_1_117' title='bbox 548 1775 582 1839; x_wconf 86' lang='lat' dir='ltr'><strong>si</strong></span> <span class='ocrx_word' id='word_1_118' title='bbox 598 1798 672 1840; x_wconf 87' lang='lat' dir='ltr'><strong>vero</strong></span> <span class='ocrx_word' id='word_1_119' title='bbox 693 1799 754 1841; x_wconf 89' lang='lat' dir='ltr'><strong>nec</strong></span> <span class='ocrx_word' id='word_1_120' title='bbox 774 1776 815 1840; x_wconf 87' lang='lat' dir='ltr'><strong>ad</strong></span> <span class='ocrx_word' id='word_1_121' title='bbox 837 1776 899 1842; x_wconf 87' lang='lat' dir='ltr'><strong>hoc</strong></span> <span class='ocrx_word' id='word_1_122' title='bbox 918 1789 1009 1865; x_wconf 88' lang='lat' dir='ltr'><strong>aptus</strong></span> <span class='ocrx_word' id='word_1_123' title='bbox 1030 1799 1077 1851; x_wconf 89' lang='lat' dir='ltr'><strong>es,</strong></span> <span class='ocrx_word' id='word_1_124' title='bbox 1099 1775 1203 1841; x_wconf 85' lang='lat' dir='ltr'><strong>saltem</strong></span> <span class='ocrx_word' id='word_1_125' title='bbox 1219 1779 1264 1843; x_wconf 90' lang='lat' dir='ltr'><strong>ad</strong></span> 
     </span>
     <span class='ocr_line' id='line_1_16' title="bbox 235 1867 1266 1970; baseline 0.001 -20"><span class='ocrx_word' id='word_1_126' title='bbox 235 1867 377 1950; x_wconf 86' lang='lat' dir='ltr'><strong>montem</strong></span> <span class='ocrx_word' id='word_1_127' title='bbox 390 1883 548 1948; x_wconf 87' lang='lat' dir='ltr'><strong>contende</strong></span> <span class='ocrx_word' id='word_1_128' title='bbox 560 1883 650 1959; x_wconf 88' lang='lat' dir='ltr'><strong>Sion,</strong></span> <span class='ocrx_word' id='word_1_129' title='bbox 663 1895 698 1948; x_wconf 89' lang='lat' dir='ltr'><strong>ut</strong></span> <span class='ocrx_word' id='word_1_130' title='bbox 709 1884 742 1970; x_wconf 86' lang='lat' dir='ltr'><strong>in</strong></span> <span class='ocrx_word' id='word_1_131' title='bbox 757 1897 865 1950; x_wconf 89' lang='lat' dir='ltr'><strong>monte</strong></span> <span class='ocrx_word' id='word_1_132' title='bbox 879 1885 1017 1950; x_wconf 81' lang='lat' dir='ltr'><strong>salveris.</strong></span> <span class='ocrx_word' id='word_1_133' title='bbox 1032 1883 1167 1949; x_wconf 87' lang='lat' dir='ltr'><strong>Tantam</strong></span> <span class='ocrx_word' id='word_1_134' title='bbox 1178 1907 1217 1949; x_wconf 90' lang='lat' dir='ltr'><strong>ne</strong></span> <span class='ocrx_word' id='word_1_135' title='bbox 1228 1885 1266 1951; x_wconf 89' lang='lat' dir='ltr'><strong>in</strong></span> 
     </span>
     <span class='ocr_line' id='line_1_17' title="bbox 235 1989 1268 2067; baseline 0.004 -12"><span class='ocrx_word' id='word_1_136' title='bbox 235 2001 319 2056; x_wconf 83' lang='lat' dir='ltr'><strong>terre</strong></span> <span class='ocrx_word' id='word_1_137' title='bbox 335 1990 483 2065; x_wconf 77' lang='lat' dir='ltr'><strong>resideas,</strong></span> <span class='ocrx_word' id='word_1_138' title='bbox 499 2013 539 2056; x_wconf 90' lang='lat' dir='ltr'><strong>ne</strong></span> <span class='ocrx_word' id='word_1_139' title='bbox 554 1991 587 2056; x_wconf 88' lang='lat' dir='ltr'><strong>iu</strong></span> <span class='ocrx_word' id='word_1_140' title='bbox 600 1989 732 2057; x_wconf 81' lang='lat' dir='ltr'><strong>vallibus</strong></span> <span class='ocrx_word' id='word_1_141' title='bbox 744 2015 884 2067; x_wconf 79' lang='lat' dir='ltr'><strong>maneas,</strong></span> <span class='ocrx_word' id='word_1_142' title='bbox 901 2015 941 2058; x_wconf 91' lang='lat' dir='ltr'><strong>ne</strong></span> <span class='ocrx_word' id='word_1_143' title='bbox 955 1993 987 2057; x_wconf 94' lang='lat' dir='ltr'><strong>in</strong></span> <span class='ocrx_word' id='word_1_144' title='bbox 1000 1993 1150 2058; x_wconf 83' lang='lat' dir='ltr'><strong>demersis</strong></span> <span class='ocrx_word' id='word_1_145' title='bbox 1165 2005 1197 2057; x_wconf 90' lang='lat' dir='ltr'><strong>et</strong></span> <span class='ocrx_word' id='word_1_146' title='bbox 1209 1994 1268 2059; x_wconf 88' lang='lat' dir='ltr'><strong>hu-</strong></span> 
     </span>
     <span class='ocr_line' id='line_1_18' title="bbox 235 2099 1268 2190; baseline 0.001 -24"><span class='ocrx_word' id='word_1_147' title='bbox 235 2099 363 2166; x_wconf 85' lang='lat' dir='ltr'><strong>milibus</strong></span> <span class='ocrx_word' id='word_1_148' title='bbox 380 2123 568 2187; x_wconf 83' lang='lat' dir='ltr'><strong>perseveres.</strong></span> <span class='ocrx_word' id='word_1_149' title='bbox 588 2100 664 2168; x_wconf 90' lang='lat' dir='ltr'><strong>lllihi</strong></span> <span class='ocrx_word' id='word_1_150' title='bbox 684 2101 727 2166; x_wconf 91' lang='lat' dir='ltr'><strong>ita</strong></span> <span class='ocrx_word' id='word_1_151' title='bbox 747 2100 988 2190; x_wconf 78' lang='lat' dir='ltr'><strong>intelligendam</strong></span> <span class='ocrx_word' id='word_1_152' title='bbox 1006 2102 1130 2166; x_wconf 80' lang='lat' dir='ltr'><strong>ridetur</strong></span> <span class='ocrx_word' id='word_1_153' title='bbox 1151 2105 1268 2168; x_wconf 80' lang='lat' dir='ltr'><strong>assumi</strong></span> 
     </span>
     <span class='ocr_line' id='line_1_19' title="bbox 236 2207 1269 2298; baseline 0.006 -27"><span class='ocrx_word' id='word_1_154' title='bbox 236 2209 462 2297; x_wconf 76' lang='lat' dir='ltr'><strong>primogenitos</strong></span> <span class='ocrx_word' id='word_1_155' title='bbox 476 2209 558 2284; x_wconf 85' lang='lat' dir='ltr'><strong>filias</strong></span> <span class='ocrx_word' id='word_1_156' title='bbox 572 2210 660 2286; x_wconf 81' lang='lat' dir='ltr'><strong>Levi,</strong></span> <span class='ocrx_word' id='word_1_157' title='bbox 677 2211 731 2298; x_wconf 88' lang='lat' dir='ltr'><strong>qui</strong></span> <span class='ocrx_word' id='word_1_158' title='bbox 747 2211 926 2277; x_wconf 88' lang='lat' dir='ltr'><strong>ministrant</strong></span> <span class='ocrx_word' id='word_1_159' title='bbox 944 2211 1025 2285; x_wconf 85' lang='lat' dir='ltr'><strong>Deo,</strong></span> <span class='ocrx_word' id='word_1_160' title='bbox 1041 2221 1073 2274; x_wconf 87' lang='lat' dir='ltr'><strong>et</strong></span> <span class='ocrx_word' id='word_1_161' title='bbox 1092 2207 1183 2274; x_wconf 88' lang='lat' dir='ltr'><strong>altari</strong></span> <span class='ocrx_word' id='word_1_162' title='bbox 1197 2211 1269 2296; x_wconf 87' lang='lat' dir='ltr'><strong>ejas</strong></span> 
     </span>
     <span class='ocr_line' id='line_1_20' title="bbox 235 2317 1272 2406; baseline 0.001 -23"><span class='ocrx_word' id='word_1_163' title='bbox 235 2317 505 2406; x_wconf 78' lang='lat' dir='ltr'><strong>tabernaculoque</strong></span> <span class='ocrx_word' id='word_1_164' title='bbox 520 2319 711 2394; x_wconf 85' lang='lat' dir='ltr'><strong>deserviunt,</strong></span> <span class='ocrx_word' id='word_1_165' title='bbox 732 2317 936 2406; x_wconf 84' lang='lat' dir='ltr'><strong>excubiisque</strong></span> <span class='ocrx_word' id='word_1_166' title='bbox 955 2317 1115 2406; x_wconf 88' lang='lat' dir='ltr'><strong>perpetuis</strong></span> <span class='ocrx_word' id='word_1_167' title='bbox 1130 2318 1272 2384; x_wconf 87' lang='lat' dir='ltr'><strong>ministe-</strong></span> 
     </span>
     <span class='ocr_line' id='line_1_21' title="bbox 236 2426 651 2494; baseline 0.005 -4"><span class='ocrx_word' id='word_1_168' title='bbox 236 2429 281 2493; x_wconf 85' lang='lat' dir='ltr'><strong>rie</strong></span> <span class='ocrx_word' id='word_1_169' title='bbox 297 2429 399 2494; x_wconf 82' lang='lat' dir='ltr'><strong>divina</strong></span> <span class='ocrx_word' id='word_1_170' title='bbox 416 2426 651 2494; x_wconf 86' lang='lat' dir='ltr'><strong>concelebrant.</strong></span> 
     </span>
    </p>

    <p class='ocr_par' dir='ltr' id='par_1_4' title="bbox 169 2535 1327 3822">
     <span class='ocr_line' id='line_1_22' title="bbox 169 2535 1270 2630; baseline 0.002 -26"><span class='ocrx_word' id='word_1_171' title='bbox 169 2550 173 2556; x_wconf 84' lang='lat'>&#39;</span> <span class='ocrx_word' id='word_1_172' title='bbox 279 2535 333 2605; x_wconf 88' lang='lat' dir='ltr'><strong>lV.</strong></span> <span class='ocrx_word' id='word_1_173' title='bbox 349 2538 413 2604; x_wconf 87' lang='lat' dir='ltr'><strong>Sed</strong></span> <span class='ocrx_word' id='word_1_174' title='bbox 428 2553 461 2604; x_wconf 91' lang='lat' dir='ltr'><strong>et</strong></span> <span class='ocrx_word' id='word_1_175' title='bbox 472 2539 558 2626; x_wconf 93' lang='lat' dir='ltr'><strong>quod</strong></span> <span class='ocrx_word' id='word_1_176' title='bbox 570 2541 625 2613; x_wconf 86' lang='lat' dir='ltr'><strong>ait,</strong></span> <span class='ocrx_word' id='word_1_177' title='bbox 643 2561 721 2626; x_wconf 81' lang='lat' dir='ltr'><strong>apro</strong></span> <span class='ocrx_word' id='word_1_178' title='bbox 733 2541 819 2604; x_wconf 93' lang='lat' dir='ltr'><strong>omni</strong></span> <span class='ocrx_word' id='word_1_179' title='bbox 833 2540 1043 2628; x_wconf 80' lang='lat' dir='ltr'><strong>primogenito</strong></span> <span class='ocrx_word' id='word_1_180' title='bbox 1054 2541 1108 2627; x_wconf 91' lang='lat' dir='ltr'><strong>qui</strong></span> <span class='ocrx_word' id='word_1_181' title='bbox 1125 2541 1270 2630; x_wconf 80' lang='lat' dir='ltr'><strong>adaperit</strong></span> 
     </span>
     <span class='ocr_line' id='line_1_23' title="bbox 236 2644 1265 2736; baseline 0.005 -27"><span class='ocrx_word' id='word_1_182' title='bbox 236 2675 249 2709; x_wconf 73' lang='lat' dir='ltr'><strong>a</strong></span> <span class='ocrx_word' id='word_1_183' title='bbox 264 2644 402 2721; x_wconf 80' lang='lat' dir='ltr'><strong>vulvam,</strong></span> <span class='ocrx_word' id='word_1_184' title='bbox 412 2674 425 2708; x_wconf 77' lang='grc' dir='ltr'><strong><em>ι</em></strong></span> <span class='ocrx_word' id='word_1_185' title='bbox 435 2669 498 2711; x_wconf 90' lang='lat' dir='ltr'><strong>noa</strong></span> <span class='ocrx_word' id='word_1_186' title='bbox 511 2646 588 2710; x_wconf 88' lang='lat' dir='ltr'><strong>milri</strong></span> <span class='ocrx_word' id='word_1_187' title='bbox 600 2645 691 2712; x_wconf 82' lang='lat' dir='ltr'><strong>facile</strong></span> <span class='ocrx_word' id='word_1_188' title='bbox 704 2647 943 2712; x_wconf 86' lang='lat' dir='ltr'><strong>rideturdisseri</strong></span> <span class='ocrx_word' id='word_1_189' title='bbox 952 2670 1043 2734; x_wconf 89' lang='lat' dir='ltr'><strong>posse</strong></span> <span class='ocrx_word' id='word_1_190' title='bbox 1050 2660 1083 2712; x_wconf 86' lang='lat' dir='ltr'><strong>et</strong></span> <span class='ocrx_word' id='word_1_191' title='bbox 1092 2649 1265 2736; x_wconf 82' lang='lat' dir='ltr'><strong>explanari.</strong></span> 
     </span>
     <span class='ocr_line' id='line_1_24' title="bbox 237 2754 1271 2846; baseline 0.002 -24"><span class='ocrx_word' id='word_1_192' title='bbox 237 2757 347 2843; x_wconf 87' lang='lat' dir='ltr'><strong>Neque</strong></span> <span class='ocrx_word' id='word_1_193' title='bbox 365 2755 450 2820; x_wconf 90' lang='lat' dir='ltr'><strong>enim</strong></span> <span class='ocrx_word' id='word_1_194' title='bbox 466 2755 659 2842; x_wconf 89' lang='lat' dir='ltr'><strong>quicumque</strong></span> <span class='ocrx_word' id='word_1_195' title='bbox 681 2755 823 2842; x_wconf 86' lang='lat' dir='ltr'><strong>adaperit</strong></span> <span class='ocrx_word' id='word_1_196' title='bbox 845 2754 968 2821; x_wconf 82' lang='lat' dir='ltr'><strong>vulvam</strong></span> <span class='ocrx_word' id='word_1_197' title='bbox 984 2757 1138 2822; x_wconf 88' lang='lat' dir='ltr'><strong>continuo</strong></span> <span class='ocrx_word' id='word_1_198' title='bbox 1153 2759 1271 2846; x_wconf 84' lang='lat' dir='ltr'><strong>dignus</strong></span> 
     </span>
     <span class='ocr_line' id='line_1_25' title="bbox 237 2852 1327 2953; baseline 0.004 -25"><span class='ocrx_word' id='word_1_199' title='bbox 237 2864 485 2930; x_wconf 81' lang='lat' dir='ltr'><strong>sanctificatione</strong></span> <span class='ocrx_word' id='word_1_200' title='bbox 505 2863 713 2951; x_wconf 84' lang='lat' dir='ltr'><strong>primitivatus</strong></span> <span class='ocrx_word' id='word_1_201' title='bbox 734 2864 899 2929; x_wconf 88' lang='lat' dir='ltr'><strong>habendus</strong></span> <span class='ocrx_word' id='word_1_202' title='bbox 914 2877 974 2940; x_wconf 89' lang='lat' dir='ltr'><strong>est,</strong></span> <span class='ocrx_word' id='word_1_203' title='bbox 991 2867 1065 2953; x_wconf 90' lang='lat' dir='ltr'><strong>quia</strong></span> <span class='ocrx_word' id='word_1_204' title='bbox 1082 2877 1115 2929; x_wconf 91' lang='lat' dir='ltr'><strong>et</strong></span> <span class='ocrx_word' id='word_1_205' title='bbox 1130 2867 1162 2930; x_wconf 92' lang='lat' dir='ltr'><strong>ia</strong></span> <span class='ocrx_word' id='word_1_206' title='bbox 1182 2852 1273 2932; x_wconf 68' lang='lat' dir='ltr'><strong>PsulJ</strong></span> <span class='ocrx_word' id='word_1_207' title='bbox 1292 2865 1327 2915; x_wconf 50' lang='grc' dir='ltr'><strong>Ἡ</strong></span> 
     </span>
     <span class='ocr_line' id='line_1_26' title="bbox 237 2970 1273 3060; baseline 0.002 -22"><span class='ocrx_word' id='word_1_208' title='bbox 237 2973 296 3038; x_wconf 89' lang='lat' dir='ltr'><strong>mis</strong></span> <span class='ocrx_word' id='word_1_209' title='bbox 311 2970 457 3060; x_wconf 78' lang='lat' dir='ltr'><strong>legimus,</strong></span> <span class='ocrx_word' id='word_1_210' title='bbox 469 2971 714 3059; x_wconf 80' lang='lat' dir='ltr'><strong>qaodsalieaati</strong></span> <span class='ocrx_word' id='word_1_211' title='bbox 733 2983 807 3036; x_wconf 85' lang='lat' dir='ltr'><strong>sunt</strong></span> <span class='ocrx_word' id='word_1_212' title='bbox 826 2983 1009 3059; x_wconf 87' lang='lat' dir='ltr'><strong>peccatores</strong></span> <span class='ocrx_word' id='word_1_213' title='bbox 1027 2997 1044 3038; x_wconf 86' lang='lat' dir='ltr'><strong>a</strong></span> <span class='ocrx_word' id='word_1_214' title='bbox 1061 2972 1164 3049; x_wconf 81' lang='lat' dir='ltr'><strong>vulva,</strong></span> <span class='ocrx_word' id='word_1_215' title='bbox 1181 2998 1273 3040; x_wconf 91' lang='lat' dir='ltr'><strong>erra·</strong></span> 
     </span>
     <span class='ocr_line' id='line_1_27' title="bbox 237 3079 1273 3170; baseline 0.006 -27"><span class='ocrx_word' id='word_1_216' title='bbox 237 3094 381 3147; x_wconf 80' lang='lat' dir='ltr'><strong>»verunt</strong></span> <span class='ocrx_word' id='word_1_217' title='bbox 399 3105 416 3145; x_wconf 91' lang='lat' dir='ltr'><strong>a</strong></span> <span class='ocrx_word' id='word_1_218' title='bbox 437 3093 559 3156; x_wconf 86' lang='lat' dir='ltr'><strong>ventre,</strong></span> <span class='ocrx_word' id='word_1_219' title='bbox 576 3079 674 3146; x_wconf 92' lang='lat' dir='ltr'><strong>locuti</strong></span> <span class='ocrx_word' id='word_1_220' title='bbox 696 3093 769 3146; x_wconf 86' lang='lat' dir='ltr'><strong>sunt</strong></span> <span class='ocrx_word' id='word_1_221' title='bbox 790 3080 864 3146; x_wconf 81' lang='lat' dir='ltr'><strong>salsa</strong></span> <span class='ocrx_word' id='word_1_222' title='bbox 876 3081 898 3146; x_wconf 86' lang='lat'><strong>¹.</strong></span> <span class='ocrx_word' id='word_1_223' title='bbox 914 3110 927 3144; x_wconf 76' lang='lat' dir='ltr'><strong>s</strong></span> <span class='ocrx_word' id='word_1_224' title='bbox 943 3083 1039 3162; x_wconf 88' lang='lat' dir='ltr'><strong>Quod</strong></span> <span class='ocrx_word' id='word_1_225' title='bbox 1054 3083 1164 3170; x_wconf 87' lang='lat' dir='ltr'><strong>utique</strong></span> <span class='ocrx_word' id='word_1_226' title='bbox 1187 3097 1273 3150; x_wconf 86' lang='lat' dir='ltr'><strong>stare</strong></span> 
     </span>
     <span class='ocr_line' id='line_1_28' title="bbox 238 3187 1272 3279; baseline 0.004 -25"><span class='ocrx_word' id='word_1_227' title='bbox 238 3190 413 3256; x_wconf 89' lang='lat' dir='ltr'><strong>secundum</strong></span> <span class='ocrx_word' id='word_1_228' title='bbox 433 3187 569 3255; x_wconf 85' lang='lat' dir='ltr'><strong>litteram</strong></span> <span class='ocrx_word' id='word_1_229' title='bbox 597 3187 683 3254; x_wconf 91' lang='lat' dir='ltr'><strong>nullo</strong></span> <span class='ocrx_word' id='word_1_230' title='bbox 706 3189 802 3254; x_wconf 91' lang='lat' dir='ltr'><strong>modo</strong></span> <span class='ocrx_word' id='word_1_231' title='bbox 828 3201 944 3279; x_wconf 89' lang='lat' dir='ltr'><strong>potest.</strong></span> <span class='ocrx_word' id='word_1_232' title='bbox 976 3192 1147 3271; x_wconf 88' lang='lat' dir='ltr'><strong>Quomodo</strong></span> <span class='ocrx_word' id='word_1_233' title='bbox 1173 3192 1272 3258; x_wconf 88' lang='lat' dir='ltr'><strong>etiam</strong></span> 
     </span>
     <span class='ocr_line' id='line_1_29' title="bbox 238 3289 1274 3389; baseline 0.004 -25"><span class='ocrx_word' id='word_1_234' title='bbox 238 3300 307 3387; x_wconf 91' lang='lat' dir='ltr'><strong>quis</strong></span> <span class='ocrx_word' id='word_1_235' title='bbox 323 3322 429 3364; x_wconf 90' lang='lat' dir='ltr'><strong>errare</strong></span> <span class='ocrx_word' id='word_1_236' title='bbox 443 3323 461 3363; x_wconf 89' lang='lat' dir='ltr'><strong>a</strong></span> <span class='ocrx_word' id='word_1_237' title='bbox 479 3300 527 3364; x_wconf 88' lang='lat' dir='ltr'><strong>via</strong></span> <span class='ocrx_word' id='word_1_238' title='bbox 544 3301 601 3366; x_wconf 88' lang='lat' dir='ltr'><strong>Dei</strong></span> <span class='ocrx_word' id='word_1_239' title='bbox 622 3301 725 3389; x_wconf 89' lang='lat' dir='ltr'><strong>potuit</strong></span> <span class='ocrx_word' id='word_1_240' title='bbox 741 3301 846 3366; x_wconf 90' lang='lat' dir='ltr'><strong>statim</strong></span> <span class='ocrx_word' id='word_1_241' title='bbox 860 3312 895 3364; x_wconf 92' lang='lat' dir='ltr'><strong>ut</strong></span> <span class='ocrx_word' id='word_1_242' title='bbox 909 3301 948 3365; x_wconf 88' lang='lat' dir='ltr'><strong>de</strong></span> <span class='ocrx_word' id='word_1_243' title='bbox 964 3313 1072 3367; x_wconf 83' lang='lat' dir='ltr'><strong>ventre</strong></span> <span class='ocrx_word' id='word_1_244' title='bbox 1087 3305 1198 3367; x_wconf 88' lang='lat' dir='ltr'><strong>matris</strong></span> <span class='ocrx_word' id='word_1_245' title='bbox 1214 3289 1274 3368; x_wconf 71' lang='lat' dir='ltr'><strong>ea-</strong></span> 
     </span>
     <span class='ocr_line' id='line_1_30' title="bbox 238 3407 1274 3498; baseline 0.002 -25"><span class='ocrx_word' id='word_1_246' title='bbox 238 3410 293 3473; x_wconf 81' lang='lat' dir='ltr'><strong>ivit</strong></span> <span class='ocrx_word' id='word_1_247' title='bbox 304 3409 318 3472; x_wconf 79' lang='lat' dir='ltr'><strong>l</strong></span> <span class='ocrx_word' id='word_1_248' title='bbox 330 3409 393 3474; x_wconf 86' lang='lat' dir='ltr'><strong>Aut</strong></span> <span class='ocrx_word' id='word_1_249' title='bbox 404 3409 564 3495; x_wconf 90' lang='lat' dir='ltr'><strong>quomodo</strong></span> <span class='ocrx_word' id='word_1_250' title='bbox 576 3410 682 3496; x_wconf 87' lang='lat' dir='ltr'><strong>potuit</strong></span> <span class='ocrx_word' id='word_1_251' title='bbox 697 3407 772 3474; x_wconf 85' lang='lat' dir='ltr'><strong>salsa</strong></span> <span class='ocrx_word' id='word_1_252' title='bbox 789 3409 875 3496; x_wconf 95' lang='lat' dir='ltr'><strong>loqui</strong></span> <span class='ocrx_word' id='word_1_253' title='bbox 887 3433 989 3498; x_wconf 86' lang='lat' dir='ltr'><strong>nuper</strong></span> <span class='ocrx_word' id='word_1_254' title='bbox 1001 3411 1103 3476; x_wconf 87' lang='lat' dir='ltr'><strong>editus</strong></span> <span class='ocrx_word' id='word_1_255' title='bbox 1115 3434 1211 3498; x_wconf 88' lang='lat' dir='ltr'><strong>puer,</strong></span> <span class='ocrx_word' id='word_1_256' title='bbox 1225 3409 1274 3475; x_wconf 87' lang='lat' dir='ltr'><strong>vel</strong></span> 
     </span>
     <span class='ocr_line' id='line_1_31' title="bbox 238 3513 1275 3605; baseline 0.001 -27"><span class='ocrx_word' id='word_1_257' title='bbox 238 3513 502 3602; x_wconf 89' lang='lat' dir='ltr'><strong>qualemcumque</strong></span> <span class='ocrx_word' id='word_1_258' title='bbox 517 3515 658 3602; x_wconf 86' lang='lat' dir='ltr'><strong>proferre</strong></span> <span class='ocrx_word' id='word_1_259' title='bbox 672 3515 876 3581; x_wconf 70' lang='lat' dir='ltr'><strong>sermonem?</strong></span> <span class='ocrx_word' id='word_1_260' title='bbox 892 3516 974 3582; x_wconf 89' lang='lat' dir='ltr'><strong>Cum</strong></span> <span class='ocrx_word' id='word_1_261' title='bbox 986 3539 1062 3605; x_wconf 75' lang='lat' dir='ltr'><strong>ergo</strong></span> <span class='ocrx_word' id='word_1_262' title='bbox 1078 3515 1275 3604; x_wconf 79' lang='lat' dir='ltr'><strong>impossibile</strong></span> 
     </span>
     <span class='ocr_line' id='line_1_32' title="bbox 238 3621 1273 3712; baseline 0.004 -26"><span class='ocrx_word' id='word_1_263' title='bbox 238 3624 277 3689; x_wconf 89' lang='lat' dir='ltr'><strong>sit</strong></span> <span class='ocrx_word' id='word_1_264' title='bbox 289 3621 336 3688; x_wconf 89' lang='lat' dir='ltr'><strong>vel</strong></span> <span class='ocrx_word' id='word_1_265' title='bbox 351 3647 457 3688; x_wconf 86' lang='lat' dir='ltr'><strong>errare</strong></span> <span class='ocrx_word' id='word_1_266' title='bbox 471 3623 608 3712; x_wconf 87' lang='lat' dir='ltr'><strong>aliquem</strong></span> <span class='ocrx_word' id='word_1_267' title='bbox 620 3650 637 3691; x_wconf 86' lang='lat' dir='ltr'><strong>a</strong></span> <span class='ocrx_word' id='word_1_268' title='bbox 652 3637 774 3701; x_wconf 85' lang='lat' dir='ltr'><strong>ventre,</strong></span> <span class='ocrx_word' id='word_1_269' title='bbox 786 3623 835 3690; x_wconf 91' lang='lat' dir='ltr'><strong>vel</strong></span> <span class='ocrx_word' id='word_1_270' title='bbox 852 3623 937 3712; x_wconf 87' lang='lat' dir='ltr'><strong>loqui</strong></span> <span class='ocrx_word' id='word_1_271' title='bbox 955 3623 1042 3700; x_wconf 87' lang='lat' dir='ltr'><strong>salsa,</strong></span> <span class='ocrx_word' id='word_1_272' title='bbox 1055 3628 1273 3692; x_wconf 87' lang='lat' dir='ltr'><strong>necessariam</strong></span> 
     </span>
     <span class='ocr_line' id='line_1_33' title="bbox 237 3731 1273 3822; baseline 0.003 -26"><span class='ocrx_word' id='word_1_273' title='bbox 237 3733 297 3796; x_wconf 88' lang='lat' dir='ltr'><strong>erit</strong></span> <span class='ocrx_word' id='word_1_274' title='bbox 312 3743 343 3796; x_wconf 90' lang='lat' dir='ltr'><strong>et</strong></span> <span class='ocrx_word' id='word_1_275' title='bbox 359 3744 500 3798; x_wconf 88' lang='lat' dir='ltr'><strong>ventrem</strong></span> <span class='ocrx_word' id='word_1_276' title='bbox 512 3744 543 3797; x_wconf 90' lang='lat' dir='ltr'><strong>et</strong></span> <span class='ocrx_word' id='word_1_277' title='bbox 560 3731 684 3798; x_wconf 83' lang='lat' dir='ltr'><strong>vulvam</strong></span> <span class='ocrx_word' id='word_1_278' title='bbox 701 3731 796 3799; x_wconf 86' lang='lat' dir='ltr'><strong>talem</strong></span> <span class='ocrx_word' id='word_1_279' title='bbox 812 3734 929 3821; x_wconf 86' lang='lat' dir='ltr'><strong>requiri</strong></span> <span class='ocrx_word' id='word_1_280' title='bbox 946 3734 997 3799; x_wconf 91' lang='lat' dir='ltr'><strong>cui</strong></span> <span class='ocrx_word' id='word_1_281' title='bbox 1014 3734 1273 3822; x_wconf 80' lang='lat' dir='ltr'><strong>convenire-pos·</strong></span> 
     </span>
    </p>

    <p class='ocr_par' dir='ltr' id='par_1_5' title="bbox 273 3859 467 3920">
     <span class='ocr_line' id='line_1_34' title="bbox 273 3859 467 3920; baseline -0.005 -14"><span class='ocrx_word' id='word_1_282' title='bbox 273 3859 358 3914; x_wconf 80' lang='lat' dir='ltr'><strong>¹Psal.</strong></span> <span class='ocrx_word' id='word_1_283' title='bbox 373 3873 432 3915; x_wconf 70' lang='lat' dir='ltr'><strong>run,</strong></span> <span class='ocrx_word' id='word_1_284' title='bbox 443 3859 467 3920; x_wconf 72' lang='grc'><strong>4.</strong></span> 
     </span>
    </p>
   </div>
   <div class='ocr_carea' id='block_1_4' title="bbox 0 0 1365 4624">
    <p class='ocr_par' dir='ltr' id='par_1_6' title="bbox 0 0 1365 4624">
     <span class='ocr_line' id='line_1_35' title="bbox 0 0 1365 4624; baseline 0 0"><span class='ocrx_word' id='word_1_285' title='bbox 0 0 1365 4624; x_wconf 95' lang='lat' dir='ltr'><strong> </strong></span> 
     </span>
    </p>
   </div>
  </div>
 </body>
</html>
