<?xml version="1.0" encoding="UTF-8"?>
<!DOCTYPE html PUBLIC "-//W3C//DTD XHTML 1.0 Transitional//EN"
    "http://www.w3.org/TR/xhtml1/DTD/xhtml1-transitional.dtd">
<html xmlns="http://www.w3.org/1999/xhtml" xml:lang="en" lang="en">
 <head>
  <title>
</title>
<meta http-equiv="Content-Type" content="text/html;charset=utf-8" />
  <meta name='ocr-system' content='tesseract 3.04.00' />
  <meta name='ocr-capabilities' content='ocr_page ocr_carea ocr_par ocr_line ocrx_word'/>
</head>
<body>
  <div class='ocr_page' id='page_1' title='image "./collectioselect01guilgoog_0604.png"; bbox 0 0 2748 4596; ppageno 0'>
   <div class='ocr_carea' id='block_1_1' title="bbox 208 195 800 270">
    <p class='ocr_par' dir='ltr' id='par_1_1' title="bbox 208 195 800 270">
     <span class='ocr_line' id='line_1_1' title="bbox 208 195 800 270; baseline 0.002 -14"><span class='ocrx_word' id='word_1_1' title='bbox 208 195 248 270; x_wconf 70' lang='lat' dir='ltr'><strong>sl,</strong></span> <span class='ocrx_word' id='word_1_2' title='bbox 657 215 800 258; x_wconf 83' lang='lat' dir='ltr'><strong>ourosrus</strong></span> 
     </span>
    </p>
   </div>
   <div class='ocr_carea' id='block_1_2' title="bbox 207 342 1250 548">
    <p class='ocr_par' dir='ltr' id='par_1_2' title="bbox 207 342 1250 548">
     <span class='ocr_line' id='line_1_2' title="bbox 207 342 1250 432; baseline -0.004 -22"><span class='ocrx_word' id='word_1_3' title='bbox 207 357 239 410; x_wconf 87' lang='lat' dir='ltr'><strong>et</strong></span> <span class='ocrx_word' id='word_1_4' title='bbox 262 343 368 412; x_wconf 78' lang='lat' dir='ltr'><strong>balteo</strong></span> <span class='ocrx_word' id='word_1_5' title='bbox 389 345 527 410; x_wconf 73' lang='lat' dir='ltr'><strong>veritatis</strong></span> <span class='ocrx_word' id='word_1_6' title='bbox 548 343 734 411; x_wconf 75' lang='lat' dir='ltr'><strong>exolvimus.</strong></span> <span class='ocrx_word' id='word_1_7' title='bbox 762 346 846 432; x_wconf 76' lang='lat' dir='ltr'><strong>Ergo</strong></span> <span class='ocrx_word' id='word_1_8' title='bbox 867 344 892 408; x_wconf 88' lang='lat' dir='ltr'><strong>si</strong></span> <span class='ocrx_word' id='word_1_9' title='bbox 912 342 1098 409; x_wconf 66' lang='lat' dir='ltr'><strong>inveritate</strong></span> <span class='ocrx_word' id='word_1_10' title='bbox 1119 363 1250 415; x_wconf 84' lang='lat' dir='ltr'><strong>sumus,</strong></span> 
     </span>
     <span class='ocr_line' id='line_1_3' title="bbox 208 449 1250 548; baseline -0.006 -30"><span class='ocrx_word' id='word_1_11' title='bbox 208 475 318 518; x_wconf 85' lang='lat' dir='ltr'><strong>sumus</strong></span> <span class='ocrx_word' id='word_1_12' title='bbox 333 451 428 520; x_wconf 88' lang='lat' dir='ltr'><strong>cincti</strong></span> <span class='ocrx_word' id='word_1_13' title='bbox 445 475 452 517; x_wconf 92' lang='lat'>:</span> <span class='ocrx_word' id='word_1_14' title='bbox 467 453 493 516; x_wconf 90' lang='lat' dir='ltr'><strong>si</strong></span> <span class='ocrx_word' id='word_1_15' title='bbox 509 475 583 516; x_wconf 84' lang='lat' dir='ltr'><strong>vero</strong></span> <span class='ocrx_word' id='word_1_16' title='bbox 596 453 628 517; x_wconf 95' lang='lat' dir='ltr'><strong>in</strong></span> <span class='ocrx_word' id='word_1_17' title='bbox 642 451 796 548; x_wconf 74' lang='lat' dir='ltr'><strong>salsitate,</strong></span> <span class='ocrx_word' id='word_1_18' title='bbox 814 451 970 518; x_wconf 76' lang='lat' dir='ltr'><strong>discincti.</strong></span> <span class='ocrx_word' id='word_1_19' title='bbox 990 450 1053 517; x_wconf 88' lang='lat' dir='ltr'><strong>Sed</strong></span> <span class='ocrx_word' id='word_1_20' title='bbox 1068 473 1127 516; x_wconf 86' lang='lat' dir='ltr'><strong>nos</strong></span> <span class='ocrx_word' id='word_1_21' title='bbox 1142 449 1250 514; x_wconf 84' lang='lat' dir='ltr'><strong>imite-</strong></span> 
     </span>
    </p>
   </div>
   <div class='ocr_carea' id='block_1_3' title="bbox 209 557 1274 3774">
    <p class='ocr_par' dir='ltr' id='par_1_3' title="bbox 209 557 1274 3774">
     <span class='ocr_line' id='line_1_4' title="bbox 209 557 1252 649; baseline -0.006 -23"><span class='ocrx_word' id='word_1_22' title='bbox 209 583 283 626; x_wconf 87' lang='lat' dir='ltr'><strong>mur</strong></span> <span class='ocrx_word' id='word_1_23' title='bbox 297 559 403 648; x_wconf 91' lang='lat' dir='ltr'><strong>potius</strong></span> <span class='ocrx_word' id='word_1_24' title='bbox 419 559 494 625; x_wconf 88' lang='lat' dir='ltr'><strong>istos</strong></span> <span class='ocrx_word' id='word_1_25' title='bbox 509 560 717 649; x_wconf 78' lang='lat' dir='ltr'><strong>quadraginta</strong></span> <span class='ocrx_word' id='word_1_26' title='bbox 734 557 832 624; x_wconf 82' lang='lat' dir='ltr'><strong>millia</strong></span> <span class='ocrx_word' id='word_1_27' title='bbox 852 559 935 624; x_wconf 77' lang='lat' dir='ltr'><strong>virus</strong></span> <span class='ocrx_word' id='word_1_28' title='bbox 954 559 1114 625; x_wconf 79' lang='lat' dir='ltr'><strong>accinctos</strong></span> <span class='ocrx_word' id='word_1_29' title='bbox 1136 579 1252 646; x_wconf 83' lang='lat' dir='ltr'><strong>proce-</strong></span> 
     </span>
     <span class='ocr_line' id='line_1_5' title="bbox 210 665 1250 756; baseline -0.009 -20"><span class='ocrx_word' id='word_1_30' title='bbox 210 669 321 736; x_wconf 89' lang='lat' dir='ltr'><strong>dentes</strong></span> <span class='ocrx_word' id='word_1_31' title='bbox 336 668 379 734; x_wconf 83' lang='lat' dir='ltr'><strong>ub</strong></span> <span class='ocrx_word' id='word_1_32' title='bbox 394 665 511 732; x_wconf 88' lang='lat' dir='ltr'><strong>beilum</strong></span> <span class='ocrx_word' id='word_1_33' title='bbox 528 668 561 732; x_wconf 89' lang='lat' dir='ltr'><strong>iu</strong></span> <span class='ocrx_word' id='word_1_34' title='bbox 576 679 750 756; x_wconf 83' lang='lat' dir='ltr'><strong>conspectu</strong></span> <span class='ocrx_word' id='word_1_35' title='bbox 767 667 894 732; x_wconf 86' lang='lat' dir='ltr'><strong>Domini</strong></span> <span class='ocrx_word' id='word_1_36' title='bbox 906 715 915 742; x_wconf 89' lang='lat'>,</span> <span class='ocrx_word' id='word_1_37' title='bbox 928 679 960 732; x_wconf 80' lang='lat' dir='ltr'><strong>ct</strong></span> <span class='ocrx_word' id='word_1_38' title='bbox 972 689 1097 756; x_wconf 85' lang='lat' dir='ltr'><strong>sempor</strong></span> <span class='ocrx_word' id='word_1_39' title='bbox 1109 667 1207 730; x_wconf 90' lang='lat' dir='ltr'><strong>simus</strong></span> <span class='ocrx_word' id='word_1_40' title='bbox 1218 665 1250 728; x_wconf 82' lang='lat' dir='ltr'><strong>in</strong></span> 
     </span>
     <span class='ocr_line' id='line_1_6' title="bbox 210 767 1252 861; baseline -0.005 -24"><span class='ocrx_word' id='word_1_41' title='bbox 210 773 341 838; x_wconf 77' lang='lat' dir='ltr'><strong>veritate</strong></span> <span class='ocrx_word' id='word_1_42' title='bbox 353 770 520 838; x_wconf 74' lang='lat' dir='ltr'><strong>succincti.</strong></span> <span class='ocrx_word' id='word_1_43' title='bbox 534 772 598 838; x_wconf 87' lang='lat' dir='ltr'><strong>Sed</strong></span> <span class='ocrx_word' id='word_1_44' title='bbox 610 796 650 838; x_wconf 86' lang='lat' dir='ltr'><strong>nu</strong></span> <span class='ocrx_word' id='word_1_45' title='bbox 658 771 736 838; x_wconf 88' lang='lat' dir='ltr'><strong>iliud</strong></span> <span class='ocrx_word' id='word_1_46' title='bbox 747 772 875 860; x_wconf 86' lang='lat' dir='ltr'><strong>quidem</strong></span> <span class='ocrx_word' id='word_1_47' title='bbox 890 772 989 837; x_wconf 89' lang='lat' dir='ltr'><strong>otiose</strong></span> <span class='ocrx_word' id='word_1_48' title='bbox 1000 784 1156 861; x_wconf 82' lang='lat' dir='ltr'><strong>proetereo</strong></span> <span class='ocrx_word' id='word_1_49' title='bbox 1167 767 1252 856; x_wconf 87' lang='lat' dir='ltr'><strong>quud</strong></span> 
     </span>
     <span class='ocr_line' id='line_1_7' title="bbox 213 877 1253 967; baseline -0.006 -22"><span class='ocrx_word' id='word_1_50' title='bbox 213 880 300 945; x_wconf 86' lang='lat' dir='ltr'><strong>sddit</strong></span> <span class='ocrx_word' id='word_1_51' title='bbox 315 879 478 967; x_wconf 76' lang='lat' dir='ltr'><strong>Scriptura</strong></span> <span class='ocrx_word' id='word_1_52' title='bbox 488 927 499 954; x_wconf 86' lang='lat'>,</span> <span class='ocrx_word' id='word_1_53' title='bbox 509 879 587 966; x_wconf 30' lang='lat' dir='ltr'><strong>*quia</strong></span> <span class='ocrx_word' id='word_1_54' title='bbox 604 879 738 946; x_wconf 83' lang='lat' dir='ltr'><strong>accincti</strong></span> <span class='ocrx_word' id='word_1_55' title='bbox 753 879 933 967; x_wconf 83' lang='lat' dir='ltr'><strong>procedunt</strong></span> <span class='ocrx_word' id='word_1_56' title='bbox 948 880 980 944; x_wconf 91' lang='lat' dir='ltr'><strong>in</strong></span> <span class='ocrx_word' id='word_1_57' title='bbox 997 890 1174 967; x_wconf 86' lang='lat' dir='ltr'><strong>conspectu</strong></span> <span class='ocrx_word' id='word_1_58' title='bbox 1188 877 1253 940; x_wconf 88' lang='lat' dir='ltr'><strong>Do-</strong></span> 
     </span>
     <span class='ocr_line' id='line_1_8' title="bbox 211 985 1252 1075; baseline -0.009 -20"><span class='ocrx_word' id='word_1_59' title='bbox 211 988 302 1056; x_wconf 87' lang='lat' dir='ltr'><strong>mini.</strong></span> <span class='ocrx_word' id='word_1_60' title='bbox 328 987 398 1052; x_wconf 91' lang='lat' dir='ltr'><strong>Non</strong></span> <span class='ocrx_word' id='word_1_61' title='bbox 420 987 505 1052; x_wconf 87' lang='lat' dir='ltr'><strong>enim</strong></span> <span class='ocrx_word' id='word_1_62' title='bbox 529 986 646 1055; x_wconf 84' lang='lat' dir='ltr'><strong>sufficit</strong></span> <span class='ocrx_word' id='word_1_63' title='bbox 669 999 701 1051; x_wconf 89' lang='lat' dir='ltr'><strong>te</strong></span> <span class='ocrx_word' id='word_1_64' title='bbox 726 988 810 1075; x_wconf 79' lang='lat' dir='ltr'><strong>apud</strong></span> <span class='ocrx_word' id='word_1_65' title='bbox 833 988 978 1052; x_wconf 87' lang='lat' dir='ltr'><strong>homines</strong></span> <span class='ocrx_word' id='word_1_66' title='bbox 1003 985 1104 1051; x_wconf 85' lang='lat' dir='ltr'><strong>videri</strong></span> <span class='ocrx_word' id='word_1_67' title='bbox 1128 1005 1252 1048; x_wconf 79' lang='lat' dir='ltr'><strong>servare</strong></span> 
     </span>
     <span class='ocr_line' id='line_1_9' title="bbox 213 1093 1254 1182; baseline -0.005 -21"><span class='ocrx_word' id='word_1_68' title='bbox 213 1096 390 1161; x_wconf 82' lang='lat' dir='ltr'><strong>veritatem.</strong></span> <span class='ocrx_word' id='word_1_69' title='bbox 411 1093 562 1161; x_wconf 86' lang='lat' dir='ltr'><strong>Possibile</strong></span> <span class='ocrx_word' id='word_1_70' title='bbox 577 1118 716 1182; x_wconf 82' lang='lat' dir='ltr'><strong>namque</strong></span> <span class='ocrx_word' id='word_1_71' title='bbox 733 1108 781 1160; x_wconf 90' lang='lat' dir='ltr'><strong>est</strong></span> <span class='ocrx_word' id='word_1_72' title='bbox 799 1093 906 1160; x_wconf 83' lang='lat' dir='ltr'><strong>saliere</strong></span> <span class='ocrx_word' id='word_1_73' title='bbox 926 1095 1091 1176; x_wconf 81' lang='lat' dir='ltr'><strong>homines,</strong></span> <span class='ocrx_word' id='word_1_74' title='bbox 1111 1105 1145 1158; x_wconf 89' lang='lat' dir='ltr'><strong>et</strong></span> <span class='ocrx_word' id='word_1_75' title='bbox 1165 1115 1254 1158; x_wconf 81' lang='lat' dir='ltr'><strong>vera-</strong></span> 
     </span>
     <span class='ocr_line' id='line_1_10' title="bbox 214 1201 1255 1280; baseline -0.009 -10"><span class='ocrx_word' id='word_1_76' title='bbox 214 1225 286 1270; x_wconf 87' lang='lat' dir='ltr'><strong>cem</strong></span> <span class='ocrx_word' id='word_1_77' title='bbox 303 1202 421 1280; x_wconf 82' lang='lat' dir='ltr'><strong>videri,</strong></span> <span class='ocrx_word' id='word_1_78' title='bbox 437 1201 494 1268; x_wconf 91' lang='lat' dir='ltr'><strong>sed</strong></span> <span class='ocrx_word' id='word_1_79' title='bbox 507 1225 573 1267; x_wconf 86' lang='lat' dir='ltr'><strong>uon</strong></span> <span class='ocrx_word' id='word_1_80' title='bbox 584 1225 623 1268; x_wconf 82' lang='lat' dir='ltr'><strong>ex</strong></span> <span class='ocrx_word' id='word_1_81' title='bbox 637 1227 676 1268; x_wconf 89' lang='lat' dir='ltr'><strong>eo</strong></span> <span class='ocrx_word' id='word_1_82' title='bbox 691 1203 723 1268; x_wconf 95' lang='lat' dir='ltr'><strong>in</strong></span> <span class='ocrx_word' id='word_1_83' title='bbox 739 1203 870 1268; x_wconf 80' lang='lat' dir='ltr'><strong>veritate</strong></span> <span class='ocrx_word' id='word_1_84' title='bbox 885 1203 1067 1270; x_wconf 83' lang='lat' dir='ltr'><strong>succinctus</strong></span> <span class='ocrx_word' id='word_1_85' title='bbox 1079 1224 1134 1277; x_wconf 90' lang='lat' dir='ltr'><strong>es,</strong></span> <span class='ocrx_word' id='word_1_86' title='bbox 1155 1201 1214 1265; x_wconf 89' lang='lat' dir='ltr'><strong>nisi</strong></span> <span class='ocrx_word' id='word_1_87' title='bbox 1225 1211 1255 1262; x_wconf 87' lang='lat' dir='ltr'><strong>et</strong></span> 
     </span>
     <span class='ocr_line' id='line_1_11' title="bbox 214 1310 1257 1399; baseline -0.008 -21"><span class='ocrx_word' id='word_1_88' title='bbox 214 1312 248 1378; x_wconf 90' lang='lat' dir='ltr'><strong>in</strong></span> <span class='ocrx_word' id='word_1_89' title='bbox 264 1321 437 1399; x_wconf 88' lang='lat' dir='ltr'><strong>conspectu</strong></span> <span class='ocrx_word' id='word_1_90' title='bbox 457 1310 585 1376; x_wconf 88' lang='lat' dir='ltr'><strong>Domini</strong></span> <span class='ocrx_word' id='word_1_91' title='bbox 601 1312 772 1377; x_wconf 73' lang='lat' dir='ltr'><strong>servaveris</strong></span> <span class='ocrx_word' id='word_1_92' title='bbox 796 1311 978 1388; x_wconf 79' lang='lat' dir='ltr'><strong>veritatem,</strong></span> <span class='ocrx_word' id='word_1_93' title='bbox 997 1310 1112 1385; x_wconf 88' lang='lat' dir='ltr'><strong>idest,</strong></span> <span class='ocrx_word' id='word_1_94' title='bbox 1131 1330 1198 1373; x_wconf 92' lang='lat' dir='ltr'><strong>non</strong></span> <span class='ocrx_word' id='word_1_95' title='bbox 1213 1329 1257 1370; x_wconf 74' lang='lat' dir='ltr'><strong>so</strong></span> 
     </span>
     <span class='ocr_line' id='line_1_12' title="bbox 215 1415 1257 1509; baseline -0.006 -24"><span class='ocrx_word' id='word_1_96' title='bbox 215 1418 283 1486; x_wconf 87' lang='lat' dir='ltr'><strong>lum</strong></span> <span class='ocrx_word' id='word_1_97' title='bbox 304 1443 374 1509; x_wconf 84' lang='lat' dir='ltr'><strong>quae</strong></span> <span class='ocrx_word' id='word_1_98' title='bbox 394 1442 471 1485; x_wconf 87' lang='lat' dir='ltr'><strong>voce</strong></span> <span class='ocrx_word' id='word_1_99' title='bbox 493 1419 639 1486; x_wconf 89' lang='lat' dir='ltr'><strong>homines</strong></span> <span class='ocrx_word' id='word_1_100' title='bbox 662 1419 816 1494; x_wconf 82' lang='lat' dir='ltr'><strong>audiunt,</strong></span> <span class='ocrx_word' id='word_1_101' title='bbox 839 1420 943 1486; x_wconf 88' lang='lat' dir='ltr'><strong>sedet</strong></span> <span class='ocrx_word' id='word_1_102' title='bbox 958 1443 994 1485; x_wconf 85' lang='lat' dir='ltr'><strong>eu</strong></span> <span class='ocrx_word' id='word_1_103' title='bbox 1016 1442 1088 1506; x_wconf 83' lang='lat' dir='ltr'><strong>quae</strong></span> <span class='ocrx_word' id='word_1_104' title='bbox 1108 1417 1142 1482; x_wconf 92' lang='lat' dir='ltr'><strong>in</strong></span> <span class='ocrx_word' id='word_1_105' title='bbox 1162 1415 1257 1481; x_wconf 86' lang='lat' dir='ltr'><strong>corde</strong></span> 
     </span>
     <span class='ocr_line' id='line_1_13' title="bbox 216 1524 1257 1616; baseline -0.006 -23"><span class='ocrx_word' id='word_1_106' title='bbox 216 1528 368 1616; x_wconf 80' lang='lat' dir='ltr'><strong>perspicit</strong></span> <span class='ocrx_word' id='word_1_107' title='bbox 381 1527 487 1604; x_wconf 90' lang='lat' dir='ltr'><strong>Deus,</strong></span> <span class='ocrx_word' id='word_1_108' title='bbox 511 1538 546 1590; x_wconf 87' lang='lat' dir='ltr'><strong>ut</strong></span> <span class='ocrx_word' id='word_1_109' title='bbox 560 1525 639 1593; x_wconf 90' lang='lat' dir='ltr'><strong>nihil</strong></span> <span class='ocrx_word' id='word_1_110' title='bbox 662 1527 701 1592; x_wconf 90' lang='lat' dir='ltr'><strong>sit</strong></span> <span class='ocrx_word' id='word_1_111' title='bbox 722 1527 754 1593; x_wconf 92' lang='lat' dir='ltr'><strong>iu</strong></span> <span class='ocrx_word' id='word_1_112' title='bbox 777 1527 873 1593; x_wconf 83' lang='lat' dir='ltr'><strong>corde</strong></span> <span class='ocrx_word' id='word_1_113' title='bbox 896 1527 1058 1602; x_wconf 83' lang='lat' dir='ltr'><strong>sucatum,</strong></span> <span class='ocrx_word' id='word_1_114' title='bbox 1081 1524 1257 1592; x_wconf 87' lang='lat' dir='ltr'><strong>secundum</strong></span> 
     </span>
     <span class='ocr_line' id='line_1_14' title="bbox 218 1633 1256 1724; baseline -0.008 -23"><span class='ocrx_word' id='word_1_115' title='bbox 218 1636 303 1724; x_wconf 90' lang='lat' dir='ltr'><strong>quod</strong></span> <span class='ocrx_word' id='word_1_116' title='bbox 325 1634 484 1723; x_wconf 76' lang='lat' dir='ltr'><strong>Propheta</strong></span> <span class='ocrx_word' id='word_1_117' title='bbox 508 1633 585 1700; x_wconf 91' lang='lat' dir='ltr'><strong>dicit</strong></span> <span class='ocrx_word' id='word_1_118' title='bbox 607 1633 646 1698; x_wconf 88' lang='lat' dir='ltr'><strong>do</strong></span> <span class='ocrx_word' id='word_1_119' title='bbox 669 1633 809 1702; x_wconf 79' lang='lat' dir='ltr'><strong>talibus:</strong></span> <span class='ocrx_word' id='word_1_120' title='bbox 835 1633 927 1712; x_wconf 82' lang='lat' dir='ltr'><strong>‹Qui</strong></span> <span class='ocrx_word' id='word_1_121' title='bbox 949 1633 1127 1721; x_wconf 91' lang='lat' dir='ltr'><strong>loquuntur</strong></span> <span class='ocrx_word' id='word_1_122' title='bbox 1148 1651 1256 1718; x_wconf 74' lang='lat' dir='ltr'><strong>pacem</strong></span> 
     </span>
     <span class='ocr_line' id='line_1_15' title="bbox 220 1736 1247 1831; baseline -0.005 -24"><span class='ocrx_word' id='word_1_123' title='bbox 220 1766 316 1809; x_wconf 74' lang='lat' dir='ltr'><strong>»cum</strong></span> <span class='ocrx_word' id='word_1_124' title='bbox 327 1743 472 1831; x_wconf 84' lang='lat' dir='ltr'><strong>proximo</strong></span> <span class='ocrx_word' id='word_1_125' title='bbox 483 1764 540 1808; x_wconf 87' lang='lat' dir='ltr'><strong>suo</strong></span> <span class='ocrx_word' id='word_1_126' title='bbox 550 1791 559 1818; x_wconf 88' lang='lat'><strong>,</strong></span> <span class='ocrx_word' id='word_1_127' title='bbox 571 1741 654 1808; x_wconf 83' lang='lat' dir='ltr'><strong>mula</strong></span> <span class='ocrx_word' id='word_1_128' title='bbox 667 1753 773 1807; x_wconf 80' lang='lat' dir='ltr'><strong>autem</strong></span> <span class='ocrx_word' id='word_1_129' title='bbox 785 1753 858 1808; x_wconf 88' lang='lat' dir='ltr'><strong>sunt</strong></span> <span class='ocrx_word' id='word_1_130' title='bbox 870 1741 902 1806; x_wconf 94' lang='lat' dir='ltr'><strong>in</strong></span> <span class='ocrx_word' id='word_1_131' title='bbox 915 1741 1065 1808; x_wconf 86' lang='lat' dir='ltr'><strong>cordibus</strong></span> <span class='ocrx_word' id='word_1_132' title='bbox 1077 1762 1190 1805; x_wconf 90' lang='lat' dir='ltr'><strong>eorum</strong></span> <span class='ocrx_word' id='word_1_133' title='bbox 1201 1736 1218 1799; x_wconf 83' lang='lat'><strong>¹.</strong></span> <span class='ocrx_word' id='word_1_134' title='bbox 1233 1763 1247 1794; x_wconf 72' lang='lat' dir='ltr'><strong>s</strong></span> 
     </span>
     <span class='ocr_line' id='line_1_16' title="bbox 220 1844 1254 1938; baseline -0.011 -20"><span class='ocrx_word' id='word_1_135' title='bbox 220 1852 348 1938; x_wconf 83' lang='lat' dir='ltr'><strong>Absque</strong></span> <span class='ocrx_word' id='word_1_136' title='bbox 363 1849 411 1915; x_wconf 89' lang='lat' dir='ltr'><strong>his</strong></span> <span class='ocrx_word' id='word_1_137' title='bbox 426 1872 502 1937; x_wconf 76' lang='lat' dir='ltr'><strong>crgo</strong></span> <span class='ocrx_word' id='word_1_138' title='bbox 520 1849 667 1914; x_wconf 84' lang='lat' dir='ltr'><strong>omnibus</strong></span> <span class='ocrx_word' id='word_1_139' title='bbox 685 1873 753 1916; x_wconf 89' lang='lat' dir='ltr'><strong>esse</strong></span> <span class='ocrx_word' id='word_1_140' title='bbox 768 1849 863 1914; x_wconf 86' lang='lat' dir='ltr'><strong>dehet</strong></span> <span class='ocrx_word' id='word_1_141' title='bbox 879 1850 934 1938; x_wconf 91' lang='lat' dir='ltr'><strong>qui</strong></span> <span class='ocrx_word' id='word_1_142' title='bbox 955 1846 1021 1914; x_wconf 88' lang='lat' dir='ltr'><strong>vult</strong></span> <span class='ocrx_word' id='word_1_143' title='bbox 1043 1848 1206 1915; x_wconf 76' lang='lat' dir='ltr'><strong>accinctus</strong></span> <span class='ocrx_word' id='word_1_144' title='bbox 1221 1844 1254 1908; x_wconf 89' lang='lat' dir='ltr'><strong>in</strong></span> 
     </span>
     <span class='ocr_line' id='line_1_17' title="bbox 222 1953 1258 2047; baseline -0.007 -23"><span class='ocrx_word' id='word_1_145' title='bbox 222 1969 394 2046; x_wconf 88' lang='lat' dir='ltr'><strong>conspectu</strong></span> <span class='ocrx_word' id='word_1_146' title='bbox 405 1956 533 2022; x_wconf 87' lang='lat' dir='ltr'><strong>Domini</strong></span> <span class='ocrx_word' id='word_1_147' title='bbox 545 1957 719 2047; x_wconf 85' lang='lat' dir='ltr'><strong>procedere</strong></span> <span class='ocrx_word' id='word_1_148' title='bbox 730 1958 769 2024; x_wconf 85' lang='lat' dir='ltr'><strong>nd</strong></span> <span class='ocrx_word' id='word_1_149' title='bbox 782 1955 1024 2046; x_wconf 79' lang='lat' dir='ltr'><strong>expugnandum</strong></span> <span class='ocrx_word' id='word_1_150' title='bbox 1033 1954 1180 2025; x_wconf 67' lang='lat' dir='ltr'><strong>saricho,</strong></span> <span class='ocrx_word' id='word_1_151' title='bbox 1190 1953 1258 2040; x_wconf 79' lang='lat' dir='ltr'><strong>quin</strong></span> 
     </span>
     <span class='ocr_line' id='line_1_18' title="bbox 221 2060 1261 2152; baseline -0.004 -24"><span class='ocrx_word' id='word_1_152' title='bbox 221 2075 420 2128; x_wconf 81' lang='lat' dir='ltr'><strong>transeuntes</strong></span> <span class='ocrx_word' id='word_1_153' title='bbox 435 2063 608 2128; x_wconf 82' lang='lat' dir='ltr'><strong>dordaucnr</strong></span> <span class='ocrx_word' id='word_1_154' title='bbox 629 2062 762 2130; x_wconf 85' lang='lat' dir='ltr'><strong>ssuvium</strong></span> <span class='ocrx_word' id='word_1_155' title='bbox 789 2064 830 2130; x_wconf 85' lang='lat' dir='ltr'><strong>ud</strong></span> <span class='ocrx_word' id='word_1_156' title='bbox 851 2087 971 2152; x_wconf 78' lang='lat' dir='ltr'><strong>pugnas</strong></span> <span class='ocrx_word' id='word_1_157' title='bbox 992 2061 1125 2128; x_wconf 77' lang='lat' dir='ltr'><strong>ethelin</strong></span> <span class='ocrx_word' id='word_1_158' title='bbox 1147 2060 1261 2126; x_wconf 74' lang='lat' dir='ltr'><strong>transi·</strong></span> 
     </span>
     <span class='ocr_line' id='line_1_19' title="bbox 224 2171 1262 2262; baseline -0.002 -24"><span class='ocrx_word' id='word_1_159' title='bbox 224 2195 306 2238; x_wconf 88' lang='lat' dir='ltr'><strong>mus.</strong></span> <span class='ocrx_word' id='word_1_160' title='bbox 327 2171 380 2240; x_wconf 90' lang='lat' dir='ltr'><strong>Vis</strong></span> <span class='ocrx_word' id='word_1_161' title='bbox 401 2172 516 2237; x_wconf 89' lang='lat' dir='ltr'><strong>iterum</strong></span> <span class='ocrx_word' id='word_1_162' title='bbox 538 2172 659 2238; x_wconf 81' lang='lat' dir='ltr'><strong>discere</strong></span> <span class='ocrx_word' id='word_1_163' title='bbox 675 2195 745 2260; x_wconf 74' lang='lat' dir='ltr'><strong>quse</strong></span> <span class='ocrx_word' id='word_1_164' title='bbox 759 2196 817 2238; x_wconf 90' lang='lat' dir='ltr'><strong>nos</strong></span> <span class='ocrx_word' id='word_1_165' title='bbox 832 2196 946 2262; x_wconf 73' lang='lat' dir='ltr'><strong>pugnus</strong></span> <span class='ocrx_word' id='word_1_166' title='bbox 961 2184 1032 2262; x_wconf 91' lang='lat' dir='ltr'><strong>post</strong></span> <span class='ocrx_word' id='word_1_167' title='bbox 1045 2173 1262 2260; x_wconf 80' lang='lat' dir='ltr'><strong>baptismum,</strong></span> 
     </span>
     <span class='ocr_line' id='line_1_20' title="bbox 225 2278 1264 2369; baseline -0.003 -23"><span class='ocrx_word' id='word_1_168' title='bbox 225 2303 295 2369; x_wconf 82' lang='lat' dir='ltr'><strong>quae</strong></span> <span class='ocrx_word' id='word_1_169' title='bbox 311 2278 393 2346; x_wconf 83' lang='lat' dir='ltr'><strong>belia</strong></span> <span class='ocrx_word' id='word_1_170' title='bbox 410 2280 607 2369; x_wconf 77' lang='lat' dir='ltr'><strong>suscipiuntiJ</strong></span> <span class='ocrx_word' id='word_1_171' title='bbox 623 2279 692 2346; x_wconf 86' lang='lat' dir='ltr'><strong>Noli</strong></span> <span class='ocrx_word' id='word_1_172' title='bbox 709 2305 726 2346; x_wconf 83' lang='lat' dir='ltr'>a</span> <span class='ocrx_word' id='word_1_173' title='bbox 742 2305 812 2356; x_wconf 86' lang='lat' dir='ltr'><strong>mo,</strong></span> <span class='ocrx_word' id='word_1_174' title='bbox 831 2282 886 2348; x_wconf 89' lang='lat' dir='ltr'><strong>sed</strong></span> <span class='ocrx_word' id='word_1_175' title='bbox 904 2284 944 2346; x_wconf 85' lang='lat' dir='ltr'><strong>ub</strong></span> <span class='ocrx_word' id='word_1_176' title='bbox 963 2282 1032 2369; x_wconf 89' lang='lat' dir='ltr'><strong>ipso</strong></span> <span class='ocrx_word' id='word_1_177' title='bbox 1050 2303 1162 2346; x_wconf 90' lang='lat' dir='ltr'><strong>rursus</strong></span> <span class='ocrx_word' id='word_1_178' title='bbox 1177 2279 1264 2344; x_wconf 82' lang='lat' dir='ltr'><strong>disee</strong></span> 
     </span>
     <span class='ocr_line' id='line_1_21' title="bbox 226 2386 1266 2477; baseline -0.004 -23"><span class='ocrx_word' id='word_1_179' title='bbox 226 2386 513 2477; x_wconf 75' lang='lat' dir='ltr'><strong>ApostoioPau103</strong></span> <span class='ocrx_word' id='word_1_180' title='bbox 539 2389 605 2476; x_wconf 88' lang='lat' dir='ltr'><strong>ipse</strong></span> <span class='ocrx_word' id='word_1_181' title='bbox 627 2400 660 2454; x_wconf 90' lang='lat' dir='ltr'><strong>te</strong></span> <span class='ocrx_word' id='word_1_182' title='bbox 678 2388 771 2455; x_wconf 86' lang='lat' dir='ltr'><strong>dooet</strong></span> <span class='ocrx_word' id='word_1_183' title='bbox 790 2389 919 2456; x_wconf 86' lang='lat' dir='ltr'><strong>dicens:</strong></span> <span class='ocrx_word' id='word_1_184' title='bbox 942 2417 954 2450; x_wconf 77' lang='grc' dir='ltr'><strong><em>ι</em></strong></span> <span class='ocrx_word' id='word_1_185' title='bbox 974 2389 1045 2456; x_wconf 90' lang='lat' dir='ltr'><strong>Non</strong></span> <span class='ocrx_word' id='word_1_186' title='bbox 1063 2390 1152 2455; x_wconf 87' lang='lat' dir='ltr'><strong>enim</strong></span> <span class='ocrx_word' id='word_1_187' title='bbox 1175 2387 1266 2453; x_wconf 86' lang='lat' dir='ltr'><strong>nobis</strong></span> 
     </span>
     <span class='ocr_line' id='line_1_22' title="bbox 228 2497 1266 2586; baseline 0 -28"><span class='ocrx_word' id='word_1_188' title='bbox 228 2520 355 2586; x_wconf 74' lang='lat' dir='ltr'><strong>»pugne</strong></span> <span class='ocrx_word' id='word_1_189' title='bbox 374 2507 422 2560; x_wconf 85' lang='lat' dir='ltr'><strong>est</strong></span> <span class='ocrx_word' id='word_1_190' title='bbox 442 2497 590 2562; x_wconf 82' lang='lat' dir='ltr'><strong>adversus</strong></span> <span class='ocrx_word' id='word_1_191' title='bbox 611 2519 740 2564; x_wconf 84' lang='lat' dir='ltr'><strong>curnem</strong></span> <span class='ocrx_word' id='word_1_192' title='bbox 759 2509 791 2562; x_wconf 86' lang='lat' dir='ltr'><strong>et</strong></span> <span class='ocrx_word' id='word_1_193' title='bbox 808 2499 1011 2586; x_wconf 78' lang='lat' dir='ltr'><strong>sanguinem,</strong></span> <span class='ocrx_word' id='word_1_194' title='bbox 1037 2499 1094 2562; x_wconf 90' lang='lat' dir='ltr'><strong>sed</strong></span> <span class='ocrx_word' id='word_1_195' title='bbox 1117 2499 1266 2562; x_wconf 66' lang='lat' dir='ltr'><strong>silves-sus</strong></span> 
     </span>
     <span class='ocr_line' id='line_1_23' title="bbox 227 2601 1265 2694; baseline -0.005 -24"><span class='ocrx_word' id='word_1_196' title='bbox 227 2605 461 2694; x_wconf 75' lang='lat' dir='ltr'><strong>»principatus,</strong></span> <span class='ocrx_word' id='word_1_197' title='bbox 475 2615 507 2668; x_wconf 89' lang='lat' dir='ltr'><strong>et</strong></span> <span class='ocrx_word' id='word_1_198' title='bbox 520 2604 667 2670; x_wconf 81' lang='lat' dir='ltr'><strong>adversus</strong></span> <span class='ocrx_word' id='word_1_199' title='bbox 679 2616 866 2693; x_wconf 78' lang='lat' dir='ltr'><strong>potestates,</strong></span> <span class='ocrx_word' id='word_1_200' title='bbox 883 2605 1033 2672; x_wconf 81' lang='lat' dir='ltr'><strong>adversus</strong></span> <span class='ocrx_word' id='word_1_201' title='bbox 1044 2604 1143 2692; x_wconf 80' lang='lat' dir='ltr'><strong>hujus</strong></span> <span class='ocrx_word' id='word_1_202' title='bbox 1155 2601 1265 2669; x_wconf 92' lang='lat' dir='ltr'><strong>mundi</strong></span> 
     </span>
     <span class='ocr_line' id='line_1_24' title="bbox 229 2711 1267 2802; baseline -0.005 -22"><span class='ocrx_word' id='word_1_203' title='bbox 229 2726 390 2780; x_wconf 74' lang='lat' dir='ltr'><strong>»rectores</strong></span> <span class='ocrx_word' id='word_1_204' title='bbox 407 2714 611 2780; x_wconf 80' lang='lat' dir='ltr'><strong>tenebrarum</strong></span> <span class='ocrx_word' id='word_1_205' title='bbox 628 2711 764 2790; x_wconf 83' lang='lat' dir='ltr'><strong>herum,</strong></span> <span class='ocrx_word' id='word_1_206' title='bbox 787 2715 934 2778; x_wconf 83' lang='lat' dir='ltr'><strong>adversus</strong></span> <span class='ocrx_word' id='word_1_207' title='bbox 950 2713 1100 2802; x_wconf 77' lang='lat' dir='ltr'><strong>spiritulia</strong></span> <span class='ocrx_word' id='word_1_208' title='bbox 1118 2713 1267 2799; x_wconf 68' lang='lat' dir='ltr'><strong>nequitia</strong></span> 
     </span>
     <span class='ocr_line' id='line_1_25' title="bbox 231 2819 1265 2910; baseline -0.002 -26"><span class='ocrx_word' id='word_1_209' title='bbox 231 2823 285 2888; x_wconf 75' lang='lat' dir='ltr'><strong>sin</strong></span> <span class='ocrx_word' id='word_1_210' title='bbox 300 2819 480 2888; x_wconf 87' lang='lat' dir='ltr'><strong>coelestibus</strong></span> <span class='ocrx_word' id='word_1_211' title='bbox 490 2819 513 2886; x_wconf 85' lang='lat'><strong>².</strong></span> <span class='ocrx_word' id='word_1_212' title='bbox 532 2849 544 2881; x_wconf 75' lang='grc' dir='ltr'><strong>ι</strong></span> <span class='ocrx_word' id='word_1_213' title='bbox 564 2821 689 2886; x_wconf 84' lang='lat' dir='ltr'><strong>Formae</strong></span> <span class='ocrx_word' id='word_1_214' title='bbox 704 2833 823 2887; x_wconf 90' lang='lat' dir='ltr'><strong>suntet</strong></span> <span class='ocrx_word' id='word_1_215' title='bbox 838 2821 946 2910; x_wconf 76' lang='lat' dir='ltr'><strong>tigurse</strong></span> <span class='ocrx_word' id='word_1_216' title='bbox 962 2845 1032 2909; x_wconf 85' lang='lat' dir='ltr'><strong>quae</strong></span> <span class='ocrx_word' id='word_1_217' title='bbox 1048 2822 1166 2909; x_wconf 82' lang='lat' dir='ltr'><strong>scriptu</strong></span> <span class='ocrx_word' id='word_1_218' title='bbox 1181 2832 1265 2884; x_wconf 87' lang='lat' dir='ltr'><strong>sunt.</strong></span> 
     </span>
     <span class='ocr_line' id='line_1_26' title="bbox 231 2927 1269 3018; baseline -0.002 -24"><span class='ocrx_word' id='word_1_219' title='bbox 231 2931 278 2994; x_wconf 85' lang='lat' dir='ltr'><strong>itu</strong></span> <span class='ocrx_word' id='word_1_220' title='bbox 290 2930 374 2994; x_wconf 89' lang='lat' dir='ltr'><strong>enim</strong></span> <span class='ocrx_word' id='word_1_221' title='bbox 387 2929 463 2994; x_wconf 86' lang='lat' dir='ltr'><strong>dicit</strong></span> <span class='ocrx_word' id='word_1_222' title='bbox 475 2927 644 3018; x_wconf 83' lang='lat' dir='ltr'><strong>Apostolus</strong></span> <span class='ocrx_word' id='word_1_223' title='bbox 657 2952 665 2994; x_wconf 91' lang='lat'>:</span> <span class='ocrx_word' id='word_1_224' title='bbox 689 2930 787 2994; x_wconf 80' lang='lat' dir='ltr'><strong>«Haec</strong></span> <span class='ocrx_word' id='word_1_225' title='bbox 802 2930 888 2995; x_wconf 89' lang='lat' dir='ltr'><strong>enim</strong></span> <span class='ocrx_word' id='word_1_226' title='bbox 901 2929 1006 2994; x_wconf 82' lang='lat' dir='ltr'><strong>omniu</strong></span> <span class='ocrx_word' id='word_1_227' title='bbox 1022 2929 1054 2994; x_wconf 89' lang='lat' dir='ltr'><strong>iu</strong></span> <span class='ocrx_word' id='word_1_228' title='bbox 1069 2928 1173 3017; x_wconf 81' lang='lat' dir='ltr'><strong>figura</strong></span> <span class='ocrx_word' id='word_1_229' title='bbox 1188 2951 1269 2993; x_wconf 89' lang='lat' dir='ltr'><strong>con-</strong></span> 
     </span>
     <span class='ocr_line' id='line_1_27' title="bbox 232 3037 1270 3126; baseline 0 -26"><span class='ocrx_word' id='word_1_230' title='bbox 232 3038 418 3126; x_wconf 72' lang='lat' dir='ltr'><strong>utingehont</strong></span> <span class='ocrx_word' id='word_1_231' title='bbox 432 3037 492 3102; x_wconf 88' lang='lat' dir='ltr'><strong>iilis</strong></span> <span class='ocrx_word' id='word_1_232' title='bbox 514 3038 656 3125; x_wconf 83' lang='lat' dir='ltr'><strong>:scriptu</strong></span> <span class='ocrx_word' id='word_1_233' title='bbox 675 3049 748 3101; x_wconf 90' lang='lat' dir='ltr'><strong>sunt</strong></span> <span class='ocrx_word' id='word_1_234' title='bbox 767 3051 873 3103; x_wconf 83' lang='lat' dir='ltr'><strong>autem</strong></span> <span class='ocrx_word' id='word_1_235' title='bbox 892 3051 1022 3126; x_wconf 89' lang='lat' dir='ltr'><strong>propter</strong></span> <span class='ocrx_word' id='word_1_236' title='bbox 1039 3061 1118 3113; x_wconf 87' lang='lat' dir='ltr'><strong>nos,</strong></span> <span class='ocrx_word' id='word_1_237' title='bbox 1139 3038 1270 3126; x_wconf 82' lang='lat' dir='ltr'><strong>inques</strong></span> 
     </span>
     <span class='ocr_line' id='line_1_28' title="bbox 234 3143 1271 3235; baseline 0.003 -30"><span class='ocrx_word' id='word_1_238' title='bbox 234 3144 336 3209; x_wconf 79' lang='lat' dir='ltr'><strong>»fines</strong></span> <span class='ocrx_word' id='word_1_239' title='bbox 348 3143 535 3210; x_wconf 73' lang='lat' dir='ltr'><strong>soculorum</strong></span> <span class='ocrx_word' id='word_1_240' title='bbox 548 3146 742 3211; x_wconf 85' lang='lat' dir='ltr'><strong>devenerunt</strong></span> <span class='ocrx_word' id='word_1_241' title='bbox 751 3144 773 3210; x_wconf 76' lang='lat'><strong>³.</strong></span> <span class='ocrx_word' id='word_1_242' title='bbox 789 3147 843 3212; x_wconf 76' lang='lat' dir='ltr'><strong>»Si</strong></span> <span class='ocrx_word' id='word_1_243' title='bbox 855 3169 931 3233; x_wconf 83' lang='lat' dir='ltr'><strong>crgo</strong></span> <span class='ocrx_word' id='word_1_244' title='bbox 943 3158 1073 3235; x_wconf 92' lang='lat' dir='ltr'><strong>proptor</strong></span> <span class='ocrx_word' id='word_1_245' title='bbox 1083 3169 1141 3210; x_wconf 89' lang='lat' dir='ltr'><strong>nos</strong></span> <span class='ocrx_word' id='word_1_246' title='bbox 1154 3145 1271 3234; x_wconf 77' lang='lat' dir='ltr'><strong>scripta</strong></span> 
     </span>
     <span class='ocr_line' id='line_1_29' title="bbox 235 3252 1274 3343; baseline -0.002 -25"><span class='ocrx_word' id='word_1_247' title='bbox 235 3265 327 3328; x_wconf 88' lang='lat' dir='ltr'><strong>suut,</strong></span> <span class='ocrx_word' id='word_1_248' title='bbox 345 3275 400 3340; x_wconf 79' lang='lat' dir='ltr'><strong>ege</strong></span> <span class='ocrx_word' id='word_1_249' title='bbox 416 3252 492 3339; x_wconf 91' lang='lat' dir='ltr'><strong>quid</strong></span> <span class='ocrx_word' id='word_1_250' title='bbox 502 3253 629 3320; x_wconf 75' lang='lat' dir='ltr'><strong>cessasi&#39;</strong></span> <span class='ocrx_word' id='word_1_251' title='bbox 645 3255 799 3318; x_wconf 82' lang='lat' dir='ltr'><strong>Excamus</strong></span> <span class='ocrx_word' id='word_1_252' title='bbox 815 3254 853 3318; x_wconf 83' lang='lat' dir='ltr'><strong>ad</strong></span> <span class='ocrx_word' id='word_1_253' title='bbox 867 3253 1007 3330; x_wconf 86' lang='lat' dir='ltr'><strong>bellum,</strong></span> <span class='ocrx_word' id='word_1_254' title='bbox 1024 3267 1058 3318; x_wconf 91' lang='lat' dir='ltr'><strong>ut</strong></span> <span class='ocrx_word' id='word_1_255' title='bbox 1073 3265 1274 3343; x_wconf 78' lang='lat' dir='ltr'><strong>expugnetur</strong></span> 
     </span>
     <span class='ocr_line' id='line_1_30' title="bbox 236 3361 1271 3450; baseline -0.006 -18"><span class='ocrx_word' id='word_1_256' title='bbox 236 3361 364 3432; x_wconf 77' lang='lat' dir='ltr'><strong>anobis</strong></span> <span class='ocrx_word' id='word_1_257' title='bbox 386 3361 493 3426; x_wconf 83' lang='lat' dir='ltr'><strong>civitas</strong></span> <span class='ocrx_word' id='word_1_258' title='bbox 517 3362 611 3449; x_wconf 84' lang='lat' dir='ltr'><strong>hujus</strong></span> <span class='ocrx_word' id='word_1_259' title='bbox 630 3362 742 3427; x_wconf 89' lang='lat' dir='ltr'><strong>mundi</strong></span> <span class='ocrx_word' id='word_1_260' title='bbox 763 3361 907 3437; x_wconf 81' lang='lat' dir='ltr'><strong>maiitiae,</strong></span> <span class='ocrx_word' id='word_1_261' title='bbox 934 3375 967 3427; x_wconf 91' lang='lat' dir='ltr'><strong>et</strong></span> <span class='ocrx_word' id='word_1_262' title='bbox 991 3362 1112 3450; x_wconf 83' lang='lat' dir='ltr'><strong>pecouti</strong></span> <span class='ocrx_word' id='word_1_263' title='bbox 1135 3362 1271 3449; x_wconf 80' lang='lat' dir='ltr'><strong>superbe</strong></span> 
     </span>
     <span class='ocr_line' id='line_1_31' title="bbox 236 3467 1273 3558; baseline -0.007 -19"><span class='ocrx_word' id='word_1_264' title='bbox 236 3469 353 3539; x_wconf 83' lang='lat' dir='ltr'><strong>tnoeniu</strong></span> <span class='ocrx_word' id='word_1_265' title='bbox 370 3467 581 3533; x_wconf 89' lang='lat' dir='ltr'><strong>destruuntur.</strong></span> <span class='ocrx_word' id='word_1_266' title='bbox 601 3469 825 3558; x_wconf 86' lang='lat' dir='ltr'><strong>Circumspicis</strong></span> <span class='ocrx_word' id='word_1_267' title='bbox 838 3470 919 3534; x_wconf 90' lang='lat' dir='ltr'><strong>sorte</strong></span> <span class='ocrx_word' id='word_1_268' title='bbox 931 3493 995 3556; x_wconf 89' lang='lat' dir='ltr'><strong>quo</strong></span> <span class='ocrx_word' id='word_1_269' title='bbox 1006 3470 1064 3534; x_wconf 89' lang='lat' dir='ltr'><strong>tibi</strong></span> <span class='ocrx_word' id='word_1_270' title='bbox 1074 3469 1188 3533; x_wconf 82' lang='lat' dir='ltr'><strong>itinere</strong></span> <span class='ocrx_word' id='word_1_271' title='bbox 1202 3491 1273 3556; x_wconf 80' lang='lat' dir='ltr'><strong>pro</strong></span> 
     </span>
     <span class='ocr_line' id='line_1_32' title="bbox 238 3575 1273 3668; baseline -0.002 -26"><span class='ocrx_word' id='word_1_272' title='bbox 238 3575 445 3668; x_wconf 83' lang='lat' dir='ltr'><strong>grediendum</strong></span> <span class='ocrx_word' id='word_1_273' title='bbox 458 3577 518 3652; x_wconf 88' lang='lat' dir='ltr'><strong>sit,</strong></span> <span class='ocrx_word' id='word_1_274' title='bbox 530 3577 584 3664; x_wconf 86' lang='lat' dir='ltr'><strong>qui</strong></span> <span class='ocrx_word' id='word_1_275' title='bbox 596 3600 726 3666; x_wconf 80' lang='lat' dir='ltr'><strong>campus</strong></span> <span class='ocrx_word' id='word_1_276' title='bbox 738 3578 918 3644; x_wconf 79' lang='lat' dir='ltr'><strong>certaminis</strong></span> <span class='ocrx_word' id='word_1_277' title='bbox 928 3578 1132 3666; x_wconf 88' lang='lat' dir='ltr'><strong>expetendus.</strong></span> <span class='ocrx_word' id='word_1_278' title='bbox 1148 3577 1273 3643; x_wconf 72' lang='lat' dir='ltr'><strong>Notum</strong></span> 
     </span>
     <span class='ocr_line' id='line_1_33' title="bbox 240 3685 1273 3774; baseline -0.001 -22"><span class='ocrx_word' id='word_1_279' title='bbox 240 3688 294 3758; x_wconf 88' lang='lat' dir='ltr'><strong>tihi</strong></span> <span class='ocrx_word' id='word_1_280' title='bbox 312 3686 441 3752; x_wconf 80' lang='lat' dir='ltr'><strong>sortasse</strong></span> <span class='ocrx_word' id='word_1_281' title='bbox 458 3685 616 3751; x_wconf 84' lang='lat' dir='ltr'><strong>videbitur</strong></span> <span class='ocrx_word' id='word_1_282' title='bbox 629 3688 715 3774; x_wconf 86' lang='lat' dir='ltr'><strong>quod</strong></span> <span class='ocrx_word' id='word_1_283' title='bbox 736 3687 878 3752; x_wconf 89' lang='lat' dir='ltr'><strong>dicturus</strong></span> <span class='ocrx_word' id='word_1_284' title='bbox 899 3711 988 3763; x_wconf 89' lang='lat' dir='ltr'><strong>sum,</strong></span> <span class='ocrx_word' id='word_1_285' title='bbox 1011 3687 1066 3752; x_wconf 86' lang='lat' dir='ltr'><strong>sed</strong></span> <span class='ocrx_word' id='word_1_286' title='bbox 1089 3699 1196 3754; x_wconf 82' lang='lat' dir='ltr'><strong>tumen</strong></span> <span class='ocrx_word' id='word_1_287' title='bbox 1218 3711 1273 3752; x_wconf 64' lang='lat' dir='ltr'><strong>ve»</strong></span> 
     </span>
    </p>
   </div>
   <div class='ocr_carea' id='block_1_4' title="bbox 276 3817 1076 3902">
    <p class='ocr_par' dir='ltr' id='par_1_4' title="bbox 276 3817 1076 3902">
     <span class='ocr_line' id='line_1_34' title="bbox 276 3817 1076 3902; baseline 0.006 -18"><span class='ocrx_word' id='word_1_288' title='bbox 276 3835 385 3891; x_wconf 64' lang='lat' dir='ltr'><strong>lPssitn.</strong></span> <span class='ocrx_word' id='word_1_289' title='bbox 398 3851 497 3892; x_wconf 63' lang='lat' dir='ltr'><strong>uuus,</strong></span> <span class='ocrx_word' id='word_1_290' title='bbox 513 3833 536 3884; x_wconf 85' lang='lat'><strong>3.</strong></span> <span class='ocrx_word' id='word_1_291' title='bbox 552 3861 574 3872; x_wconf 86' lang='lat'><strong>·-</strong></span> <span class='ocrx_word' id='word_1_292' title='bbox 589 3835 692 3902; x_wconf 68' lang='lat' dir='ltr'><strong>²iipircs.</strong></span> <span class='ocrx_word' id='word_1_293' title='bbox 702 3855 743 3900; x_wconf 83' lang='lat' dir='ltr'><strong>vr,</strong></span> <span class='ocrx_word' id='word_1_294' title='bbox 762 3855 800 3889; x_wconf 80' lang='lat' dir='ltr'><strong>tn.</strong></span> <span class='ocrx_word' id='word_1_295' title='bbox 813 3867 843 3878; x_wconf 55' lang='grc' dir='ltr'><strong>-ν</strong></span> <span class='ocrx_word' id='word_1_296' title='bbox 857 3845 888 3886; x_wconf 66' lang='lat' dir='ltr'><strong>tt</strong></span> <span class='ocrx_word' id='word_1_297' title='bbox 902 3837 961 3886; x_wconf 81' lang='lat' dir='ltr'><strong>Cor.</strong></span> <span class='ocrx_word' id='word_1_298' title='bbox 971 3855 1000 3898; x_wconf 76' lang='lat' dir='ltr'><strong>x,</strong></span> <span class='ocrx_word' id='word_1_299' title='bbox 1014 3853 1053 3889; x_wconf 75' lang='lat' dir='ltr'><strong>tt.</strong></span> <span class='ocrx_word' id='word_1_300' title='bbox 1073 3817 1076 3822; x_wconf 32' lang='grc' dir='ltr'>Ι</span> 
     </span>
    </p>
   </div>
   <div class='ocr_carea' id='block_1_5' title="bbox 1345 259 1348 322">
    <p class='ocr_par' dir='ltr' id='par_1_5' title="bbox 1345 259 1348 322">
     <span class='ocr_line' id='line_1_35' title="bbox 1345 259 1348 322; baseline 0 0"><span class='ocrx_word' id='word_1_301' title='bbox 1345 259 1348 322; x_wconf 80' lang='lat' dir='ltr'><strong>t</strong></span> 
     </span>
    </p>
   </div>
   <div class='ocr_carea' id='block_1_6' title="bbox 0 0 1418 4596">
    <p class='ocr_par' dir='ltr' id='par_1_6' title="bbox 0 0 1418 4596">
     <span class='ocr_line' id='line_1_36' title="bbox 0 0 1418 4596; baseline 0 0"><span class='ocrx_word' id='word_1_302' title='bbox 0 0 1418 4596; x_wconf 95' lang='lat' dir='ltr'><strong> </strong></span> 
     </span>
    </p>
   </div>
  </div>
 </body>
</html>
