2776 4616
258 256 323 320 588
694 276 837 322 canossae
886 271 888 276 ’

256 398 408 475 concitet,
420 421 606 488 superamus
619 421 693 465 eum
704 399 729 464 si
745 400 804 466 Dei
817 397 965 466 mandata
976 395 1185 484 complemus.
1200 396 1299 461 Gom-

258 503 346 595 plero
357 506 442 572 euim
453 506 614 582 mandate,
628 507 691 574 hoc
702 518 750 573 est
761 505 923 573 diabolum
935 519 967 574 et
982 519 1110 573 omnem
1122 505 1192 592 ejus
1203 527 1299 571 exer-

261 615 361 683 citum
383 640 542 706 superare.
561 618 602 684 Et
621 629 699 684 tuuc
721 615 934 707 complebitur
952 620 985 683 in
1005 618 1098 683 uobis
1113 613 1297 704 Apostoliea

262 725 363 791 oratio
377 748 438 813 qua
457 726 502 791 sit
519 748 527 789 :
547 725 662 792 «Deus
676 739 783 792 autem
802 738 947 792 conteras
961 709 1110 792 Saisuim
1125 726 1185 792 sub
1201 724 1302 813 pedes

262 845 414 900 »nostros
429 832 614 908 velocitor¹;
633 861 647 896 s
668 846 701 901 et
717 833 796 900 iilud
816 834 903 923 quod
924 835 1078 902 Dominus
1094 835 1138 900 ait
1155 857 1164 899 ε
1187 833 1302 898 «Ecce

265 943 367 1010 »dedi
388 944 477 1010 vohis
498 954 687 1032 potestatem
710 943 854 1010 calcandi
875 966 970 1034 super
988 956 1149 1033 serpentes
1168 956 1201 1007 et
1217 965 1303 1008 scor·

265 1053 417 1142 spicues,
433 1065 466 1118 et
480 1075 576 1141 super
593 1075 724 1118 omnem
740 1053 888 1119 virtulem
904 1053 1036 1130 inimici,
1054 1067 1086 1120 ot
1109 1051 1188 1118 nihii
1211 1053 1304 1117 vobis

265 1191 278 1225 s
294 1162 450 1229 uooebii².
463 1189 476 1223 s
493 1160 577 1229 Nihil
593 1162 678 1227 enim
691 1185 806 1228 nocere
818 1163 907 1229 vobis
918 1174 1068 1251 poterunt
1080 1161 1138 1227 istu
1150 1161 1259 1226 omuia
1272 1161 1297 1224 si

266 1271 429 1336 veniamus
444 1271 476 1336 in
493 1271 606 1347 issaar,
622 1270 655 1336 id
669 1283 731 1346 est,
744 1271 770 1336 si
785 1271 932 1337 mandatu
948 1281 980 1336 ct
996 1280 1152 1359 precepta
1170 1269 1298 1334 Domini

266 1379 365 1444 uoslri
380 1378 457 1444 Jesu
473 1379 590 1445 Christi
605 1399 778 1455 servemus,
792 1380 843 1446 cui
858 1391 906 1446 est
922 1377 1020 1468 gioria
1031 1391 1064 1445 et
1080 1378 1251 1467 imperium
1267 1378 1298 1442 iu

267 1486 379 1556 sucula
396 1487 596 1556 seculorum.
614 1489 729 1554 Amen.

273 1717 453 1740 §iwanum
460 1711 1036 1740 sniufissuwuwnwuwdnouuuu
1041 1715 1066 1738 ΰι
1071 1716 1254 1740 “ustus-uu
1259 1715 1307 1736 u·

583 1903 803 1978 HOMlLlA
842 1907 984 1979 x111⁸.

361 2113 453 2172 Deris
462 2133 526 2187 quir
538 2110 734 2194 superfuerunt
747 2117 838 2190 priori
846 2118 986 2188 tractulus}
997 2130 1022 2176 et
1030 2115 1065 2174 de
1080 2115 1201 2176 Balaam

669 2218 750 2279 utque
759 2209 841 2265 arrha
855 2203 925 2286 ejm.

313 2401 338 2468 l.
352 2401 502 2468 Hesterna
516 2397 566 2468 die
579 2403 757 2469 dixeramus
768 2403 1027 2494 quomodoSeou
1038 2428 1093 2470 rex
1102 2399 1305 2471 Amorrhaeo-

269 2533 356 2588 rum,
372 2511 424 2600 qui
444 2525 491 2576 est
507 2511 606 2578 elatus
622 2525 654 2578 et
677 2515 773 2580 arbor
794 2497 1003 2590 infructuoso,
1020 2537 1206 2604 congressus
1225 2537 1304 2581 cum

270 2617 366 2686 Israiii
383 2620 484 2685 victus
502 2618 614 2693 fuerin
633 2621 673 2686 de
690 2645 754 2709 quo
768 2636 801 2687 et
821 2623 1025 2688 observanter
1041 2623 1206 2714 Scriptura
1225 2622 1305 2690 dicit

271 2729 344 2817 qaia
356 2728 472 2795 cecidit
486 2727 519 2792 iu
535 2751 612 2794 nece
624 2724 731 2818 gladii,
745 2728 806 2807 vel,
820 2741 854 2796 ut
868 2729 942 2797 aiibi
955 2729 1102 2822 legimus,
1112 2734 1144 2798 in
1160 2755 1216 2798 ore
1232 2731 1304 2822 gla-

272 2835 326 2902 dii.
338 2835 401 2903 Sed
413 2837 438 2903 si
451 2838 496 2902 vis
505 2831 683 2924 dssigeutius
696 2840 775 2905 scire
787 2863 851 2927 quo
862 2837 966 2928 &adio
977 2839 1191 2907 infructuosus
1201 2840 1260 2905 istc
1273 2853 1308 2906 et

271 2943 372 3011 elatus
387 2945 470 3010 sicui
485 2943 599 3010 codrus
618 2943 729 3013 Libani
745 2946 909 3022 ceciderit,
926 2947 1084 3014 discamus
1104 2947 1144 3014 ab
1161 2947 1310 3037 apostolo

271 3049 371 3118 Paulo
389 3053 514 3118 dicente
533 3076 541 3117 ε
562 3051 682 3121 «vivus
705 3056 792 3121 cuim
807 3067 854 3121 esi
877 3069 981 3122 sermo
997 3057 1069 3133 Dei,
1086 3064 1118 3123 ei
1133 3057 1258 3134 efficax,
1276 3069 1310 3124 et

273 3160 527 3252 »penetrabilior
549 3164 635 3230 omui
655 3162 760 3252 gladio
771 3161 792 3228 ⁸.
809 3192 822 3225 s
843 3165 882 3228 Es
899 3165 975 3232 item
997 3165 1029 3230 in
1045 3164 1113 3232 aliis
1128 3191 1137 3232 ε
1157 3167 1222 3232 «Et
1236 3165 1310 3256 gla-

272 3297 286 3332 s
301 3267 404 3345 dium,
421 3269 544 3355 inquit,
560 3271 700 3359 spiritus,
715 3271 801 3358 quod
817 3283 865 3336 est
881 3275 1014 3339 verbum
1024 3274 1083 3340 Dei
1095 3273 1116 3339 ⁸.
1132 3303 1145 3338 s
1160 3273 1198 3341 lu
1211 3275 1313 3363 hujus

273 3389 350 3468 c'rgo
360 3376 454 3468 gladii
466 3400 546 3445 nece
566 3378 682 3444 cecidit
701 3376 870 3469 spiritualis
888 3378 986 3455 Seon,
1004 3381 1058 3468 qui
1080 3393 1128 3446 est
1148 3379 1309 3448 diabolus.

274 3485 410 3555 Additur
432 3497 503 3575 posi
520 3486 610 3552 haec:
630 3489 694 3554 «Et
717 3487 869 3554 dominati
885 3501 972 3566 suut,
993 3491 1116 3578 inquit,
1139 3487 1195 3556 filii
1210 3489 1312 3559 lsrael

274 3598 389 3666 »omui
415 3608 508 3662 terrae
531 3594 633 3683 ejus‘.
650 3625 663 3659 s
682 3597 794 3664 Omnis
814 3597 944 3684 quidem
963 3599 1049 3688 regio
1075 3600 1142 3666 haec
1165 3613 1308 3676 terrena.

305 3747 400 3795 ¹liom.
414 3760 466 3802 arr,
479 3759 517 3792 oo.
527 3743 578 3781 -2
591 3745 651 3794 Luc.
664 3762 689 3806 x,
703 3763 740 3810 ¹9·

304 3819 399 3868 ¹Tom.
412 3817 450 3876 ΙΙ,
462 3831 489 3880 p.
503 3817 550 3865 510
564 3828 589 3867 et
602 3835 676 3883 seqq.

305 3895 405 3944 *Heba
419 3909 452 3948 rr,
471 3905 546 3941 ιι·-
559 3893 568 3928 ⁵
579 3896 672 3958 Epirus.
685 3901 718 3956 ir,
734 3913 810 3961 ¹7··-
821 3899 831 3932 ⁶
843 3899 919 3950 Num.
931 3915 983 3960 ns,
996 3901 1034 3958 πή.
