2748 4596
148 257 151 264 ’
171 247 174 252 ’
230 243 278 320 ot·
471 293 475 300 .
677 267 818 313 salculus

227 400 353 463 locum,
365 390 526 458 sedetiam
540 391 681 457 assistere
694 395 725 458 in
738 404 909 481 conspectu
921 393 995 468 Dei,
1009 405 1042 458 ει
1056 411 1255 481 sempesesso

226 518 301 560 oum
318 495 465 562 Domino.
491 495 552 562 Alii
573 517 645 562 veno
663 511 753 573 sunt,
771 500 824 586 qui
842 512 875 561 ot
892 500 949 586 ipsi
965 501 1101 565 tendunt
1118 499 1159 564 ud
1174 495 1257 565 salu-

227 617 309 683 tem,
327 606 382 671 sed
397 627 461 672 uon
483 618 547 672 tam
567 629 674 674 amone
700 608 959 674 benedictionum
979 618 1011 672 ει
1032 607 1192 672 desideaiis
1208 609 1257 672 iu·

225 714 449 790 llammantur,
463 737 557 802 quam
574 717 635 782 hoo
650 717 746 805 magis
762 716 881 781 habeut
899 717 932 781 in
948 726 1139 804 prospectu,
1162 726 1196 780 ut
1209 715 1256 782 di-

226 833 300 887 caut
316 844 323 885 :
338 817 464 886 Sufficit
475 823 552 888 mihi
572 845 636 888 nou
648 824 693 888 ire
708 823 741 889 in
758 825 954 913 gehennam,
969 819 1085 887 sufficit
1100 823 1179 888 mibi
1194 846 1257 889 non
1367 805 1368 824 Χ

225 930 307 994 mitti
319 930 351 994 in
366 930 470 1019 Quem
482 943 652 1007 aeternum,
668 931 785 997 sufficit
799 931 877 997 milti
901 953 965 998 non
982 929 1096 1020 expelli
1115 933 1148 996 in
1169 942 1257 998 teno-

227 1038 298 1101 bres
317 1037 496 1110 asteriolus.
516 1037 598 1104 Cum
620 1061 696 1128 argo
711 1040 743 1104 in
765 1038 893 1128 singulis
914 1040 1091 1127 quibusque
1118 1036 1257 1105 fidelium

226 1141 296 1210 talis
307 1143 345 1209 sit
360 1145 510 1233 propositi
523 1145 672 1222 vanietas,
685 1147 747 1212 hoc
763 1146 840 1212 mihi
852 1145 1006 1234 designari
1020 1146 1143 1211 videtur
1153 1146 1185 1210 in
1198 1145 1258 1211 hoc

225 1248 317 1327 loco,
336 1252 422 1338 quod
433 1252 553 1316 dimidii
569 1251 612 1318 illi
625 1253 677 1340 qui
687 1253 774 1340 juxte
785 1265 927 1318 montom
944 1252 1072 1318 Gssiziu
1089 1251 1257 1328 incedunt,

225 1356 314 1424 illum
328 1357 383 1445 qui
400 1359 440 1426 ad
453 1353 689 1425 henedictiones
704 1357 823 1425 electus
836 1371 883 1424 est
894 1409 903 1435 ,
913 1360 988 1424 istos
999 1356 1199 1447 singulsiites·
1210 1360 1259 1425 iu-

105 1479 106 1484 ’
145 1467 166 1542 J
195 1471 199 1480 '
226 1461 414 1549 dicont.qui
426 1480 490 1527 non
507 1474 593 1530 metu
607 1483 727 1552 putus,
750 1464 805 1528 scd
825 1463 1084 1528 benedictionum
1103 1475 1136 1528 et
1150 1485 1259 1552 repro-

147 1579 151 1654 ss
184 1631 185 1636 ,
226 1570 411 1636 missionum
424 1569 583 1634 desiderio
597 1559 939 1642 veniuntudsalutem
958 1568 1001 1634 illi
1023 1593 1097 1635 veno
1119 1570 1258 1645 dimidii,

227 1677 280 1764 qul
304 1678 389 1762 juxta
413 1690 556 1744 montom
587 1675 686 1742 Gahsl
709 1677 860 1744 incedunt
881 1678 913 1742 in
935 1697 999 1764 quo
1023 1675 1259 1744 maledictiones

228 1781 357 1870 psolstae
380 1795 474 1858 sunt,
498 1784 573 1847 istos
593 1781 668 1848 alios
689 1783 848 1860 indicent,
871 1783 924 1872 qui
943 1779 1101 1850 mulorum
1120 1797 1205 1850 metu
1226 1795 1258 1849 et

229 1887 454 1976 sdppliciorum
469 1891 584 1954 timone
602 1886 797 1976 complentes
816 1909 886 1978 quse
901 1891 933 1955 in
949 1888 1017 1979 lege
1036 1892 1152 1979 scripta
1170 1901 1257 1966 sunt,

231 1995 416 2083 perveniunt
427 1996 468 2062 ad
483 1995 625 2062 salutem.
641 1997 699 2061 llic
710 1998 774 2085 jam
787 1997 843 2062 Dei
858 1995 953 2062 solius
968 2009 1016 2062 est
1031 2019 1121 2062 nosse
1134 2021 1176 2062 ex
1192 2019 1262 2064 om·

231 2103 323 2167 nibus
340 2103 429 2167 uobis
445 2095 516 2167 liliis
531 2101 643 2178 lsrael,
660 2103 729 2189 quis
747 2114 793 2168 est
811 2106 865 2190 qui
889 2105 963 2172 honi
986 2104 1083 2192 ipsius
1106 2104 1262 2171 desidendo

229 2227 400 2273 succensus
420 2208 493 2273 lacit
515 2209 600 2294 quod
612 2209 731 2274 bonum
743 2221 807 2284 ast,
825 2210 894 2297 quis
911 2233 985 2276 veno
1006 2224 1152 2276 nostrum
1175 2223 1264 2277 motu

230 2317 400 2405 gehennon,
415 2327 447 2381 et
462 2316 569 2382 aeoemi
587 2317 666 2404 ignis
688 2329 808 2382 teutone
827 2318 928 2384 tendit
943 2318 982 2383 ad
999 2320 1137 2394 bouum,
1153 2330 1188 2384 et
1202 2331 1267 2384 stu·

230 2425 284 2490 dot
299 2443 337 2490 ac
352 2423 478 2488 festinat
497 2422 629 2511 implora
643 2445 714 2513 quae
733 2426 848 2512 scripta
863 2437 948 2492 suut.
967 2426 1099 2492 Cestum
1116 2439 1166 2492 est
1180 2429 1267 2496 enim

231 2529 400 2596 nobiliooos
415 2553 483 2596 esso
497 2527 586 2607 illos,
607 2532 661 2618 qui
683 2533 758 2596 honi
772 2529 869 2620 ipsius
891 2533 1047 2599 desiderio
1063 2547 1097 2599 et
1113 2535 1270 2600 benedic·

230 2646 352 2710 tionum
367 2665 488 2719 amore,
501 2645 587 2732 quod
603 2646 724 2710 bonum
742 2657 789 2709 ost
805 2657 921 2733 agunt,
939 2669 1035 2733 quam
1055 2645 1124 2711 illos
1139 2648 1194 2734 qui
1211 2669 1270 2735 pro

231 2751 306 2819 msli
321 2763 409 2817 metu
425 2753 546 2816 bonum
561 2763 731 2816 sectantur.
748 2751 840 2817 Solus
853 2771 930 2842 ergo
949 2753 1041 2817 tosus
1054 2749 1123 2828 est,
1138 2753 1194 2841 qni
1216 2779 1273 2844 po·

229 2872 293 2924 test
307 2877 349 2924 ex
371 2860 458 2923 omui
480 2857 598 2946 populo
619 2857 838 2946 hujuscemodi
859 2871 982 2926 mentes
1000 2861 1187 2948 animosque
1204 2863 1275 2927 dis-

230 2987 382 3040 cernere,
411 2979 444 3030 et
469 2964 545 3030 alios
561 2965 688 3052 quidem
712 2979 847 3033 statuens
865 2967 897 3034 in
916 2981 1059 3033 montem
1074 2969 1206 3034 Garizin
1234 2971 1276 3036 ed

232 3071 487 3148 benedictiones,
504 3072 580 3138 alios
594 3097 667 3139 veno
679 3087 816 3140 statuum
828 3077 859 3140 in
871 3089 1013 3142 montom
1029 3075 1129 3146 Gebal
1147 3077 1188 3142 ad
1207 3099 1278 3144 ma-

231 3181 434 3258 ledictiones,
451 3199 516 3246 non
531 3193 567 3248 ut
577 3181 812 3248 maledictiones
828 3183 1002 3272 accipiant,
1018 3185 1075 3250 sed
1085 3197 1122 3250 ut
1138 3186 1278 3250 intuen-

231 3297 277 3353 tes
292 3289 488 3378 prescriptos
504 3283 758 3364 maledictiones,
778 3301 809 3353 ει
825 3311 933 3378 pannas
951 3293 1175 3384 peccatoribus
1190 3315 1280 3358 eon*

232 3397 375 3472 stitutas,
391 3398 553 3462 incussere
569 3409 699 3463 caveant
714 3419 776 3463 cas.

275 3503 360 3568 Vlll.
382 3533 393 3564 t
412 3505 485 3568 Post
505 3503 574 3568 hoec
592 3505 721 3594 refertor
742 3505 810 3591 quia
832 3504 906 3594 legit
924 3507 1016 3571 Jesus
1038 3508 1144 3572 omnia
1171 3509 1281 3572 verba

232 3613 362 3701 »Legis
378 3612 412 3678 id
429 3623 497 3688 est,
514 3613 751 3679 honedictiones
770 3625 802 3678 et
821 3613 1075 3689 meledictiones,
1089 3616 1283 3680 secundum
1369 3611 1370 3618 ἵ

231 3721 358 3786 somnis
374 3743 443 3807 quse
458 3720 572 3808 scripta
589 3721 704 3785 suntin
720 3719 801 3786 libeo
814 3723 919 3810 Legis,
934 3743 994 3788 nec
1009 3723 1067 3787 fuit
1080 3721 1181 3786 ullum
1200 3745 1284 3787 ver-
1369 3733 1370 3738 ’

232 3827 330 3894 »bians
346 3850 383 3891 ex
399 3827 630 3917 omnibusque
646 3829 805 3894 insudavit
817 3828 956 3918 Moyses,
975 3829 1057 3916 quod
1075 3852 1139 3894 non
1156 3827 1288 3918 legerit
