<?xml version="1.0" encoding="UTF-8"?>
<!DOCTYPE html PUBLIC "-//W3C//DTD XHTML 1.0 Transitional//EN"
    "http://www.w3.org/TR/xhtml1/DTD/xhtml1-transitional.dtd">
<html xmlns="http://www.w3.org/1999/xhtml" xml:lang="en" lang="en">
 <head>
  <title>
</title>
<meta http-equiv="Content-Type" content="text/html;charset=utf-8" />
  <meta name='ocr-system' content='tesseract 3.04.00' />
  <meta name='ocr-capabilities' content='ocr_page ocr_carea ocr_par ocr_line ocrx_word'/>
</head>
<body>
  <div class='ocr_page' id='page_1' title='image "./collectioselect01guilgoog_0661.png"; bbox 0 0 2748 4596; ppageno 0'>
   <div class='ocr_carea' id='block_1_1' title="bbox 344 259 1152 350">
    <p class='ocr_par' dir='ltr' id='par_1_1' title="bbox 344 259 1152 350">
     <span class='ocr_line' id='line_1_1' title="bbox 344 259 1152 350; baseline 0.061 -49"><span class='ocrx_word' id='word_1_1' title='bbox 344 259 376 303; x_wconf 85' lang='lat' dir='ltr'><strong>m</strong></span> <span class='ocrx_word' id='word_1_2' title='bbox 405 265 520 312; x_wconf 76' lang='lat' dir='ltr'><strong>arnnou</strong></span> <span class='ocrx_word' id='word_1_3' title='bbox 541 269 611 312; x_wconf 80' lang='lat' dir='ltr'><strong>rrso</strong></span> <span class='ocrx_word' id='word_1_4' title='bbox 637 273 718 318; x_wconf 75' lang='lat' dir='ltr'><strong>aare</strong></span> <span class='ocrx_word' id='word_1_5' title='bbox 742 279 814 326; x_wconf 88' lang='lat' dir='ltr'><strong>nou.</strong></span> <span class='ocrx_word' id='word_1_6' title='bbox 840 287 928 335; x_wconf 88' lang='lat' dir='ltr'><strong>xxru.</strong></span> <span class='ocrx_word' id='word_1_7' title='bbox 1113 285 1152 350; x_wconf 86' lang='lat'><strong>81</strong></span> 
     </span>
    </p>
   </div>
   <div class='ocr_carea' id='block_1_2' title="bbox 1 376 1157 1243">
    <p class='ocr_par' dir='ltr' id='par_1_2' title="bbox 1 376 1157 1243">
     <span class='ocr_line' id='line_1_2' title="bbox 115 376 1157 493; baseline 0.053 -54"><span class='ocrx_word' id='word_1_8' title='bbox 115 398 153 440; x_wconf 84' lang='lat' dir='ltr'><strong>ex</strong></span> <span class='ocrx_word' id='word_1_9' title='bbox 168 376 340 466; x_wconf 89' lang='lat' dir='ltr'><strong>Scripturis</strong></span> <span class='ocrx_word' id='word_1_10' title='bbox 354 385 471 451; x_wconf 84' lang='lat' dir='ltr'><strong>sanctis</strong></span> <span class='ocrx_word' id='word_1_11' title='bbox 486 386 527 453; x_wconf 93' lang='lat' dir='ltr'><strong>de</strong></span> <span class='ocrx_word' id='word_1_12' title='bbox 539 401 842 470; x_wconf 81' lang='lat' dir='ltr'><strong>commemoratione</strong></span> <span class='ocrx_word' id='word_1_13' title='bbox 857 412 992 483; x_wconf 84' lang='lat' dir='ltr'><strong>sortium</strong></span> <span class='ocrx_word' id='word_1_14' title='bbox 1010 423 1157 493; x_wconf 88' lang='lat' dir='ltr'><strong>testimo-</strong></span> 
     </span>
     <span class='ocr_line' id='line_1_3' title="bbox 113 483 1155 603; baseline 0.053 -55"><span class='ocrx_word' id='word_1_15' title='bbox 113 483 172 548; x_wconf 84' lang='lat' dir='ltr'>niis</span> <span class='ocrx_word' id='word_1_16' title='bbox 187 489 404 575; x_wconf 78' lang='lat' dir='ltr'><strong>congregntis‚</strong></span> <span class='ocrx_word' id='word_1_17' title='bbox 422 515 486 580; x_wconf 89' lang='lat' dir='ltr'><strong>quo</strong></span> <span class='ocrx_word' id='word_1_18' title='bbox 500 519 540 560; x_wconf 86' lang='lat' dir='ltr'><strong>ox</strong></span> <span class='ocrx_word' id='word_1_19' title='bbox 551 498 723 569; x_wconf 87' lang='lat' dir='ltr'><strong>multorum</strong></span> <span class='ocrx_word' id='word_1_20' title='bbox 741 506 886 581; x_wconf 86' lang='lat' dir='ltr'><strong>locorum</strong></span> <span class='ocrx_word' id='word_1_21' title='bbox 902 525 1155 603; x_wconf 73' lang='lat' dir='ltr'><strong>consideratione</strong></span> 
     </span>
     <span class='ocr_line' id='line_1_4' title="bbox 116 587 1067 703; baseline 0.054 -55"><span class='ocrx_word' id='word_1_22' title='bbox 116 587 263 654; x_wconf 87' lang='lat' dir='ltr'><strong>virtutem</strong></span> <span class='ocrx_word' id='word_1_23' title='bbox 278 591 324 656; x_wconf 88' lang='lat' dir='ltr'><strong>rei</strong></span> <span class='ocrx_word' id='word_1_24' title='bbox 339 595 495 682; x_wconf 84' lang='lat' dir='ltr'><strong>possimus</strong></span> <span class='ocrx_word' id='word_1_25' title='bbox 513 599 692 691; x_wconf 82' lang='lat' dir='ltr'><strong>diligentius</strong></span> <span class='ocrx_word' id='word_1_26' title='bbox 711 615 969 703; x_wconf 77' lang='lat' dir='ltr'><strong>apprehendere,</strong></span> <span class='ocrx_word' id='word_1_27' title='bbox 989 632 1067 700; x_wconf 89' lang='lat' dir='ltr'><strong>mihi</strong></span> 
     </span>
     <span class='ocr_line' id='line_1_5' title="bbox 1 669 1076 828; baseline 0.052 -77"><span class='ocrx_word' id='word_1_28' title='bbox 1 669 3 700; x_wconf 39' lang='lat' dir='ltr'><strong>l</strong></span> <span class='ocrx_word' id='word_1_29' title='bbox 117 693 189 760; x_wconf 87' lang='lat' dir='ltr'><strong>dem</strong></span> <span class='ocrx_word' id='word_1_30' title='bbox 204 719 242 760; x_wconf 85' lang='lat' dir='ltr'><strong>ex</strong></span> <span class='ocrx_word' id='word_1_31' title='bbox 259 697 296 762; x_wconf 90' lang='lat' dir='ltr'><strong>iis</strong></span> <span class='ocrx_word' id='word_1_32' title='bbox 312 702 462 769; x_wconf 86' lang='lat' dir='ltr'><strong>omnibus</strong></span> <span class='ocrx_word' id='word_1_33' title='bbox 475 705 524 772; x_wconf 87' lang='lat' dir='ltr'><strong>vel</strong></span> <span class='ocrx_word' id='word_1_34' title='bbox 538 710 668 778; x_wconf 80' lang='lat' dir='ltr'><strong>evidens</strong></span> <span class='ocrx_word' id='word_1_35' title='bbox 681 717 789 788; x_wconf 75' lang='lat' dir='ltr'><strong>adbuc</strong></span> <span class='ocrx_word' id='word_1_36' title='bbox 812 747 919 795; x_wconf 84' lang='lat' dir='ltr'><strong>sensus</strong></span> <span class='ocrx_word' id='word_1_37' title='bbox 941 735 981 800; x_wconf 86' lang='lat' dir='ltr'><strong>ad</strong></span> <span class='ocrx_word' id='word_1_38' title='bbox 999 737 1076 828; x_wconf 92' lang='lat' dir='ltr'><strong>liqui</strong></span> 
     </span>
     <span class='ocr_line' id='line_1_6' title="bbox 117 809 1156 942; baseline 0.054 -77"><span class='ocrx_word' id='word_1_39' title='bbox 117 813 223 890; x_wconf 84' lang='lat' dir='ltr'><strong>patere</strong></span> <span class='ocrx_word' id='word_1_40' title='bbox 234 828 299 870; x_wconf 92' lang='lat' dir='ltr'><strong>non</strong></span> <span class='ocrx_word' id='word_1_41' title='bbox 314 809 417 894; x_wconf 87' lang='lat' dir='ltr'><strong>potuit</strong></span> <span class='ocrx_word' id='word_1_42' title='bbox 428 857 438 886; x_wconf 87' lang='lat'><em>,</em></span> <span class='ocrx_word' id='word_1_43' title='bbox 450 811 498 877; x_wconf 86' lang='lat' dir='ltr'><strong>vel</strong></span> <span class='ocrx_word' id='word_1_44' title='bbox 515 815 610 882; x_wconf 88' lang='lat' dir='ltr'><strong>etiam</strong></span> <span class='ocrx_word' id='word_1_45' title='bbox 623 821 662 886; x_wconf 91' lang='lat' dir='ltr'><strong>de</strong></span> <span class='ocrx_word' id='word_1_46' title='bbox 676 847 712 890; x_wconf 88' lang='lat' dir='ltr'><strong>re</strong></span> <span class='ocrx_word' id='word_1_47' title='bbox 728 837 814 896; x_wconf 82' lang='lat' dir='ltr'><strong>tenta</strong></span> <span class='ocrx_word' id='word_1_48' title='bbox 829 841 1018 910; x_wconf 83' lang='lat' dir='ltr'><strong>enuncinndi</strong></span> <span class='ocrx_word' id='word_1_49' title='bbox 1035 861 1067 914; x_wconf 90' lang='lat' dir='ltr'><strong>et</strong></span> <span class='ocrx_word' id='word_1_50' title='bbox 1078 875 1156 942; x_wconf 86' lang='lat' dir='ltr'><strong>pro-</strong></span> 
     </span>
     <span class='ocr_line' id='line_1_7' title="bbox 1 909 1156 1038; baseline 0.057 -72"><span class='ocrx_word' id='word_1_51' title='bbox 1 935 2 946; x_wconf 45' lang='lat'><em>*</em></span> <span class='ocrx_word' id='word_1_52' title='bbox 118 909 240 976; x_wconf 85' lang='lat' dir='ltr'><strong>serendi</strong></span> <span class='ocrx_word' id='word_1_53' title='bbox 262 915 369 980; x_wconf 86' lang='lat' dir='ltr'><strong>arcani</strong></span> <span class='ocrx_word' id='word_1_54' title='bbox 392 931 495 984; x_wconf 89' lang='lat' dir='ltr'><strong>metus</strong></span> <span class='ocrx_word' id='word_1_55' title='bbox 522 922 646 992; x_wconf 84' lang='lat' dir='ltr'><strong>insedit.</strong></span> <span class='ocrx_word' id='word_1_56' title='bbox 666 929 750 999; x_wconf 89' lang='lat' dir='ltr'><strong>lllud</strong></span> <span class='ocrx_word' id='word_1_57' title='bbox 771 950 876 1009; x_wconf 83' lang='lat' dir='ltr'><strong>tamen</strong></span> <span class='ocrx_word' id='word_1_58' title='bbox 897 947 1086 1038; x_wconf 76' lang='lat' dir='ltr'><strong>inquantum</strong></span> <span class='ocrx_word' id='word_1_59' title='bbox 1106 987 1156 1031; x_wconf 84' lang='lat' dir='ltr'><strong>res</strong></span> 
     </span>
     <span class='ocr_line' id='line_1_8' title="bbox 115 1018 1156 1146; baseline 0.059 -68"><span class='ocrx_word' id='word_1_60' title='bbox 115 1018 235 1104; x_wconf 84' lang='lat' dir='ltr'><strong>potitur</strong></span> <span class='ocrx_word' id='word_1_61' title='bbox 256 1022 427 1111; x_wconf 80' lang='lat' dir='ltr'><strong>contigisse</strong></span> <span class='ocrx_word' id='word_1_62' title='bbox 449 1027 603 1109; x_wconf 85' lang='lat' dir='ltr'><strong>sufficiat,</strong></span> <span class='ocrx_word' id='word_1_63' title='bbox 625 1041 712 1124; x_wconf 90' lang='lat' dir='ltr'><strong>qnod</strong></span> <span class='ocrx_word' id='word_1_64' title='bbox 733 1046 825 1113; x_wconf 86' lang='lat' dir='ltr'><strong>nobis</strong></span> <span class='ocrx_word' id='word_1_65' title='bbox 843 1053 884 1117; x_wconf 81' lang='lat' dir='ltr'><strong>ab</strong></span> <span class='ocrx_word' id='word_1_66' title='bbox 907 1055 1065 1146; x_wconf 83' lang='lat' dir='ltr'><strong>Apostolis</strong></span> <span class='ocrx_word' id='word_1_67' title='bbox 1088 1093 1156 1139; x_wconf 79' lang='lat' dir='ltr'><strong>sors</strong></span> 
     </span>
     <span class='ocr_line' id='line_1_9' title="bbox 112 1123 899 1243; baseline 0.051 -56"><span class='ocrx_word' id='word_1_68' title='bbox 112 1123 206 1190; x_wconf 86' lang='lat' dir='ltr'><strong>ducta</strong></span> <span class='ocrx_word' id='word_1_69' title='bbox 221 1127 381 1217; x_wconf 83' lang='lat' dir='ltr'><strong>designat,</strong></span> <span class='ocrx_word' id='word_1_70' title='bbox 405 1134 478 1220; x_wconf 86' lang='lat' dir='ltr'><strong>quia</strong></span> <span class='ocrx_word' id='word_1_71' title='bbox 503 1138 556 1204; x_wconf 89' lang='lat' dir='ltr'><strong>ubi</strong></span> <span class='ocrx_word' id='word_1_72' title='bbox 580 1163 618 1206; x_wconf 76' lang='lat' dir='ltr'><strong>ex</strong></span> <span class='ocrx_word' id='word_1_73' title='bbox 640 1143 705 1212; x_wconf 85' lang='lat' dir='ltr'><strong>lide</strong></span> <span class='ocrx_word' id='word_1_74' title='bbox 727 1150 848 1243; x_wconf 74' lang='lat' dir='ltr'><strong>integro</strong></span> <span class='ocrx_word' id='word_1_75' title='bbox 865 1172 899 1226; x_wconf 87' lang='lat' dir='ltr'><strong>et</strong></span> 
     </span>
    </p>
   </div>
   <div class='ocr_carea' id='block_1_3' title="bbox 108 1233 901 1434">
    <p class='ocr_par' dir='ltr' id='par_1_3' title="bbox 108 1233 901 1434">
     <span class='ocr_line' id='line_1_10' title="bbox 113 1233 901 1334; baseline 0.049 -38"><span class='ocrx_word' id='word_1_76' title='bbox 113 1233 207 1300; x_wconf 83' lang='lat' dir='ltr'><strong>misso</strong></span> <span class='ocrx_word' id='word_1_77' title='bbox 220 1258 287 1300; x_wconf 87' lang='lat' dir='ltr'><strong>sors</strong></span> <span class='ocrx_word' id='word_1_78' title='bbox 300 1237 444 1318; x_wconf 88' lang='lat' dir='ltr'><strong>ducitur,</strong></span> <span class='ocrx_word' id='word_1_79' title='bbox 458 1267 495 1310; x_wconf 82' lang='lat' dir='ltr'><strong>ee</strong></span> <span class='ocrx_word' id='word_1_80' title='bbox 507 1268 578 1333; x_wconf 82' lang='lat' dir='ltr'><strong>quse</strong></span> <span class='ocrx_word' id='word_1_81' title='bbox 589 1249 646 1317; x_wconf 88' lang='lat' dir='ltr'><strong>Dei</strong></span> <span class='ocrx_word' id='word_1_82' title='bbox 660 1255 802 1328; x_wconf 83' lang='lat' dir='ltr'><strong>voluntas</strong></span> <span class='ocrx_word' id='word_1_83' title='bbox 815 1270 901 1334; x_wconf 85' lang='lat' dir='ltr'><strong>conti</strong></span> 
     </span>
     <span class='ocr_line' id='line_1_11' title="bbox 108 1340 773 1434; baseline 0.047 -32"><span class='ocrx_word' id='word_1_84' title='bbox 108 1363 176 1404; x_wconf 88' lang='lat' dir='ltr'><strong>sors</strong></span> <span class='ocrx_word' id='word_1_85' title='bbox 191 1340 374 1412; x_wconf 90' lang='lat' dir='ltr'><strong>bominibus</strong></span> <span class='ocrx_word' id='word_1_86' title='bbox 392 1349 530 1418; x_wconf 76' lang='lat' dir='ltr'>declarat</span> <span class='ocrx_word' id='word_1_87' title='bbox 547 1354 580 1422; x_wconf 90' lang='lat' dir='ltr'><strong>in</strong></span> <span class='ocrx_word' id='word_1_88' title='bbox 594 1361 773 1434; x_wconf 75' lang='lat' dir='ltr'><strong>manifesto.</strong></span> 
     </span>
    </p>
   </div>
   <div class='ocr_carea' id='block_1_4' title="bbox 1 1449 1153 1684">
    <p class='ocr_par' dir='ltr' id='par_1_4' title="bbox 1 1449 1153 1684">
     <span class='ocr_line' id='line_1_12' title="bbox 244 1449 1152 1574; baseline 0.064 -60.463"><span class='ocrx_word' id='word_1_89' title='bbox 244 1449 334 1515; x_wconf 90' lang='lat' dir='ltr'><strong>Non¹</strong></span> <span class='ocrx_word' id='word_1_90' title='bbox 351 1467 400 1519; x_wconf 83' lang='lat' dir='ltr'><strong>est</strong></span> <span class='ocrx_word' id='word_1_91' title='bbox 412 1457 522 1546; x_wconf 87' lang='lat' dir='ltr'><strong>utique</strong></span> <span class='ocrx_word' id='word_1_92' title='bbox 537 1462 605 1529; x_wconf 86' lang='lat' dir='ltr'><strong>sine</strong></span> <span class='ocrx_word' id='word_1_93' title='bbox 620 1489 714 1536; x_wconf 83' lang='lat' dir='ltr'><strong>causo</strong></span> <span class='ocrx_word' id='word_1_94' title='bbox 729 1477 815 1561; x_wconf 90' lang='lat' dir='ltr'><strong>quod</strong></span> <span class='ocrx_word' id='word_1_95' title='bbox 832 1481 999 1574; x_wconf 75' lang='lat' dir='ltr'><strong>benjamin</strong></span> <span class='ocrx_word' id='word_1_96' title='bbox 1017 1497 1049 1563; x_wconf 89' lang='lat' dir='ltr'><strong>in</strong></span> <span class='ocrx_word' id='word_1_97' title='bbox 1067 1517 1152 1572; x_wconf 87' lang='lat' dir='ltr'><strong>sorte</strong></span> 
     </span>
     <span class='ocr_line' id='line_1_13' title="bbox 1 1556 1153 1684; baseline 0.065 -79"><span class='ocrx_word' id='word_1_98' title='bbox 1 1569 6 1592; x_wconf 60' lang='lat' dir='ltr'><strong>r</strong></span> <span class='ocrx_word' id='word_1_99' title='bbox 120 1575 175 1618; x_wconf 88' lang='lat' dir='ltr'><strong>suo</strong></span> <span class='ocrx_word' id='word_1_100' title='bbox 195 1556 317 1644; x_wconf 86' lang='lat' dir='ltr'><strong>accepit</strong></span> <span class='ocrx_word' id='word_1_101' title='bbox 333 1558 507 1632; x_wconf 77' lang='lat' dir='ltr'><strong>Jerusalem</strong></span> <span class='ocrx_word' id='word_1_102' title='bbox 528 1581 562 1633; x_wconf 85' lang='lat' dir='ltr'><strong>et</strong></span> <span class='ocrx_word' id='word_1_103' title='bbox 582 1586 723 1643; x_wconf 87' lang='lat' dir='ltr'><strong>montem</strong></span> <span class='ocrx_word' id='word_1_104' title='bbox 738 1582 838 1652; x_wconf 87' lang='lat' dir='ltr'><strong>Sion:</strong></span> <span class='ocrx_word' id='word_1_105' title='bbox 856 1592 915 1658; x_wconf 86' lang='lat' dir='ltr'><strong>uisi</strong></span> <span class='ocrx_word' id='word_1_106' title='bbox 930 1600 1003 1684; x_wconf 87' lang='lat' dir='ltr'><strong>quin</strong></span> <span class='ocrx_word' id='word_1_107' title='bbox 1018 1607 1153 1680; x_wconf 81' lang='lat' dir='ltr'><strong>coelestis</strong></span> 
     </span>
    </p>
   </div>
   <div class='ocr_carea' id='block_1_5' title="bbox 1 1657 1232 3848">
    <p class='ocr_par' dir='ltr' id='par_1_5' title="bbox 1 1657 1232 3848">
     <span class='ocr_line' id='line_1_14' title="bbox 111 1657 1232 1797; baseline 0.062 -77"><span class='ocrx_word' id='word_1_108' title='bbox 111 1657 373 1733; x_wconf 84' lang='lat' dir='ltr'><strong>illiusJerusolem</strong></span> <span class='ocrx_word' id='word_1_109' title='bbox 384 1672 538 1740; x_wconf 85' lang='lat' dir='ltr'><strong>ratiosine</strong></span> <span class='ocrx_word' id='word_1_110' title='bbox 548 1677 884 1780; x_wconf 83' lang='lat' dir='ltr'><strong>dubioboccxigebat,</strong></span> <span class='ocrx_word' id='word_1_111' title='bbox 897 1715 932 1766; x_wconf 88' lang='lat' dir='ltr'><strong>ut</strong></span> <span class='ocrx_word' id='word_1_112' title='bbox 948 1705 1148 1797; x_wconf 81' lang='lat' dir='ltr'><strong>aliquuBen-</strong></span> <span class='ocrx_word' id='word_1_113' title='bbox 1227 1755 1232 1761; x_wconf 56' lang='lat'><em>⁷</em></span> 
     </span>
     <span class='ocr_line' id='line_1_15' title="bbox 109 1766 1149 1894; baseline 0.064 -67"><span class='ocrx_word' id='word_1_114' title='bbox 109 1766 208 1854; x_wconf 78' lang='lat' dir='ltr'><strong>jamin</strong></span> <span class='ocrx_word' id='word_1_115' title='bbox 221 1769 287 1836; x_wconf 80' lang='lat' dir='ltr'><strong>dari</strong></span> <span class='ocrx_word' id='word_1_116' title='bbox 300 1772 430 1843; x_wconf 84' lang='lat' dir='ltr'><strong>deberet</strong></span> <span class='ocrx_word' id='word_1_117' title='bbox 442 1779 620 1854; x_wconf 82' lang='lat' dir='ltr'><strong>Jerusalem</strong></span> <span class='ocrx_word' id='word_1_118' title='bbox 636 1799 811 1877; x_wconf 84' lang='lat' dir='ltr'><strong>terrestris,</strong></span> <span class='ocrx_word' id='word_1_119' title='bbox 828 1823 900 1891; x_wconf 69' lang='lat' dir='ltr'><strong>quse</strong></span> <span class='ocrx_word' id='word_1_120' title='bbox 913 1809 996 1880; x_wconf 83' lang='lat' dir='ltr'><strong>illius</strong></span> <span class='ocrx_word' id='word_1_121' title='bbox 1012 1821 1149 1894; x_wconf 76' lang='lat' dir='ltr'><strong>coelestis</strong></span> 
     </span>
     <span class='ocr_line' id='line_1_16' title="bbox 107 1875 1148 2006; baseline 0.064 -67"><span class='ocrx_word' id='word_1_122' title='bbox 107 1875 243 1965; x_wconf 79' lang='lat' dir='ltr'><strong>liguram</strong></span> <span class='ocrx_word' id='word_1_123' title='bbox 257 1897 361 1950; x_wconf 80' lang='lat' dir='ltr'><strong>servet</strong></span> <span class='ocrx_word' id='word_1_124' title='bbox 375 1910 414 1966; x_wconf 82' lang='lat' dir='ltr'><strong>ac</strong></span> <span class='ocrx_word' id='word_1_125' title='bbox 430 1889 574 1960; x_wconf 78' lang='lat' dir='ltr'><strong>formam.</strong></span> <span class='ocrx_word' id='word_1_126' title='bbox 600 1899 753 1971; x_wconf 79' lang='lat' dir='ltr'><strong>Similiter</strong></span> <span class='ocrx_word' id='word_1_127' title='bbox 773 1925 879 1981; x_wconf 84' lang='lat' dir='ltr'><strong>autem</strong></span> <span class='ocrx_word' id='word_1_128' title='bbox 903 1920 943 1986; x_wconf 87' lang='lat' dir='ltr'><strong>de</strong></span> <span class='ocrx_word' id='word_1_129' title='bbox 958 1925 1148 2006; x_wconf 84' lang='lat' dir='ltr'><strong>Bethlehem</strong></span> 
     </span>
     <span class='ocr_line' id='line_1_17' title="bbox 108 1983 1149 2112; baseline 0.065 -68"><span class='ocrx_word' id='word_1_130' title='bbox 108 1983 279 2052; x_wconf 75' lang='lat' dir='ltr'><strong>dicendm</strong></span> <span class='ocrx_word' id='word_1_131' title='bbox 293 2003 359 2068; x_wconf 86' lang='lat' dir='ltr'><strong>est,</strong></span> <span class='ocrx_word' id='word_1_132' title='bbox 372 1996 458 2081; x_wconf 84' lang='lat' dir='ltr'><strong>quod</strong></span> <span class='ocrx_word' id='word_1_133' title='bbox 472 2021 537 2064; x_wconf 89' lang='lat' dir='ltr'><strong>non</strong></span> <span class='ocrx_word' id='word_1_134' title='bbox 550 2002 617 2070; x_wconf 85' lang='lat' dir='ltr'><strong>sine</strong></span> <span class='ocrx_word' id='word_1_135' title='bbox 629 2021 716 2077; x_wconf 81' lang='lat' dir='ltr'><strong>certe</strong></span> <span class='ocrx_word' id='word_1_136' title='bbox 731 2018 868 2102; x_wconf 78' lang='lat' dir='ltr'><strong>quadam</strong></span> <span class='ocrx_word' id='word_1_137' title='bbox 880 2029 1044 2102; x_wconf 70' lang='lat' dir='ltr'><strong>rationein</strong></span> <span class='ocrx_word' id='word_1_138' title='bbox 1058 2039 1149 2112; x_wconf 83' lang='lat' dir='ltr'><strong>Jndae</strong></span> 
     </span>
     <span class='ocr_line' id='line_1_18' title="bbox 1 2088 1148 2220; baseline 0.064 -72"><span class='ocrx_word' id='word_1_139' title='bbox 1 2088 2 2108; x_wconf 75' lang='lat'>³</span> <span class='ocrx_word' id='word_1_140' title='bbox 107 2104 193 2157; x_wconf 85' lang='lat' dir='ltr'><strong>sorte</strong></span> <span class='ocrx_word' id='word_1_141' title='bbox 209 2095 411 2180; x_wconf 81' lang='lat' dir='ltr'><strong>decernitur,</strong></span> <span class='ocrx_word' id='word_1_142' title='bbox 429 2103 477 2170; x_wconf 84' lang='lat' dir='ltr'><strong>vol</strong></span> <span class='ocrx_word' id='word_1_143' title='bbox 490 2107 621 2177; x_wconf 85' lang='lat' dir='ltr'><strong>Hebron</strong></span> <span class='ocrx_word' id='word_1_144' title='bbox 634 2115 683 2180; x_wconf 84' lang='lat' dir='ltr'><strong>rel</strong></span> <span class='ocrx_word' id='word_1_145' title='bbox 695 2118 763 2186; x_wconf 75' lang='lat' dir='ltr'><strong>eliae</strong></span> <span class='ocrx_word' id='word_1_146' title='bbox 779 2126 908 2217; x_wconf 78' lang='lat' dir='ltr'><strong>singulae</strong></span> <span class='ocrx_word' id='word_1_147' title='bbox 924 2139 1064 2213; x_wconf 85' lang='lat' dir='ltr'><strong>civitates</strong></span> <span class='ocrx_word' id='word_1_148' title='bbox 1083 2151 1148 2220; x_wconf 88' lang='lat' dir='ltr'><strong>sin·</strong></span> 
     </span>
     <span class='ocr_line' id='line_1_19' title="bbox 106 2197 1149 2331; baseline 0.063 -71"><span class='ocrx_word' id='word_1_149' title='bbox 106 2197 191 2286; x_wconf 78' lang='lat' dir='ltr'><strong>gulis</strong></span> <span class='ocrx_word' id='word_1_150' title='bbox 204 2202 382 2294; x_wconf 83' lang='lat' dir='ltr'><strong>quibusque</strong></span> <span class='ocrx_word' id='word_1_151' title='bbox 396 2210 544 2280; x_wconf 84' lang='lat' dir='ltr'><strong>tribubus</strong></span> <span class='ocrx_word' id='word_1_152' title='bbox 555 2224 817 2309; x_wconf 83' lang='lat' dir='ltr'><strong>conscribuntur,</strong></span> <span class='ocrx_word' id='word_1_153' title='bbox 835 2238 893 2304; x_wconf 83' lang='lat' dir='ltr'><strong>uisi</strong></span> <span class='ocrx_word' id='word_1_154' title='bbox 909 2246 1000 2331; x_wconf 85' lang='lat' dir='ltr'><strong>quia,</strong></span> <span class='ocrx_word' id='word_1_155' title='bbox 1020 2267 1055 2318; x_wconf 90' lang='lat' dir='ltr'><strong>ut</strong></span> <span class='ocrx_word' id='word_1_156' title='bbox 1066 2253 1149 2326; x_wconf 85' lang='lat' dir='ltr'><strong>dixi·-</strong></span> 
     </span>
     <span class='ocr_line' id='line_1_20' title="bbox 107 2306 1145 2435; baseline 0.066 -68"><span class='ocrx_word' id='word_1_157' title='bbox 107 2327 200 2382; x_wconf 84' lang='lat' dir='ltr'><strong>mus,</strong></span> <span class='ocrx_word' id='word_1_158' title='bbox 214 2306 265 2374; x_wconf 85' lang='lat' dir='ltr'><strong>illa</strong></span> <span class='ocrx_word' id='word_1_159' title='bbox 279 2312 418 2384; x_wconf 84' lang='lat' dir='ltr'><strong>coelestia</strong></span> <span class='ocrx_word' id='word_1_160' title='bbox 432 2317 501 2388; x_wconf 87' lang='lat' dir='ltr'><strong>loca</strong></span> <span class='ocrx_word' id='word_1_161' title='bbox 511 2371 521 2396; x_wconf 81' lang='lat'><strong>.</strong></span> <span class='ocrx_word' id='word_1_162' title='bbox 533 2323 567 2388; x_wconf 90' lang='lat' dir='ltr'><strong>in</strong></span> <span class='ocrx_word' id='word_1_163' title='bbox 580 2328 694 2414; x_wconf 87' lang='lat' dir='ltr'><strong>quibus</strong></span> <span class='ocrx_word' id='word_1_164' title='bbox 706 2345 738 2410; x_wconf 83' lang='lat' dir='ltr'><strong>et</strong></span> <span class='ocrx_word' id='word_1_165' title='bbox 748 2335 924 2415; x_wconf 79' lang='lat' dir='ltr'><strong>Jerusalem</strong></span> <span class='ocrx_word' id='word_1_166' title='bbox 936 2365 968 2418; x_wconf 89' lang='lat' dir='ltr'><strong>et</strong></span> <span class='ocrx_word' id='word_1_167' title='bbox 985 2357 1061 2427; x_wconf 85' lang='lat' dir='ltr'><strong>Sion</strong></span> <span class='ocrx_word' id='word_1_168' title='bbox 1077 2387 1145 2435; x_wconf 85' lang='lat' dir='ltr'><strong>esse</strong></span> 
     </span>
     <span class='ocr_line' id='line_1_21' title="bbox 103 2415 1139 2555; baseline 0.063 -79"><span class='ocrx_word' id='word_1_169' title='bbox 103 2415 375 2496; x_wconf 58' lang='lat' dir='ltr'><strong>nominatumque</strong></span> <span class='ocrx_word' id='word_1_170' title='bbox 385 2425 483 2493; x_wconf 83' lang='lat' dir='ltr'><strong>dubio</strong></span> <span class='ocrx_word' id='word_1_171' title='bbox 494 2441 527 2520; x_wconf 82' lang='lat' dir='ltr'><strong>et</strong></span> <span class='ocrx_word' id='word_1_172' title='bbox 538 2445 652 2501; x_wconf 80' lang='lat' dir='ltr'><strong>caetera</strong></span> <span class='ocrx_word' id='word_1_173' title='bbox 663 2461 733 2525; x_wconf 82' lang='lat' dir='ltr'><strong>quae</strong></span> <span class='ocrx_word' id='word_1_174' title='bbox 744 2443 781 2509; x_wconf 85' lang='lat' dir='ltr'><strong>iis</strong></span> <span class='ocrx_word' id='word_1_175' title='bbox 792 2448 895 2519; x_wconf 80' lang='lat' dir='ltr'><strong>ticina</strong></span> <span class='ocrx_word' id='word_1_176' title='bbox 906 2458 954 2524; x_wconf 83' lang='lat' dir='ltr'><strong>rel</strong></span> <span class='ocrx_word' id='word_1_177' title='bbox 966 2468 1139 2555; x_wconf 84' lang='lat' dir='ltr'><strong>conjuncta</strong></span> 
     </span>
     <span class='ocr_line' id='line_1_22' title="bbox 100 2521 1141 2659; baseline 0.061 -76"><span class='ocrx_word' id='word_1_178' title='bbox 100 2534 178 2586; x_wconf 85' lang='lat' dir='ltr'><strong>sunt</strong></span> <span class='ocrx_word' id='word_1_179' title='bbox 192 2521 281 2602; x_wconf 86' lang='lat' dir='ltr'><strong>loca,</strong></span> <span class='ocrx_word' id='word_1_180' title='bbox 297 2527 406 2597; x_wconf 85' lang='lat' dir='ltr'><strong>hocin</strong></span> <span class='ocrx_word' id='word_1_181' title='bbox 419 2555 568 2602; x_wconf 82' lang='lat' dir='ltr'><strong>secausae</strong></span> <span class='ocrx_word' id='word_1_182' title='bbox 579 2547 757 2616; x_wconf 72' lang='lat' dir='ltr'><strong>strationis</strong></span> <span class='ocrx_word' id='word_1_183' title='bbox 773 2559 978 2632; x_wconf 78' lang='lat' dir='ltr'><strong>continebant</strong></span> <span class='ocrx_word' id='word_1_184' title='bbox 994 2571 1025 2638; x_wconf 90' lang='lat' dir='ltr'><strong>in</strong></span> <span class='ocrx_word' id='word_1_185' title='bbox 1042 2577 1141 2659; x_wconf 86' lang='lat' dir='ltr'><strong>coelis,</strong></span> 
     </span>
     <span class='ocr_line' id='line_1_23' title="bbox 98 2630 1143 2771; baseline 0.061 -81"><span class='ocrx_word' id='word_1_186' title='bbox 98 2630 188 2717; x_wconf 91' lang='lat' dir='ltr'><strong>quod</strong></span> <span class='ocrx_word' id='word_1_187' title='bbox 199 2645 283 2700; x_wconf 84' lang='lat' dir='ltr'><strong>sorte</strong></span> <span class='ocrx_word' id='word_1_188' title='bbox 295 2636 462 2707; x_wconf 87' lang='lat' dir='ltr'><strong>distributa</strong></span> <span class='ocrx_word' id='word_1_189' title='bbox 474 2645 736 2730; x_wconf 77' lang='lat' dir='ltr'><strong>gubernabantur</strong></span> <span class='ocrx_word' id='word_1_190' title='bbox 747 2659 780 2724; x_wconf 93' lang='lat' dir='ltr'><strong>in</strong></span> <span class='ocrx_word' id='word_1_191' title='bbox 794 2667 896 2732; x_wconf 86' lang='lat' dir='ltr'><strong>terris.</strong></span> <span class='ocrx_word' id='word_1_192' title='bbox 912 2672 994 2742; x_wconf 75' lang='lat' dir='ltr'><strong>llin&#39;c</strong></span> <span class='ocrx_word' id='word_1_193' title='bbox 1006 2702 1082 2771; x_wconf 80' lang='lat' dir='ltr'><strong>erge</strong></span> <span class='ocrx_word' id='word_1_194' title='bbox 1093 2703 1143 2754; x_wconf 88' lang='lat' dir='ltr'><strong>est</strong></span> 
     </span>
     <span class='ocr_line' id='line_1_24' title="bbox 94 2739 1140 2862; baseline 0.059 -63"><span class='ocrx_word' id='word_1_195' title='bbox 94 2739 186 2826; x_wconf 85' lang='lat' dir='ltr'><strong>quod</strong></span> <span class='ocrx_word' id='word_1_196' title='bbox 202 2741 392 2830; x_wconf 83' lang='lat' dir='ltr'><strong>dispensarit</strong></span> <span class='ocrx_word' id='word_1_197' title='bbox 406 2748 511 2818; x_wconf 78' lang='lat' dir='ltr'><strong>divina</strong></span> <span class='ocrx_word' id='word_1_198' title='bbox 521 2758 674 2844; x_wconf 74' lang='lat' dir='ltr'><strong>snpientia</strong></span> <span class='ocrx_word' id='word_1_199' title='bbox 690 2769 820 2835; x_wconf 84' lang='lat' dir='ltr'><strong>nomina</strong></span> <span class='ocrx_word' id='word_1_200' title='bbox 838 2780 982 2862; x_wconf 70' lang='lat' dir='ltr'><strong>quedam</strong></span> <span class='ocrx_word' id='word_1_201' title='bbox 995 2785 1140 2862; x_wconf 78' lang='lat' dir='ltr'><strong>toeomm</strong></span> 
     </span>
     <span class='ocr_line' id='line_1_25' title="bbox 1 2846 1142 2982; baseline 0.058 -79"><span class='ocrx_word' id='word_1_202' title='bbox 1 2873 7 2914; x_wconf 51' lang='lat' dir='ltr'><strong>r·</strong></span> <span class='ocrx_word' id='word_1_203' title='bbox 96 2846 198 2912; x_wconf 87' lang='lat' dir='ltr'><strong>scribi</strong></span> <span class='ocrx_word' id='word_1_204' title='bbox 210 2849 242 2915; x_wconf 89' lang='lat' dir='ltr'><strong>in</strong></span> <span class='ocrx_word' id='word_1_205' title='bbox 257 2852 449 2942; x_wconf 77' lang='lat' dir='ltr'><strong>seripturis,</strong></span> <span class='ocrx_word' id='word_1_206' title='bbox 468 2883 537 2947; x_wconf 85' lang='lat' dir='ltr'><strong>quae</strong></span> <span class='ocrx_word' id='word_1_207' title='bbox 553 2869 720 2952; x_wconf 80' lang='lat' dir='ltr'><strong>mysticam</strong></span> <span class='ocrx_word' id='word_1_208' title='bbox 736 2882 897 2962; x_wconf 80' lang='lat' dir='ltr'><strong>qnondam</strong></span> <span class='ocrx_word' id='word_1_209' title='bbox 910 2888 1142 2982; x_wconf 85' lang='lat' dir='ltr'><strong>interpretatio-</strong></span> 
     </span>
     <span class='ocr_line' id='line_1_26' title="bbox 93 2959 1138 3079; baseline 0.06 -65"><span class='ocrx_word' id='word_1_210' title='bbox 93 2976 175 3018; x_wconf 87' lang='lat' dir='ltr'><strong>nem</strong></span> <span class='ocrx_word' id='word_1_211' title='bbox 191 2959 393 3038; x_wconf 80' lang='lat' dir='ltr'><strong>contineant,</strong></span> <span class='ocrx_word' id='word_1_212' title='bbox 407 2985 464 3052; x_wconf 87' lang='lat' dir='ltr'><strong>per</strong></span> <span class='ocrx_word' id='word_1_213' title='bbox 480 2991 550 3053; x_wconf 76' lang='lat' dir='ltr'><strong>quer</strong></span> <span class='ocrx_word' id='word_1_214' title='bbox 566 2971 725 3043; x_wconf 63' lang='lat' dir='ltr'><strong>inbcetur</strong></span> <span class='ocrx_word' id='word_1_215' title='bbox 740 2985 830 3051; x_wconf 88' lang='lat' dir='ltr'><strong>nobis</strong></span> <span class='ocrx_word' id='word_1_216' title='bbox 845 3039 854 3065; x_wconf 90' lang='lat'>,</span> <span class='ocrx_word' id='word_1_217' title='bbox 870 2996 943 3079; x_wconf 80' lang='lat' dir='ltr'><strong>quis</strong></span> <span class='ocrx_word' id='word_1_218' title='bbox 958 2998 1024 3068; x_wconf 75' lang='lat' dir='ltr'><strong>hec</strong></span> <span class='ocrx_word' id='word_1_219' title='bbox 1044 3013 1138 3076; x_wconf 85' lang='lat' dir='ltr'><strong>certis</strong></span> 
     </span>
     <span class='ocr_line' id='line_1_27' title="bbox 88 3060 993 3172; baseline 0.055 -51"><span class='ocrx_word' id='word_1_220' title='bbox 88 3060 275 3150; x_wconf 76' lang='lat' dir='ltr'><strong>quibusque</strong></span> <span class='ocrx_word' id='word_1_221' title='bbox 290 3068 532 3149; x_wconf 80' lang='lat' dir='ltr'><strong>rationibus,et</strong></span> <span class='ocrx_word' id='word_1_222' title='bbox 547 3100 611 3144; x_wconf 89' lang='lat' dir='ltr'><strong>non</strong></span> <span class='ocrx_word' id='word_1_223' title='bbox 627 3104 703 3149; x_wconf 85' lang='lat' dir='ltr'><strong>casu</strong></span> <span class='ocrx_word' id='word_1_224' title='bbox 718 3088 768 3154; x_wconf 81' lang='lat' dir='ltr'><strong>rel</strong></span> <span class='ocrx_word' id='word_1_225' title='bbox 778 3092 912 3164; x_wconf 79' lang='lat' dir='ltr'><strong>fortuitu</strong></span> <span class='ocrx_word' id='word_1_226' title='bbox 925 3103 993 3172; x_wconf 82' lang='lat' dir='ltr'><strong>lieri</strong></span> 
     </span>
     <span class='ocr_line' id='line_1_28' title="bbox 87 3179 253 3236; baseline 0.024 -4"><span class='ocrx_word' id='word_1_227' title='bbox 87 3179 253 3236; x_wconf 20' lang='lat' dir='ltr'><strong>secur..r...</strong></span> 
     </span>
     <span class='ocr_line' id='line_1_29' title="bbox 1 3261 1136 3401; baseline 0.06 -68"><span class='ocrx_word' id='word_1_228' title='bbox 1 3261 2 3264; x_wconf 28' lang='lat'>¹</span> <span class='ocrx_word' id='word_1_229' title='bbox 138 3277 234 3342; x_wconf 88' lang='lat' dir='ltr'><strong>Haee²</strong></span> <span class='ocrx_word' id='word_1_230' title='bbox 248 3279 287 3344; x_wconf 85' lang='lat' dir='ltr'><strong>de</strong></span> <span class='ocrx_word' id='word_1_231' title='bbox 297 3281 447 3352; x_wconf 82' lang='lat' dir='ltr'><strong>divisione</strong></span> <span class='ocrx_word' id='word_1_232' title='bbox 459 3291 594 3358; x_wconf 83' lang='lat' dir='ltr'><strong>sortium</strong></span> <span class='ocrx_word' id='word_1_233' title='bbox 606 3307 698 3364; x_wconf 76' lang='lat' dir='ltr'><strong>terrre</strong></span> <span class='ocrx_word' id='word_1_234' title='bbox 711 3301 804 3371; x_wconf 76' lang='lat' dir='ltr'><strong>Judae</strong></span> <span class='ocrx_word' id='word_1_235' title='bbox 815 3313 956 3397; x_wconf 78' lang='lat' dir='ltr'><strong>prolerre</strong></span> <span class='ocrx_word' id='word_1_236' title='bbox 968 3325 1007 3388; x_wconf 73' lang='lat' dir='ltr'><strong>td</strong></span> <span class='ocrx_word' id='word_1_237' title='bbox 1019 3347 1074 3396; x_wconf 81' lang='lat' dir='ltr'><strong>res</strong></span> <span class='ocrx_word' id='word_1_238' title='bbox 1090 3335 1136 3401; x_wconf 91' lang='lat' dir='ltr'><strong>in-</strong></span> 
     </span>
     <span class='ocr_line' id='line_1_30' title="bbox 1 3388 1134 3528; baseline 0.063 -91"><span class='ocrx_word' id='word_1_239' title='bbox 1 3431 2 3440; x_wconf 74' lang='grc'>,</span> <span class='ocrx_word' id='word_1_240' title='bbox 91 3395 255 3470; x_wconf 82' lang='lat' dir='ltr'><strong>quantum</strong></span> <span class='ocrx_word' id='word_1_241' title='bbox 280 3388 326 3453; x_wconf 84' lang='lat' dir='ltr'><strong>sas</strong></span> <span class='ocrx_word' id='word_1_242' title='bbox 348 3391 426 3469; x_wconf 82' lang='lat' dir='ltr'><strong>luit,</strong></span> <span class='ocrx_word' id='word_1_243' title='bbox 447 3397 512 3462; x_wconf 84' lang='lat' dir='ltr'><strong>ausi</strong></span> <span class='ocrx_word' id='word_1_244' title='bbox 534 3421 643 3468; x_wconf 79' lang='lat' dir='ltr'><strong>sumus</strong></span> <span class='ocrx_word' id='word_1_245' title='bbox 664 3407 829 3499; x_wconf 74' lang='lat' dir='ltr'><strong>Scriptura</strong></span> <span class='ocrx_word' id='word_1_246' title='bbox 849 3441 1045 3509; x_wconf 73' lang='lat' dir='ltr'><strong>provocante</strong></span> <span class='ocrx_word' id='word_1_247' title='bbox 1065 3462 1134 3528; x_wconf 80' lang='lat' dir='ltr'><strong>qnae</strong></span> 
     </span>
     <span class='ocr_line' id='line_1_31' title="bbox 79 3489 1137 3636; baseline 0.058 -82"><span class='ocrx_word' id='word_1_248' title='bbox 79 3489 272 3558; x_wconf 76' lang='lat' dir='ltr'><strong>Jerusalem</strong></span> <span class='ocrx_word' id='word_1_249' title='bbox 286 3496 366 3562; x_wconf 86' lang='lat' dir='ltr'><strong>dicit</strong></span> <span class='ocrx_word' id='word_1_250' title='bbox 379 3500 561 3574; x_wconf 67' lang='lat' dir='ltr'><strong>celestem:</strong></span> <span class='ocrx_word' id='word_1_251' title='bbox 579 3521 767 3583; x_wconf 80' lang='lat' dir='ltr'><strong>etmontcm</strong></span> <span class='ocrx_word' id='word_1_252' title='bbox 776 3521 871 3604; x_wconf 86' lang='lat' dir='ltr'><strong>Sion,</strong></span> <span class='ocrx_word' id='word_1_253' title='bbox 889 3543 920 3594; x_wconf 90' lang='lat' dir='ltr'><strong>et</strong></span> <span class='ocrx_word' id='word_1_254' title='bbox 935 3549 1050 3613; x_wconf 69' lang='lat' dir='ltr'><strong>crotera</strong></span> <span class='ocrx_word' id='word_1_255' title='bbox 1064 3559 1137 3636; x_wconf 76' lang='lat' dir='ltr'><strong>qure‘</strong></span> 
     </span>
     <span class='ocr_line' id='line_1_32' title="bbox 78 3599 1137 3728; baseline 0.063 -65"><span class='ocrx_word' id='word_1_256' title='bbox 78 3599 237 3671; x_wconf 69' lang='lat' dir='ltr'><strong>similiter</strong></span> <span class='ocrx_word' id='word_1_257' title='bbox 252 3612 370 3702; x_wconf 75' lang='lat' dir='ltr'><strong>sen‘pta</strong></span> <span class='ocrx_word' id='word_1_258' title='bbox 385 3627 478 3692; x_wconf 83' lang='lat' dir='ltr'><strong>sunt,</strong></span> <span class='ocrx_word' id='word_1_259' title='bbox 497 3641 566 3685; x_wconf 85' lang='lat' dir='ltr'><strong>esse</strong></span> <span class='ocrx_word' id='word_1_260' title='bbox 583 3623 659 3692; x_wconf 80' lang='lat' dir='ltr'><strong>dicit</strong></span> <span class='ocrx_word' id='word_1_261' title='bbox 674 3626 706 3694; x_wconf 86' lang='lat' dir='ltr'><strong>iu</strong></span> <span class='ocrx_word' id='word_1_262' title='bbox 719 3633 831 3701; x_wconf 72' lang='lat' dir='ltr'><strong>enus:</strong></span> <span class='ocrx_word' id='word_1_263' title='bbox 847 3662 920 3728; x_wconf 68' lang='lat' dir='ltr'><strong>quos</strong></span> <span class='ocrx_word' id='word_1_264' title='bbox 932 3651 1022 3720; x_wconf 85' lang='lat' dir='ltr'><strong>nobis</strong></span> <span class='ocrx_word' id='word_1_265' title='bbox 1038 3677 1137 3728; x_wconf 56' lang='lat' dir='ltr'><strong>ecco:</strong></span> 
     </span>
     <span class='ocr_line' id='line_1_33' title="bbox 1 3711 1132 3848; baseline 0.059 -79"><span class='ocrx_word' id='word_1_266' title='bbox 1 3745 3 3780; x_wconf 27' lang='lat' dir='ltr'><strong>q</strong></span> <span class='ocrx_word' id='word_1_267' title='bbox 79 3711 217 3777; x_wconf 77' lang='lat' dir='ltr'><strong>sionem</strong></span> <span class='ocrx_word' id='word_1_268' title='bbox 234 3713 391 3786; x_wconf 83' lang='lat' dir='ltr'><strong>dederunt</strong></span> <span class='ocrx_word' id='word_1_269' title='bbox 402 3724 519 3792; x_wconf 76' lang='lat' dir='ltr'><strong>sentire</strong></span> <span class='ocrx_word' id='word_1_270' title='bbox 533 3728 573 3793; x_wconf 90' lang='lat' dir='ltr'><strong>de</strong></span> <span class='ocrx_word' id='word_1_271' title='bbox 589 3729 640 3796; x_wconf 87' lang='lat' dir='ltr'><strong>his</strong></span> <span class='ocrx_word' id='word_1_272' title='bbox 651 3739 815 3820; x_wconf 84' lang='lat' dir='ltr'><strong>omnibns,</strong></span> <span class='ocrx_word' id='word_1_273' title='bbox 835 3754 921 3836; x_wconf 83' lang='lat' dir='ltr'><strong>quod</strong></span> <span class='ocrx_word' id='word_1_274' title='bbox 936 3770 1084 3848; x_wconf 75' lang='lat' dir='ltr'><strong>mysteria</strong></span> <span class='ocrx_word' id='word_1_275' title='bbox 1101 3773 1132 3844; x_wconf 86' lang='lat' dir='ltr'><strong>in</strong></span> 
     </span>
    </p>
   </div>
   <div class='ocr_carea' id='block_1_6' title="bbox 1079 635 1256 815">
    <p class='ocr_par' dir='ltr' id='par_1_6' title="bbox 1079 635 1256 815">
     <span class='ocr_line' id='line_1_34' title="bbox 1084 635 1256 726; baseline 0.064 -23"><span class='ocrx_word' id='word_1_276' title='bbox 1084 643 1157 726; x_wconf 88' lang='lat' dir='ltr'><strong>qui·</strong></span> <span class='ocrx_word' id='word_1_277' title='bbox 1198 670 1202 678; x_wconf 91' lang='lat'>·</span> <span class='ocrx_word' id='word_1_278' title='bbox 1253 635 1256 640; x_wconf 28' lang='grc' dir='ltr'>Ι</span> 
     </span>
     <span class='ocr_line' id='line_1_35' title="bbox 1079 745 1156 815; baseline 0.091 -6"><span class='ocrx_word' id='word_1_279' title='bbox 1079 745 1156 815; x_wconf 88' lang='lat' dir='ltr'><strong>dum</strong></span> 
     </span>
    </p>
   </div>
   <div class='ocr_carea' id='block_1_7' title="bbox 903 1169 1154 1366">
    <p class='ocr_par' dir='ltr' id='par_1_7' title="bbox 903 1169 1154 1366">
     <span class='ocr_line' id='line_1_36' title="bbox 917 1169 1154 1266; baseline 0.076 -37"><span class='ocrx_word' id='word_1_280' title='bbox 917 1169 1058 1239; x_wconf 81' lang='lat' dir='ltr'><strong>oratione</strong></span> <span class='ocrx_word' id='word_1_281' title='bbox 1071 1197 1154 1266; x_wconf 70' lang='lat' dir='ltr'><strong>pree-</strong></span> 
     </span>
     <span class='ocr_line' id='line_1_37' title="bbox 903 1277 1152 1366; baseline 0.08 -30"><span class='ocrx_word' id='word_1_282' title='bbox 903 1286 957 1339; x_wconf 87' lang='lat' dir='ltr'><strong>net</strong></span> <span class='ocrx_word' id='word_1_283' title='bbox 967 1277 999 1343; x_wconf 88' lang='lat' dir='ltr'><strong>in</strong></span> <span class='ocrx_word' id='word_1_284' title='bbox 1012 1283 1152 1366; x_wconf 89' lang='lat' dir='ltr'><strong>occulto,</strong></span> 
     </span>
    </p>
   </div>
   <div class='ocr_carea' id='block_1_8' title="bbox 1010 3111 1138 3203">
    <p class='ocr_par' dir='ltr' id='par_1_8' title="bbox 1010 3111 1138 3203">
     <span class='ocr_line' id='line_1_38' title="bbox 1010 3111 1138 3203; baseline 0.102 -28"><span class='ocrx_word' id='word_1_285' title='bbox 1010 3111 1138 3203; x_wconf 82' lang='lat' dir='ltr'><strong>dispen-</strong></span> 
     </span>
    </p>
   </div>
   <div class='ocr_carea' id='block_1_9' title="bbox 122 3858 1023 4060">
    <p class='ocr_par' dir='ltr' id='par_1_9' title="bbox 122 3858 1023 4060">
     <span class='ocr_line' id='line_1_39' title="bbox 122 3858 974 3966; baseline 0.062 -64"><span class='ocrx_word' id='word_1_286' title='bbox 122 3858 132 3893; x_wconf 86' lang='lat'>¹</span> <span class='ocrx_word' id='word_1_287' title='bbox 152 3859 186 3906; x_wconf 86' lang='lat' dir='ltr'><strong>N.</strong></span> <span class='ocrx_word' id='word_1_288' title='bbox 196 3875 238 3930; x_wconf 78' lang='lat' dir='ltr'><strong>rr.</strong></span> <span class='ocrx_word' id='word_1_289' title='bbox 251 3863 307 3927; x_wconf 73' lang='lat' dir='ltr'><strong>Peg.</strong></span> <span class='ocrx_word' id='word_1_290' title='bbox 324 3861 450 3930; x_wconf 69' lang='lat' dir='ltr'><strong>451,col.</strong></span> <span class='ocrx_word' id='word_1_291' title='bbox 466 3890 479 3922; x_wconf 83' lang='lat'>2</span> <span class='ocrx_word' id='word_1_292' title='bbox 491 3909 501 3934; x_wconf 75' lang='lat'>,</span> <span class='ocrx_word' id='word_1_293' title='bbox 514 3876 541 3922; x_wconf 85' lang='lat' dir='ltr'><strong>E.</strong></span> <span class='ocrx_word' id='word_1_294' title='bbox 553 3903 585 3914; x_wconf 88' lang='lat'><em>-</em></span> <span class='ocrx_word' id='word_1_295' title='bbox 595 3881 606 3916; x_wconf 88' lang='lat'><strong>¹</strong></span> <span class='ocrx_word' id='word_1_296' title='bbox 617 3878 681 3930; x_wconf 86' lang='lat' dir='ltr'><strong>lbid.</strong></span> <span class='ocrx_word' id='word_1_297' title='bbox 693 3885 749 3952; x_wconf 66' lang='lat' dir='ltr'><strong>rog.</strong></span> <span class='ocrx_word' id='word_1_298' title='bbox 762 3886 811 3951; x_wconf 68' lang='lat'><strong>452</strong></span> <span class='ocrx_word' id='word_1_299' title='bbox 820 3928 828 3956; x_wconf 86' lang='lat'><em>,</em></span> <span class='ocrx_word' id='word_1_300' title='bbox 842 3898 890 3946; x_wconf 85' lang='lat' dir='ltr'><strong>col.</strong></span> <span class='ocrx_word' id='word_1_301' title='bbox 906 3915 934 3966; x_wconf 75' lang='grc' dir='ltr'><strong>ι,</strong></span> <span class='ocrx_word' id='word_1_302' title='bbox 946 3907 974 3954; x_wconf 84' lang='lat' dir='ltr'><strong>D.</strong></span> 
     </span>
     <span class='ocr_line' id='line_1_40' title="bbox 234 3973 1023 4060; baseline 0.063 -49"><span class='ocrx_word' id='word_1_303' title='bbox 234 3973 262 4012; x_wconf 84' lang='lat' dir='ltr'><strong>x.</strong></span> <span class='ocrx_word' id='word_1_304' title='bbox 1003 3995 1023 4060; x_wconf 79' lang='grc'><strong>6</strong></span> 
     </span>
    </p>
   </div>
   <div class='ocr_carea' id='block_1_10' title="bbox 0 0 1378 4596">
    <p class='ocr_par' dir='ltr' id='par_1_10' title="bbox 0 0 1378 4596">
     <span class='ocr_line' id='line_1_41' title="bbox 0 0 1378 4596; baseline 0 4"><span class='ocrx_word' id='word_1_305' title='bbox 0 0 1378 4596; x_wconf 95' lang='lat' dir='ltr'><strong> </strong></span> 
     </span>
    </p>
   </div>
  </div>
 </body>
</html>
