2776 4616
245 269 306 357 594
688 295 831 338 oniensis

245 413 364 478 orande
377 424 424 476 est
435 412 547 500 gratie,
563 427 597 477 ut
610 414 678 480 haee
690 439 755 480 non
768 414 917 482 sabulosis
929 426 961 480 et
973 415 1114 481 Judaieis
1126 415 1263 479 narratio-

247 524 353 597 nibus,
367 523 421 588 sed
434 523 638 590 rationalibus
653 536 685 592 et
700 527 801 614 dignis
817 526 920 591 divine
936 525 1019 614 Lege
1031 525 1186 615 possimus
1200 547 1263 590 sen-
1374 525 1375 616 l

248 634 334 698 sibus
351 633 518 722 explicare.
541 635 648 700 Primo
663 659 738 725 ergo
754 638 897 701 omnium
912 637 1077 701 latendum
1091 645 1139 700 est
1155 635 1185 698 in
1202 635 1263 721 qui·
1374 619 1375 630 ἵ

249 744 384 810 busdaua
408 744 478 834 plus
499 767 591 835 posse
613 759 646 811 et
666 744 736 836 plus
756 747 859 813 valere
881 749 976 813 rerba
997 767 1093 834 quam
1115 766 1261 832 corpora:

249 855 320 940 quis
339 856 425 942 quod
443 857 600 922 exereitus
617 857 792 923 multarum
812 859 955 947 gentium
975 856 1121 944 nequiret
1137 851 1265 926 ellioere,

249 965 335 1051 quod
353 964 436 1030 serra
454 969 596 1032 sturmis
612 991 677 1034 non
695 979 801 1056 posset
818 968 968 1042 obtineri,
981 967 1043 1032 boe
1063 963 1166 1029 verbis
1182 961 1268 1027 ellici·

249 1080 320 1147 tur;
338 1086 370 1138 et
386 1097 450 1141 non
473 1076 545 1141 dico
561 1080 677 1144 sanetis
697 1078 812 1153 verbis,
830 1075 877 1142 vel
895 1077 954 1143 Dei
971 1076 1087 1151 verbis,
1106 1073 1162 1139 sed
1175 1071 1268 1138 verbis

250 1184 441 1271 quibusdam
466 1209 537 1273 quae
564 1187 647 1252 inter
667 1188 812 1253 homines
835 1187 1005 1261 habentur,
1026 1208 1097 1272 quas
1117 1181 1269 1272 quomodo

251 1294 413 1358 nominem
430 1295 537 1360 nescio
553 1318 561 1360 τ
580 1307 654 1361 sunt
672 1296 827 1360 tamenin
847 1292 916 1362 utili
930 1306 998 1360 erte
1016 1293 1205 1380 composita,
1218 1311 1270 1355 eu-

252 1400 303 1487 jus
329 1402 404 1466 artis
425 1401 617 1468 vocabulum
634 1401 712 1467 illud
729 1404 769 1468 sit
785 1403 871 1490 quod
890 1403 1060 1490 unicuique
1075 1399 1222 1491 appellari
1236 1397 1272 1463 li-

253 1511 316 1574 bet.
338 1511 395 1575 Est
413 1533 488 1600 ergo
510 1509 563 1597 (ut
578 1512 660 1598 dixi)
679 1513 766 1600 apud
784 1513 927 1578 homines
950 1535 1031 1603 opus
1053 1510 1184 1598 aliquod
1197 1509 1273 1596 quod

253 1621 356 1685 verbis
366 1621 514 1686 efficitur.
530 1622 617 1700 Quid
629 1635 736 1689 tamen
747 1645 826 1711 opus
842 1620 903 1689 tsle
915 1635 976 1698 est,
989 1634 1024 1687 ut
1040 1621 1182 1710 quamvis
1198 1641 1275 1708 mag-

252 1730 302 1794 nis
314 1731 455 1819 eorporis
470 1732 589 1797 viribus
605 1753 668 1797 non
686 1733 783 1821 possit
798 1731 921 1821 implori
932 1731 947 1796 l
957 1731 1054 1798 Verbi
1069 1731 1180 1820 gratia,
1192 1739 1274 1794 mant

254 1842 286 1905 ia
302 1837 440 1928 AEgypto
456 1841 667 1908 incantatores
682 1855 714 1909 et
729 1843 822 1931 magi.
839 1843 903 1923 Qui
920 1855 1023 1930 potest
1039 1843 1201 1908 bominum
1217 1838 1274 1904 lor-

254 1953 388 2017 titudine
404 1955 545 2043 eorporis
561 1955 681 2044 virgam
697 1966 821 2019 mutare
837 1943 1078 2041 in‘serpentem,
1094 1950 1178 2038 quod
1194 1950 1231 2013 ab
1244 1945 1279 2012 il·

255 2062 292 2128 lis
304 2061 424 2128 saetua'n
436 2063 596 2129 refertur?
609 2076 664 2129 eut
675 2064 745 2151 quis
761 2073 865 2152 potest
880 2063 998 2128 viribus
1013 2060 1154 2149 eorporis
1170 2079 1279 2144 aquam

255 2176 287 2239 in
303 2177 488 2263 sanguinem
510 2176 656 2242 vertere?
677 2175 837 2240 Fecerunt
857 2187 963 2241 tamen
980 2170 1044 2238 hoo
1062 2169 1281 2259 AEgyptiorum

256 2285 468 2351 incantatores
482 2298 514 2351 et
526 2287 619 2374 megi.
634 2285 768 2351 Fecerat
781 2283 866 2349 enim
878 2282 946 2349 haec
961 2281 1048 2371 prius
1061 2277 1186 2366 Moyses
1202 2298 1210 2339 τ
1229 2273 1283 2340 sed

257 2393 328 2481 quia
352 2396 472 2460 sciebat
491 2411 548 2458 rex
569 2393 697 2483 AEgypti
719 2393 803 2481 quod
824 2403 951 2481 possent
973 2390 1040 2455 baeo
1059 2399 1126 2452 arte
1150 2381 1286 2472 quadem

256 2501 324 2567 lieri
337 2504 520 2578 verborum,
534 2524 604 2590 quae
615 2503 751 2568 babetur
762 2503 844 2566 inter
856 2499 1013 2574 homines,
1026 2494 1148 2585 putarit
1159 2507 1191 2559 et
1201 2491 1288 2579 Moy-

255 2635 311 2676 sen
329 2633 391 2677 non
409 2611 477 2676 haee
492 2609 550 2676 Dei
568 2611 695 2689 virtute,
712 2612 767 2675 sed
787 2609 907 2699 magica
929 2619 994 2674 arte
1012 2605 1133 2680 fecisse,
1154 2616 1187 2668 et
1201 2600 1290 2690 quod

255 2709 398 2784 humana
410 2730 478 2783 arte
493 2717 625 2793 lecerat,
641 2718 673 2783 id
689 2718 747 2784 Dei
763 2719 883 2785 laetum
900 2717 1016 2782 virtute
1031 2711 1190 2780 simulare.
1206 2711 1291 2776 Con-

256 2836 348 2891 vocat
369 2826 522 2892 continuo
540 2824 761 2914 AEgyptiorum
781 2827 994 2891 incantatores
1011 2835 1045 2888 et
1064 2844 1183 2910 meges.
1203 2821 1295 2886 luter

262 2955 336 2998 eum
353 2936 406 3021 qui
421 2936 539 3000 virtute
549 2935 607 3000 Dei
623 2936 826 3024 operabatur,
842 2946 875 3000 et
889 2957 943 2999 eos
958 2934 1011 3021 qui
1028 2934 1188 3016 daemones
1204 2929 1295 2994 invo-

177 3064 181 3072 ·
258 3043 386 3115 cabant,
403 3041 477 3108 faoit
488 3065 556 3108 esso
571 3056 741 3110 oertemen.
761 3043 866 3108 Efficit
882 3052 988 3108 tamen
1004 3042 1148 3107 similiter
1161 3051 1195 3106 et
1211 3061 1296 3105 con·

258 3151 352 3213 trarie
365 3150 461 3215 virtus
474 3152 593 3241 virgam
605 3165 785 3242 serpentem
798 3154 881 3218 siout
894 3151 1012 3216 lecerat
1022 3150 1122 3215 virtus
1136 3149 1217 3215 Dei:
1239 3147 1301 3214 sed

145 3250 147 3256 ’
258 3278 386 3345 serpens
400 3260 454 3344 qui
469 3279 527 3345 per
539 3262 689 3324 virtutem
704 3260 763 3326 Dei
775 3259 876 3325 sactus
889 3258 1003 3335 suerat,
1017 3259 1181 3324 absorbuit
1192 3270 1228 3322 et
1244 3257 1304 3322 de·

260 3366 380 3429 voravit
392 3387 500 3431 omnes
513 3365 581 3433 illos
593 3379 753 3455 serpentes
769 3367 824 3456 qai
840 3379 906 3433 erte
922 3367 1042 3455 mugiea
1054 3388 1094 3432 ex
1105 3367 1200 3454 virgis
1213 3365 1307 3430 versi

259 3474 385 3540 fuerent
404 3475 435 3540 in
456 3489 626 3565 serpentes.
649 3475 718 3543 Non
742 3479 827 3543 enim
849 3477 952 3566 potuit
975 3475 1073 3541 virtus
1096 3474 1306 3541 daemoniaca

261 3585 380 3651 malum
396 3588 483 3674 quod
498 3609 534 3650 ex
555 3588 641 3651 bono
664 3586 782 3654 iecerat
801 3587 966 3653 restituere
988 3585 1020 3650 in
1037 3586 1168 3649 bonum.
1187 3581 1308 3648 Potuit

257 3717 297 3759 ex
308 3696 392 3783 virga
403 3697 507 3761 lucere
519 3709 711 3783 serpentem,
725 3699 842 3786 virgam
860 3719 934 3762 vero
948 3694 1081 3762 reddere
1093 3716 1131 3758 ex
1143 3707 1308 3781 serpente

265 3797 327 3872 non
344 3805 447 3894 potuit
465 3828 472 3868 :
500 3818 532 3869 et
546 3807 618 3871 ideo
634 3821 867 3875 consumuntur
881 3829 991 3874 omnes
1007 3829 1046 3872 ex
1065 3827 1101 3870 ea
1117 3805 1203 3892 virga
1230 3825 1312 3891 quse

258 3915 316 3984 Dei
333 3916 449 3980 virtute
469 3939 557 3982 versa
575 3918 677 3985 fuerat
693 3920 724 3986 in
745 3931 934 4009 serpentem.
955 3919 1065 3984 Postea
1086 3937 1159 3981 vero
1175 3937 1242 4004 per
1261 3913 1316 3979 di-
