2682 4594
420 279 452 321 rx
476 277 616 321 rsnnuorx
639 279 729 320 xxxrr
753 279 825 322 nou.
854 281 875 322 1.
1087 253 1153 318 ¹06

133 402 223 489 risque
233 401 377 467 sensibus
389 401 421 467 in
433 401 647 489 superioribus
658 400 955 466 demonstravimus.
969 399 1154 468 Secundum

115 505 173 574 'sui
196 522 339 575 naturam
362 531 419 586 eor
441 509 509 576 sine
536 509 634 576 dubio
660 507 898 598 intelligentiam
925 510 1037 598 poscit.
1066 509 1157 575 Siout

133 615 230 682 oculus
246 618 366 692 visum,
384 618 427 684 ita
442 641 500 685 eor
514 616 711 683 intellectum
725 617 867 703 requirit.
887 617 978 683 Siout
990 617 1071 681 auris
1083 639 1158 681 sua-

134 747 196 788 vem
211 747 322 789 sonum
338 725 445 812 cupit,
461 726 504 790 ita
524 747 581 790 cor
597 725 789 812 sapientibus
808 725 951 791 sensibus
968 722 1153 790 delectatur.

134 829 214 893 Siout
228 841 335 917 gustus
355 828 441 895 dulei
461 849 592 917 sapore,
617 829 661 894 ita
683 850 739 894 eor
759 828 968 916 prudentibus
990 826 1158 916 cogitatio-

135 932 216 996 nibus
235 931 360 1020 gaudet.
383 933 474 999 Siout
491 933 642 998 odoratus
661 927 813 997 suavitate
831 931 1026 1020 fragrantiae,
1045 931 1088 996 ita
1102 953 1158 996 cor

134 1038 360 1104 rationabilibus
375 1040 485 1105 studiis
500 1039 633 1106 laetntur.
655 1040 745 1106 Siout
759 1051 864 1105 tactus
878 1038 1002 1104 lenibus
1021 1061 1057 1104 ae
1076 1036 1159 1104 mol·

134 1145 224 1222 libus,
245 1148 288 1212 ita
308 1171 366 1213 eor
385 1146 533 1224 utilibus,
555 1159 588 1213 et
610 1148 737 1236 optimis
757 1145 894 1213 consiliis
916 1145 1101 1212 delectatur.
1125 1145 1158 1211 Si

132 1277 200 1342 ergo
209 1253 363 1320 delicieris
374 1256 407 1321 in
418 1256 573 1332 Domino,
585 1267 618 1320 et
629 1255 788 1344 sapientiae
799 1266 831 1320 et
844 1254 981 1321 veritatis
989 1265 1023 1317 et
1032 1252 1159 1341 justitiae

134 1361 224 1449 copiis
238 1374 331 1448 atque
346 1361 465 1429 deliciis
481 1362 669 1452 perfruaris,
687 1361 775 1427 debit
790 1362 848 1426 tibi
864 1355 1018 1427 Dominus
1033 1359 1159 1449 petitio-

135 1493 187 1535 nes
201 1470 305 1535 eordis
319 1471 365 1534 tui
382 1483 467 1560 eptas
481 1470 600 1536 deliciis
616 1471 815 1558 supradietis.

176 1576 212 1643 V.
227 1578 300 1643 Post
311 1577 378 1644 haeo
394 1577 470 1643 dicit
485 1601 492 1643 :
504 1605 517 1639 ι
529 1576 645 1645 Revela
655 1578 792 1643 Domino
805 1579 886 1645 viam
898 1590 1007 1654 tuam,
1023 1589 1056 1643 et
1070 1599 1160 1666 spera

136 1687 185 1751 rin
196 1709 268 1750 eum
278 1735 288 1761 ,
300 1699 332 1751 et
349 1687 414 1774 ipse
429 1686 551 1753 faeiet¹.
568 1686 680 1752 Omnis
693 1687 746 1774 qui
763 1686 844 1753 male
858 1687 940 1775 agit,
955 1686 1023 1751 odit
1037 1685 1159 1759 lucem,

135 1807 184 1860 »et
200 1817 261 1860 non
278 1795 364 1860 venit
379 1795 420 1860 ad
437 1793 542 1860 lucem
562 1795 607 1859 uti
626 1818 666 1859 ue
687 1807 859 1883 arguantur
877 1817 974 1882 opera
994 1794 1074 1881 ejus.
1097 1791 1160 1872 Qui

132 1911 253 1964 »autem
275 1898 350 1964 lacit
366 1899 548 1974 veritatem,
565 1899 650 1964 venit
668 1898 708 1963 ad
723 1896 860 1964 luenm'.
882 1927 895 1960 ι
912 1899 1072 1979 Quoniam
1086 1919 1162 1985 ergo

131 2007 183 2093 qui
203 2003 285 2070 male
304 2007 385 2093 agit,
405 2006 471 2071 odit
487 2003 611 2081 lucem,
629 2017 661 2069 et
684 2018 840 2094 quantum
858 2005 977 2094 inipso
999 2001 1162 2071 occultans

132 2111 209 2178 malr
220 2135 290 2200 quae
302 2113 365 2200 agit
374 2162 383 2188 ,
392 2124 425 2178 et
434 2113 547 2179 timens
559 2137 600 2178 ne
612 2124 780 2200 arguatur,
796 2110 875 2178 velat
886 2125 918 2176 et
929 2113 1069 2200 contegit
1081 2111 1162 2176 viam

133 2244 237 2297 suam,
256 2233 289 2286 et
312 2233 463 2310 tanquam
483 2221 660 2288 velamento
683 2222 821 2307 quodam
842 2222 943 2309 operit
964 2233 1053 2286 aetus
1076 2243 1158 2284 suos.

12 2395 17 2407 ,
134 2329 226 2398 Verbi
241 2331 357 2419 gratia,
374 2333 399 2396 si
414 2332 483 2418 quis
499 2342 655 2404 vestrum,
673 2328 747 2395 lieet
762 2353 826 2395 non
842 2341 949 2418 optem
965 2351 1033 2393 esse
1050 2327 1082 2392 in
1101 2328 1164 2392 hoo

131 2451 288 2505 conventu
302 2437 397 2504 talem
414 2438 569 2526 aliquem,
585 2450 692 2504 tamen
708 2438 733 2502 si
752 2438 820 2524 quis
837 2438 1008 2511 intervos,
1026 2436 1090 2500 sive
1108 2458 1165 2499 oa-

130 2547 357 2623 techumenus,
378 2547 441 2612 sive
456 2547 552 2612 etiem
574 2570 654 2611 unus
675 2544 786 2632 aliquis
806 2569 844 2610 ex
862 2544 1006 2634 pluribus
1024 2540 1165 2608 fidelium

130 2656 277 2722 conscius
289 2655 348 2721 sibi
359 2667 407 2720 est
418 2655 502 2743 quod
515 2654 688 2721 fornicatus
698 2654 753 2730 sit,
765 2664 797 2718 et
805 2651 886 2718 colat
897 2651 1050 2717 delictum
1062 2701 1071 2726 ‚
1086 2673 1166 2714 nun-

130 2764 209 2852 quid
224 2787 290 2829 non
305 2763 362 2828 tibi
378 2763 502 2828 videtur
521 2762 579 2827 iste
594 2760 772 2837 occultare,
788 2772 819 2825 et
834 2761 957 2849 operire
976 2759 1057 2824 viam
1076 2780 1165 2822 suam

133 2893 229 2957 quam
248 2871 389 2936 inoedit?
405 2871 469 2951 Qui
490 2881 595 2935 autern
615 2881 700 2934 caste
719 2869 801 2957 agit,
822 2881 855 2934 et
870 2868 1002 2934 confidit
1021 2866 1060 2932 de
1078 2865 1168 2955 puri-

134 2986 199 3040 tate
214 2975 282 3038 vitae
297 2999 378 3051 suar,
394 2999 460 3040 non
471 2973 536 3040 vult
552 2973 715 3061 cooperire
731 2973 813 3039 viam
828 2996 935 3047 suam,
949 2972 1003 3036 sed
1016 2969 1083 3036 vult
1097 2993 1169 3035 eam

129 3082 331 3148 manifestam
353 3083 425 3149 dico
446 3105 510 3147 non
528 3081 731 3156 hominibus,
752 3104 792 3145 ne
810 3080 891 3145 forte
910 3079 1062 3168 percipiat
1084 3102 1170 3144 mon

127 3189 244 3256 cedem
261 3213 350 3255 suam
367 3191 405 3255 ab
423 3189 624 3264 bominibus,
641 3189 698 3253 sed
711 3189 780 3253 Deo
795 3187 983 3253 manifestat.
999 3188 1170 3275 Propterea

128 3321 209 3386 ergo
230 3298 367 3375 dieitur,
384 3297 511 3364 «revela
532 3298 573 3363 ad
588 3294 760 3362 Dominum
780 3296 859 3361 viam
875 3308 972 3361 tuam.
992 3323 1005 3356 ι
1021 3295 1084 3361 Sed
1099 3306 1131 3358 et
1146 3293 1171 3356 si

129 3400 292 3468 malorum
306 3403 361 3467 tibi
374 3403 519 3468 conscius
532 3401 710 3489 aliquorum
724 3400 835 3475 fueris,
845 3398 909 3464 noli
922 3398 1103 3472 occultare,
1116 3396 1173 3462 sed

125 3532 191 3599 per
203 3509 467 3599 exomologesim,
480 3510 513 3575 id
523 3521 589 3585 est,
604 3508 833 3575 consessionem
849 3506 951 3574 revela
966 3531 1003 3573 ea
1015 3506 1171 3579 Domino,

125 3629 163 3682 et
189 3641 284 3706 spera
302 3619 334 3684 in
354 3641 448 3694 eum,
473 3631 505 3684 et
527 3619 594 3707 ipse
613 3616 716 3682 faciet.
740 3617 807 3682 Hoc
829 3628 894 3692 est,
917 3639 992 3683 oum
1014 3613 1173 3680 conlessus

122 3726 251 3803 fueris,
264 3740 297 3792 et
312 3725 495 3794 revelaveris
511 3727 540 3792 ei
555 3726 670 3793 delicte
685 3738 740 3791 tua
751 3775 760 3801 ,
773 3749 863 3814 spera
878 3725 909 3790 in
921 3746 996 3790 eum
1008 3720 1093 3811 quod
1105 3743 1161 3808 pos

169 3873 177 3910 ¹
192 3876 284 3926 Psalm.
297 3895 391 3940 xxxvr,
405 3878 428 3928 5.
479 3875 572 3926 ²Joaa.
585 3893 630 3939 ιιι,
641 3893 690 3936 20,
706 3891 747 3926 nr.
