2604 4614
256 266 288 308 us
313 264 473 308 canrrcuu
498 265 699 310 carricentur
724 267 796 312 uon.
824 270 857 311 ιι.
1023 247 1088 334 349
1183 241 1186 249 Α

53 387 111 452 eris
124 408 218 474 super
233 396 352 450 terram
364 385 480 452 bonam
492 407 588 472 quam
600 385 756 452 Dominus
768 387 853 452 Deus
863 384 938 452 tuus
950 389 1004 455 dat
1016 390 1084 456 tibi.

60 490 235 577 «Adjuravi
258 513 314 556 vos
335 487 407 554 liliae
430 488 627 557 Hierusalem
651 492 682 557 in
708 493 894 568 virtutibus,
919 505 952 558 et
970 494 1089 559 viribus

53 597 167 687 vagri¹.
184 625 197 658 a
216 597 305 677 Quid
318 597 446 685 adjurat
460 619 575 685 sponsa
590 596 670 664 lilios
686 599 911 666 Hierusalem?
927 626 940 661 a
954 601 987 666 si
1002 600 1088 666 leva-

55 706 195 780 svoritis,
210 715 242 768 et
256 705 480 770 suscitaveritis
495 704 682 771 charitatem
693 705 716 770 ².
739 733 753 768 s
768 707 932 787 Quamdiu
951 707 1088 773 charitas

55 815 168 880 dormit
182 814 212 878 in
227 813 317 878 vobis
327 861 337 887 ,
349 836 369 875 e
381 811 453 878 filiae
464 811 679 878 Hierusalem!
699 837 718 878 o
737 812 997 880 adolescentulae!
1017 838 1088 903 quae

55 923 86 986 in
100 945 149 988 me
164 943 226 986 nou
241 919 360 986 dormit
370 969 379 996 ,
390 920 469 1008 'quia
484 918 646 986 vulnerato
663 943 734 986 sum
749 922 930 987 charitate?
947 923 983 988 ln
1001 924 1088 990 vobis

50 1043 153 1096 autem
175 1053 244 1118 quae
263 1027 369 1118 plures
387 1029 480 1106 estis,
500 1041 532 1094 et
551 1028 812 1107 adolescentulae,
834 1043 867 1094 et
883 1029 956 1095 liliae
972 1032 1086 1098 Hieru-

47 1137 163 1215 salem,
179 1137 296 1202 dormit
312 1136 448 1202 cbaritas
464 1136 580 1224 spousi.
598 1137 751 1224 Adjoravi
766 1161 841 1226 ergo
854 1161 908 1204 vos
927 1137 999 1203 lilios
1015 1138 1084 1204 Hie

48 1244 199 1320 rusalem,
224 1246 249 1310 si
271 1243 464 1320 levaveritis,
490 1256 523 1309 et
547 1267 613 1309 non
633 1242 737 1310 solum
760 1242 957 1320 levaveritis,
981 1247 1036 1311 sed
1055 1257 1087 1311 et

52 1352 286 1428 suscitaveritis,
303 1375 372 1439 quae
386 1351 524 1430 invehis
535 1364 583 1416 est
594 1351 791 1418 charitatem.
811 1351 944 1419 Creator
961 1354 1087 1420 uuiver-

52 1463 145 1528 sitatis
157 1482 229 1526 cum
243 1453 478 1534 aescenderet,
491 1458 622 1524 inseruit
633 1459 666 1524 in
679 1459 829 1526 cordibus
842 1462 952 1526 vestris
964 1463 1087 1527 semina

48 1569 216 1636 charitatis.
235 1566 329 1632 Nunc
345 1579 467 1643 autom,
484 1567 565 1632 sicut
580 1565 654 1632 alibi
671 1566 787 1632 dicitur
806 1590 814 1632 ι
837 1594 850 1628 v
864 1567 884 1634 J
887 1569 994 1634 ustitia
1010 1569 1090 1634 dor-

51 1679 156 1744 »mivit
169 1677 202 1742 in
218 1675 318 1751 ea⁸,»
337 1676 381 1740 sic
397 1673 525 1740 dilectio
543 1675 741 1742 dormitatio
755 1677 843 1741 vobis
862 1699 871 1741 τ
889 1678 978 1763 juxta
997 1678 1085 1764 quod

48 1799 79 1851 et
92 1784 162 1852 alibi
178 1784 294 1849 dicitur
314 1806 322 1847 :
344 1808 357 1842 s
374 1783 514 1870 Sponsus
529 1783 682 1869 requievit
702 1794 736 1846 ut
759 1781 826 1858 leo,
850 1795 883 1848 et
904 1796 939 1848 ut
957 1783 1081 1850 catulus

43 1891 223 1960 »leonis¹.v
247 1889 362 1956 Adhuc
377 1890 410 1955 in
426 1888 625 1964 infidelibus,
646 1902 678 1954 et
698 1889 730 1954 in
749 1890 798 1954 his
817 1889 871 1978 qui
895 1890 992 1956 corde
1008 1904 1082 1956 sunt

43 2003 140 2068 dubio
156 1999 308 2066 dormitat
326 2020 430 2064 sermo
450 1998 593 2073 divinus,
611 1995 716 2086 vigilat
730 1999 763 2061 in
779 1999 894 2064 sanctis
909 2023 917 2064 :
932 1998 1083 2065 dormitat

42 2111 74 2175 in
96 2110 144 2174 bis
160 2108 215 2195 qui
237 2106 477 2194 tempestatibus
500 2104 677 2180 fluctuant,
695 2105 864 2170 suscitatur
879 2129 954 2171 vero
969 2131 1083 2172 eorum

44 2219 173 2283 vocibus
191 2217 245 2303 qui
264 2214 398 2302 cupiunt
415 2211 563 2301 vigilante
581 2235 698 2300 sponso
714 2209 837 2277 salvari.
861 2213 976 2278 Statim
991 2213 1028 2278 tit
1043 2237 1082 2278 eo

46 2325 187 2415 vigilante
199 2319 428 2409 tranquillitas,
442 2323 547 2386 statim
562 2320 718 2386 undarum
730 2317 830 2384 moles
837 2321 1080 2406 conquiescunt,

43 2434 201 2523 spiritibus
214 2428 379 2498 contrariis
392 2439 616 2516 concrepatur,
630 2426 901 2492 fluctuum'rabies
912 2426 1001 2492 silet⁶
1012 2427 1084 2492 :illo

38 2543 220 2610 dormiente
241 2549 431 2626 tempestas,
457 2560 562 2613 mors,
587 2549 619 2602 et
642 2537 818 2624 desperatio
841 2547 899 2600 est.
926 2536 1083 2622 «Adiuro

35 2677 134 2742 »ergo
146 2674 202 2716 vos
214 2647 286 2714 liliae
298 2643 495 2711 Hierusalem
506 2645 735 2718 invirtutibus,
749 2643 822 2707 etin
830 2643 948 2708 viribus
957 2643 1023 2730 agri
1035 2642 1075 2707 ’.ι

35 2763 140 2852 Cujus
156 2757 245 2847 agri?
262 2755 383 2841 Nempe
399 2751 482 2820 illius
500 2753 566 2842 agri
588 2750 692 2842 pleni,
714 2773 813 2839 quem
835 2750 999 2816 benedixit
1016 2751 1084 2815 Do-
1164 2767 1167 2772 ’

31 2867 178 2939 minus⁷.

76 2981 124 3046 X.
145 3007 159 3039 a
174 2977 210 3044 Si
229 2969 425 3047 levaveritis,
441 2982 475 3038 et
492 2967 715 3036 suscitaveritis
732 2965 922 3032 charitatem
939 3015 948 3040 ,
975 2968 1084 3053 quoad

28 3110 165 3177 »uque
176 3084 252 3153 velit
263 3109 323 3154 vox
336 3080 493 3152 fratruelis
507 3079 582 3145 mei.
599 3079 684 3144 Ecce
695 3076 750 3141 hic
761 3075 847 3140 venit
862 3071 975 3140 saliens
988 3098 1085 3163 super

27 3209 188 3264 »mentes
198 3193 220 3260 ⁸.
241 3196 343 3262 »llaec
362 3193 467 3260 adbuc
484 3188 626 3276 loquitur
643 3183 801 3258 Ecclesia,
818 3182 990 3250 exhortans
1006 3185 1085 3250 ado·-

28 3303 249 3380 lesoeutulas,
266 3316 301 3370 ut
318 3301 475 3391 adspensi
490 3305 708 3387 preparentur
723 3293 897 3358 adveutum
911 3315 919 3356 ε
934 3293 958 3356 si
975 3304 1083 3358 tamen

26 3415 148 3482 venire
164 3411 319 3488 voluerit,
335 3422 368 3478 et
385 3431 479 3476 sanam
495 3405 555 3472 illis
574 3404 716 3493 praebere
738 3397 944 3486 colloquium.
964 3399 1083 3466 Adhuc

17 3526 131 3615 igitur
146 3521 301 3610 loquente
316 3545 373 3596 ea,
395 3519 481 3587 venit
502 3537 656 3604 sponsus,
672 3531 769 3597 quem
789 3509 888 3598 digito
904 3520 1082 3584 monstrat,

13 3646 54 3701 et
74 3632 164 3698 dicit
181 3654 189 3696 a
211 3631 321 3696 «Ecce
336 3627 390 3694 hic
404 3627 491 3694 venit
513 3621 626 3690 saliens
648 3641 743 3707 super
761 3627 895 3682 meotes.
910 3644 923 3678 a
940 3614 1084 3704 Intellige

56 3793 166 3842 *cane
181 3803 216 3847 11,
231 3803 255 3854 7.
267 3779 394 3834 -21btd
411 3811 436 3820 --
453 3781 528 3831 ⁸lsai.
544 3799 566 3841 1,
582 3797 623 3829 aa.
638 3806 653 3811 -·
675 3775 769 3824 ‘Num
792 3789 865 3828 xxiv,
885 3789 908 3838 9.
925 3801 957 3809 -
973 3769 982 3802 ⁵
996 3771 1084 3844 blattis.

12 3897 81 3929 vua.
100 3906 137 3916 —
152 3873 164 3906 ⁶
178 3874 249 3923 Cant.
264 3889 297 3932 rr,
310 3887 333 3937 7.
351 3899 376 3904 —-
387 3873 397 3904 ⁷
409 3867 472 3919 Gen.
485 3884 555 3916 xxva.
569 3861 619 3902 -l
630 3864 701 3911 Cant.
717 3877 752 3920 ιι,
769 3877 793 3920 7,
806 3863 829 3906 s.
