2706 4624
323 325 354 367 rn'
380 323 551 368 nnvrrrcou
575 321 705 366 uournrn
729 323 791 366 xvr.
1014 297 1074 360 sot

94 455 145 518 nst,
157 465 227 508 nunc
243 465 337 508 rorem
357 455 464 517 vocnt,
480 465 565 508 nunc
587 440 735 515 imbrem,
756 461 842 505 nrrno
859 438 956 503 etiem
971 437 1076 502 nirem

93 551 159 618 dicit
170 553 279 618 Etsiout
289 551 412 638 Moyses
427 552 511 617 rnrie
527 562 560 616 et
575 549 696 616 diversa
711 548 911 638 proloquitur
925 559 1075 633 tanquam

94 660 203 747 oxgrstir
213 659 399 726 multiformis
413 659 471 726 Dei
484 659 644 747 sapientire
655 658 859 747 proloquens,
871 658 914 722 itu
926 668 959 721 et
969 655 1075 720 Esuies

98 767 224 832 condicit
239 792 246 832 ε
261 796 273 828 s
289 768 374 836 Audi
389 767 519 842 coelurn,
537 779 569 831 et
585 769 711 855 percipe
735 769 862 834 auribus
882 779 980 840 terre,
995 787 1077 852 quo-

97 872 185 938 »nisu
199 875 332 942 Dominus
355 874 480 941 locotus
502 873 580 938 est¹.
600 873 742 940 »Sedet
766 874 981 962 unusquisque
997 872 1076 937 Pro—

97 978 220 1064 phetarum
238 1006 306 1048 oum
329 981 489 1069 aperuerit
510 1003 545 1045 os
567 980 686 1046 imbres
706 981 835 1048 deducit
853 1003 948 1069 super
963 980 1076 1046 leciem

96 1097 170 1162 term,
180 1087 229 1156 boc
238 1104 281 1156 est
290 1091 422 1157 nuribus
435 1099 468 1154 et
478 1089 629 1156 cordibus
642 1089 833 1156 auditorum.
849 1091 919 1155 lloc
930 1090 1032 1156 sciens
1043 1099 1077 1153 et

94 1193 220 1281 Apostolus
232 1198 343 1266 Paulus
362 1200 513 1269 dicebat:
528 1229 541 1266 s
555 1202 653 1270 Terre
669 1199 753 1265 enim
771 1199 951 1264 venientem
964 1198 1076 1285 saepius

89 1325 219 1390 »superse
232 1308 341 1374 bibens
359 1309 508 1386 imbrem,
524 1323 557 1375 et
572 1308 752 1398 germinans
768 1306 902 1373 herbum
922 1317 1076 1393 opportu-

91 1432 165 1476 »nsm
180 1413 241 1480 iisu
261 1417 380 1504 quibus
404 1415 535 1493 colitur,
555 1415 678 1504 occipit¹
692 1415 930 1486 benedictiones
947 1438 964 1478 n
980 1414 1049 1478 Deo
1066 1435 1074 1478 t

94 1541 162 1604 sque
174 1534 263 1588 sutem
280 1522 451 1612 protulerit
466 1526 572 1614 spinos
591 1536 624 1590 et
643 1523 788 1600 tribulos,
809 1525 944 1612 reprobo
962 1535 1023 1597 est.
1046 1534 1079 1588 et

92 1651 102 1686 r
113 1626 241 1696 maledicto
248 1634 405 1721 proximo,
416 1636 467 1721 cuj
473 1659 507 1700 us
520 1634 591 1702 finis
602 1631 643 1701 ed
654 1632 882 1700 exustionem².
893 1661 906 1696 ι
917 1632 1079 1719 Numquid

90 1731 141 1800 bec
150 1737 291 1826 Apostolus
304 1743 346 1808 de
360 1755 441 1808 terro
453 1744 515 1810 bne
527 1743 628 1809 dixit?
639 1742 704 1808 Sed
716 1765 775 1810 nec
788 1742 905 1830 occipit
917 1755 999 1808 terre
1011 1743 1079 1808 bsec

86 1840 277 1916 benedictiones
292 1874 311 1916 e
329 1851 411 1928 Deo,
429 1870 503 1926 cum
526 1851 643 1916 imbres
659 1852 777 1918 biberit
793 1863 827 1916 ct
847 1852 987 1916 fructum
1003 1872 1078 1938 pro-

86 1949 189 2018 duxerit.
206 1957 261 2024 Sed
276 1981 382 2046 neque
396 1959 422 2025 si
437 1961 542 2046 spines
556 1983 595 2024 ec
610 1959 744 2026 tribulos
759 1972 831 2048 post
846 1958 985 2048 pluviem
1003 1982 1078 2047 pro-

84 2058 178 2138 tulerit,
187 2079 389 2156 consequetur
397 2065 654 2136 meledictionem
665 2095 683 2134 n
694 2067 772 2136 Deo.
786 2069 851 2134 Sed
862 2083 968 2135 nostre
981 2082 1078 2143 terro,

86 2166 112 2230 id
121 2183 170 2245 est,
180 2189 304 2244 nosturrn
318 2199 388 2250 cor,
402 2177 428 2242 si
439 2177 587 2265 suscipiet
599 2177 781 2265 frequentor
793 2179 970 2244 venientem
986 2183 1080 2266 s'upor

88 2297 115 2340 se
126 2277 237 2362 plurim
248 2285 398 2353 doctrinae
412 2283 504 2373 legis,
519 2298 552 2352 et
566 2275 706 2352 attulerit
719 2286 863 2353 fructum
871 2309 1018 2374 operum,
1030 2308 1080 2352 nc·

88 2384 406 2473 cipitbenediotioness
423 2395 502 2462 Deo.
522 2395 556 2460 Si
572 2419 646 2461 vero
661 2417 726 2463 nou
741 2418 821 2483 opus
836 2394 1009 2482 spirituale,
1025 2396 1080 2460 scd

82 2495 166 2580 spinos
179 2513 206 2564 et
218 2505 359 2580 tribulos,
380 2504 489 2578 idest,
509 2503 736 2570 sollicitudines
759 2502 864 2568 saeculi
879 2503 1008 2578 habent,
1026 2515 1081 2569 eut

80 2600 235 2695 rolnptntes,
249 2627 281 2680 et
296 2613 480 2680 divitiorum
496 2613 700 2702 cupiditatesr
715 2615 851 2703 reprobe
867 2625 926 2688 est,
940 2625 973 2678 et
989 2610 1083 2678 male·
1143 2609 1144 2622 ¹

80 2712 145 2780 dicto
161 2723 305 2805 prosimu,
331 2723 425 2810 cujus
447 2721 519 2788 linis
537 2722 597 2787 erit
618 2723 658 2787 ed
680 2724 886 2788 exustionem.
910 2721 1079 2810 Propterea

80 2829 259 2918 unusquisque
279 2831 465 2897 auditorum
480 2853 555 2894 cuim
571 2832 721 2898 convenit
735 2831 776 2896 nd
791 2832 1000 2908 audiendum,
1017 2855 1082 2898 sus-

78 2930 136 3018 cipit
145 2935 271 3006 imbrem
288 2941 377 3006 verbi
391 2939 447 3006 Dei
462 2964 470 3004 :
485 2951 518 3006 et
529 2939 684 3025 siquidem
699 2940 839 3006 fructum
856 2939 996 3006 attulerit
1011 2963 1083 3029 ope·

76 3038 199 3120 tithoni,
221 3047 480 3114 benedictionem
499 3059 724 3134 consequetur.
749 3048 783 3113 Si
805 3071 879 3113 vero
899 3063 1083 3138 susceptum

78 3152 180 3220 terbum
195 3155 250 3222 Dei
268 3159 508 3246 contempserit,
526 3170 558 3221 et
573 3157 755 3244 frequenter
771 3158 876 3224 endite
897 3156 1082 3246 neglexerit,

77 3374 195 3456 hequem
207 3377 262 3463 qui
276 3375 375 3463 spinis
386 3375 587 3441 suffocaverit
601 3377 745 3450 verbum,
758 3373 1015 3442 maledictionem
1026 3396 1084 3464 pro

78 3473 271 3551 benedictione
290 3483 462 3571 conquirit,
475 3497 507 3548 ct
523 3506 581 3572 pro
597 3484 800 3550 beatitudinis
812 3484 875 3551 stne
887 3484 984 3552 finem
996 3509 1085 3552 exus-

78 3581 144 3654 lt'out's
157 3590 298 3660 inveniet
312 3616 321 3656 ε
333 3621 346 3652 n
358 3593 448 3659 Dabo
465 3615 552 3680 orgo,
567 3593 690 3677 inquit,
711 3594 798 3660 robis
813 3593 952 3682 pluriam
966 3595 997 3660 in
1009 3607 1086 3659 tem·

74 3699 590 3779 »pns¹..1ts0nssrioanuidites
606 3701 642 3764 in
660 3717 810 3788 tempore.
827 3703 917 3768 Sicut
927 3703 1014 3791 enlm
1030 3704 1086 3766 im·

69 3799 114 3866 ber
124 3803 177 3872 iste
196 3819 345 3876 terrenus
360 3810 385 3874 si
402 3810 583 3898 importune
607 3809 724 3886 reniet,
747 3811 859 3887 idest,
882 3835 955 3878 curn
976 3812 1086 3877 messis

97 3926 163 3980 lissi.
175 3955 192 3996 ι,
204 3956 226 3984 n.
237 3966 268 3974 -
280 3937 291 3970 ²
305 3939 371 3988 lleb.
384 3955 418 3996 rs,
429 3956 452 4004 7.
468 3967 497 3976 —-
512 3937 613 3990 ⁸Lcrit.
631 3940 734 3998 xuni.
