2748 4596
340 289 371 330 ιιι
396 287 509 330 trnuuu
531 285 600 328 susu
627 287 707 328 ιιιιιιι
733 287 805 329 ιιοιι.
832 288 872 328 vr.
1089 266 1130 329 35

111 415 273 506 moluntur,
289 411 328 477 ad
340 434 419 500 quos
431 409 620 478 venitFilius
629 411 697 475 Dei.
713 411 785 476 Haec
798 410 1027 500 ergoJericho,
1040 412 1135 478 idest

110 523 231 596 mundus
245 521 300 586 hic
315 542 445 585 casurus
461 530 519 584 est.
537 519 778 586 consummatio
795 520 912 584 etenim
929 517 1034 584 saeculi
1050 521 1136 607 jam-

111 627 218 692 dudum
232 624 349 691 sanctis
367 623 580 690 voluminibus
598 623 781 712 pervulgata
796 634 853 688 est.
874 623 1045 703 Quomodo
1061 647 1138 712 ergo

112 736 137 800 ci
148 732 369 800 consummatio
385 731 536 797 debituri
548 728 663 819 quibus
675 732 800 820 orgduis
811 731 825 796 ἱ)
835 730 977 798 Vocibus
990 781 999 808 ‚
1013 732 1135 821 inquit,

112 821 258 908 tubarum.
276 843 422 920 Quarum
438 839 613 905 tubarumi
624 837 738 905 Paulus
755 840 812 905 tibi
827 840 941 906 secreti
955 839 1051 928 hujus
1068 862 1139 928 pro-

112 952 159 1017 dat
172 973 330 1016 arcanum.
350 947 433 1015 Audi
448 947 514 1036 ipse
529 948 607 1037 quid
623 949 728 1014 dicat:
748 948 892 1024 «Canet,
910 948 1023 1035 inquit,
1041 949 1138 1023 tuba,

110 1068 156 1120 »et
165 1055 277 1120 mortui
290 1053 343 1142 qui
355 1053 390 1118 in
398 1053 527 1118 Christo
538 1066 615 1119 sunt
627 1104 635 1129 ,
646 1065 812 1143 resurgent
824 1054 1016 1143 incorrupti,
1032 1065 1063 1118 et
1075 1054 1141 1141 ipse

10 1147 13 1152 ¹
109 1163 274 1240 »Dominus
286 1163 319 1227 in
335 1163 422 1249 jussu
435 1213 444 1238 ,
459 1162 582 1228 invoco
595 1160 787 1251 Archangeli
800 1213 809 1237 ,
825 1163 900 1228 etin
914 1164 990 1228 tuba
1003 1163 1061 1226 Dei
1074 1163 1142 1226 des-

108 1271 235 1339 »cendet
251 1270 290 1335 de
308 1269 446 1336 uoelota
465 1270 557 1337 Tune
573 1293 649 1359 ergo
663 1270 755 1336 lesus
769 1270 923 1337 Dominus
942 1284 1049 1337 noster
1067 1293 1142 1335 cum

1 1455 2 1458 Ἴ
109 1381 186 1446 tubis
199 1380 305 1445 vincet
316 1378 447 1446 Jericho
459 1428 468 1454 ,
482 1391 515 1444 et
526 1390 710 1469 ,prosternet
725 1401 813 1455 eam,
830 1381 873 1444 ita
889 1392 924 1445 ut
939 1403 978 1444 ex
992 1403 1029 1444 ea
1045 1403 1144 1445 mere-

110 1489 167 1554 trix
177 1485 242 1552 sola
256 1486 411 1562 salvetur,
424 1498 456 1552 et
469 1489 573 1552 omnis
584 1487 698 1552 (lomus
713 1486 936 1574 ejus-Veniet,
950 1488 1071 1576 inquit,
1083 1487 1145 1552 Do·
1163 1577 1165 1582 Ι

1 1681 2 1688 ¹
110 1597 207 1662 minus
229 1608 336 1660 noster
354 1596 467 1673 lesus,
486 1609 519 1661 et
541 1597 573 1661 in
585 1596 744 1661 'tubarum
760 1619 838 1662 voce
858 1598 973 1662 reniet.
997 1597 1060 1663 Sed
1080 1597 1145 1684 jam

108 1725 189 1768 nunc
200 1724 326 1767 oremus
338 1715 373 1767 ut
385 1702 488 1768 veniat
501 1713 533 1768 et
549 1701 690 1767 destruat
702 1703 858 1767 mundum
871 1752 881 1778 ‚
894 1703 947 1791 qui
960 1702 992 1768 in
1007 1700 1145 1790 maligno

105 1810 220 1900 positus
239 1822 308 1888 est,
330 1823 362 1876 et
380 1811 487 1876 omnia
509 1831 579 1898 quae
597 1810 630 1876 in
652 1811 773 1876 mundo
791 1809 906 1887 sunt²,
924 1812 999 1900 quia
1018 1839 1030 1871 ι
1051 1835 1146 1876 omne

105 1919 209 2008 »quod
224 1920 257 1985 in
272 1921 395 1986 mundo
410 1933 480 1997 est,
497 1921 753 2009 coucupiscentia
769 1922 873 1988 carnis
892 1933 957 1999 est,
975 1914 1008 1986 e't
1025 1943 1147 1988 concu-

106 2029 276 2118 spiscentia
292 2027 461 2096 oculontm
471 2029 493 2094 ³.
516 2058 529 2091 ιι
543 2030 606 2095 Ista
622 2028 783 2106 destruat,
799 2031 857 2096 ista
874 2031 1071 2119 jamjamque
1088 2028 1149 2095 dis-

104 2135 220 2214 solvat,
233 2135 332 2204 salvet
348 2149 456 2203 autem
472 2137 556 2204 hanc
572 2135 672 2202 solam
684 2162 755 2227 quae
770 2137 985 2226 exploratores
998 2140 1068 2226 ejus
1083 2161 1148 2202 sus-

107 2246 208 2332 cepit,
222 2267 291 2332 quae
303 2244 472 2335 Apostolos
487 2247 556 2334 ejus
568 2246 601 2310 in
618 2245 681 2310 side
694 2257 726 2312 et
741 2247 921 2312 obedientia
933 2258 1098 2335 receptos,
1116 2247 1149 2312 in

107 2352 320 2440 superioribus
340 2352 524 2430 collocavit,
548 2365 581 2418 et
599 2353 751 2442 adjungat
773 2365 805 2419 et
827 2355 926 2423 sociat
947 2354 1153 2430 meretricem!

1 2537 3 2549 Ι
104 2460 188 2527 hanc
203 2482 278 2547 eum
292 2461 388 2528 domo
402 2460 509 2527 Israel.
525 2461 589 2528 Sed
604 2461 670 2547 jam
686 2485 750 2538 non
766 2474 948 2551 repetamus
960 2512 968 2537 ,
982 2485 1043 2528 nee
1054 2486 1151 2550 repu-

1 2655 5 2663 .
101 2580 208 2634 temus
229 2570 259 2634 ci
278 2582 416 2636 veterem
434 2569 573 2658 culpam.
597 2569 776 2657 Aliquando
798 2569 949 2640 meretrix
970 2569 1048 2646 suit,
1064 2593 1151 2636 nunc

1 2762 3 2767 Ι
101 2690 213 2745 autem
231 2678 365 2743 univiro
379 2689 467 2744 casto
482 2679 570 2768 virgo
586 2690 673 2744 casta
687 2677 835 2766 copulata
849 2689 896 2742 est
913 2677 1051 2743 Christo.
1067 2677 1151 2744 Audi

1 2769 3 2799 ἰ
99 2785 294 2876 Apostolum
309 2788 470 2853 dicentem
486 2788 526 2853 de
540 2811 576 2854 ea
597 2788 745 2852 :cstatui
761 2799 868 2852 autem
884 2787 946 2853 hoc
959 2788 1081 2875 ipsum,
1096 2787 1150 2852 uni

96 2925 113 2959 s
124 2897 194 2962 viro
211 2896 365 2984 virginem
381 2907 501 2962 castam
514 2919 569 2961 vos
579 2895 730 2960 exhibere
744 2893 901 2960 Chrisut
921 2896 990 2960 »Ex
1004 2895 1069 2982 ipss
1082 2906 1150 2962 erat

1 2981 5 2997 Ι
95 3014 132 3066 et
149 2999 205 3064 ille
224 3000 291 3088 ipse
307 3001 360 3088 qui
376 3000 501 3065 dicebat
514 3023 546 3064 :a
559 2999 691 3065 Fuimus
706 2999 835 3064 enimet
850 3022 909 3064 nos
925 2997 1094 3086 aliquando
1105 3000 1152 3064 in-

96 3108 276 3196 ssipientes
287 3106 467 3184 ,increduli
479 3157 488 3184 ,
501 3119 662 3182 errantes,
676 3107 868 3183 servientes,
881 3108 1043 3172 desideriis
1054 3120 1086 3172 et
1099 3131 1152 3172 vo-

0 3222 1 3237 *
93 3216 301 3306 »luptatihus
319 3217 412 3296 variis
422 3216 443 3281 ⁶.
463 3218 539 3284 »Vis
556 3217 660 3284 adhuc
677 3218 834 3307 copiosius
851 3218 972 3284 discere
988 3218 1151 3307 quomodo

1 3312 6 3406 ,⁸
90 3327 256 3415 meretrix
273 3327 338 3416 jam
355 3349 420 3392 nou
437 3327 476 3390 sit
490 3325 664 3392 meretrix?
677 3325 759 3392 ,ludi
778 3327 881 3392 adhuc
897 3327 1029 3392 Paulum
1045 3327 1151 3392 diceu-

92 3447 171 3500 tem
184 3456 191 3496 :
204 3435 263 3498 «Et
274 3434 343 3500 lraec
354 3435 484 3523 quidem
493 3435 611 3512 fuistis,
623 3436 677 3500 scd
688 3434 786 3500 abluti
797 3435 889 3512 estis,
900 3435 956 3499 sed
964 3436 1150 3502 sanctificati

86 3543 203 3626 restis
225 3542 256 3607 in
276 3543 405 3609 nomine
421 3543 548 3607 Domini
567 3543 665 3607 nostri
682 3541 759 3607 «lesu
776 3542 911 3618 Christi,
932 3555 963 3614 et
982 3544 1013 3608 iu
1031 3527 1150 3632 Spirilu

1 3640 5 3674 ⁹
59 3711 63 3718 .
82 3683 99 3716 a
109 3651 183 3720 Dei
198 3652 327 3717 usserit
344 3681 357 3714 ι
373 3653 414 3717 Ut
426 3653 511 3717 'enim
523 3665 628 3741 posset
643 3653 777 3718 evadere
790 3702 798 3728 ‚
812 3665 852 3717 n‘e
864 3675 939 3718 cum
954 3651 1085 3718 Jericho
1100 3654 1151 3716 in-

126 3800 309 3882 lrsspmv,
333 3801 374 3852 52.
395 3801 562 3864 1'I'hess.1v‚
578 3799 823 3865 5.-²1Joan.v,
844 3819 882 3867 19.
897 3799 990 3852 ΑΜ.
1005 3821 1040 3858 ιι,
1065 3805 1152 3852 15.—

1 3885 2 3890 ’
75 3896 121 3942 ⁴·2
139 3877 816 3960 Canu,rr.-⁵Tit.nr,3.-⁶rCor.v1‚rra

246 4003 276 4044 ιι.
953 3983 970 4042 5
