2748 4596
317 301 351 342 us
376 299 490 342 nrsnuu
511 297 581 340 orsu
607 299 688 340 aurs
713 299 786 342 uos.
813 303 873 343 xvr.
1073 281 1115 365 67

110 439 237 494 otomnes
252 423 428 490 noverant?
440 422 504 488 Sed
519 419 596 488 mibi
615 421 739 488 ridetur
753 445 905 511 magnmn
917 423 1044 512 aliquod
1058 435 1121 492 tes·

111 536 255 604 timonium
270 557 288 599 a
303 533 440 600 Domino
454 548 513 620 per
532 533 599 597 haee
617 531 683 596 dari
703 529 770 596 filio
785 532 888 608 Nave,
906 554 980 600 cum
998 536 1026 600 ei
1045 537 1119 603 dici*

110 659 170 720 tur,
183 643 248 731 quio
269 651 437 730 provectus
453 639 577 705 dierum
593 661 636 704 es.
651 640 691 704 llt
702 652 857 726 quantum
871 642 1000 730 quidem
1012 643 1121 732 prolo-

114 753 158 840 qui
181 750 285 824 nobis,
313 745 362 813 rel
388 748 511 836 aperire
529 747 569 810 de
595 746 706 812 divinis
727 749 883 835 mysteriis
903 747 949 815 las
970 761 1035 827 est,
1063 771 1122 840 ego

113 859 229 925 arbitror
244 851 333 944 quod
350 854 433 919 sicut
459 852 505 918 sol
526 854 584 918 iste
598 853 664 918 dies
678 853 753 919 lacit
770 848 892 920 mundo
912 855 1005 932 huic,
1027 857 1071 923 ita
1091 869 1125 922 et

111 968 150 1034 sol
158 966 274 1056 justitiae
285 965 379 1032 faciat
390 961 511 1052 aliquos
520 963 586 1028 dies
598 963 769 1052 spiritales,
785 965 839 1053 qui
850 965 970 1055 fulgore
983 967 1122 1032 veritatis

109 1088 137 1141 et
149 1074 282 1163 lampade
293 1071 453 1161 supientiae
467 1069 674 1136 illustrentur.
690 1071 723 1137 Si
739 1073 809 1160 quis
823 1095 899 1161 ergo
912 1073 946 1139 in
960 1073 1126 1162 praeceptis

107 1183 162 1251 Ilei
179 1183 270 1248 vitem
291 1177 375 1246 hono
397 1189 603 1267 praesentem,
628 1202 698 1267 quae
723 1177 830 1264 (sicut
849 1179 950 1246 Jacob
974 1178 1124 1272 dicebat)

105 1313 264 1384 paucorum
286 1301 320 1355 et
341 1288 499 1355 malorem
515 1287 640 1354 dierum
661 1299 727 1366 est,
748 1293 956 1380 transegerit,
972 1304 1004 1358 et
1019 1294 1129 1359 imma-

111 1401 237 1468 culatum
252 1421 286 1463 se
298 1395 337 1463 ab
351 1395 545 1462 boemundo
560 1396 766 1473 custodierit,
783 1409 878 1485 atque
893 1423 1004 1466 omncs
1022 1401 1129 1467 adver·
1213 1468 1218 1474 ,

111 1509 215 1582 sarius,
229 1517 262 1570 et
276 1506 382 1572 bootes
392 1527 465 1570 suos
479 1504 638 1592 subegerit
653 1503 827 1592 spiritales,
841 1507 881 1572 ab
896 1507 962 1572 istis
979 1508 1088 1596 paucis
1097 1521 1132 1572 et

110 1607 193 1683 mulis
205 1613 313 1679 diebus
323 1611 549 1701 provehitur'et
562 1624 767 1700 promovetur
782 1613 822 1678 ad
837 1612 905 1679 illos
918 1611 984 1682 dies
997 1628 1131 1681 aeternos

110 1735 140 1788 et
155 1724 268 1796 bonos,
286 1719 394 1784 aeterni
409 1717 482 1784 solis
496 1715 568 1783 luce
583 1719 731 1807 signatos·
750 1715 818 1784 Tali
834 1743 909 1810 ergo
924 1720 1062 1810 quodam
1078 1747 1132 1788 or-

106 1828 173 1892 dine
183 1823 402 1912 intelligendus
411 1833 500 1888 estet
517 1821 609 1887 lesus
619 1843 659 1887 ex
672 1822 784 1888 divinis
798 1827 954 1912 responsis
963 1839 1132 1914 provectus
1221 1869 1223 1874 -

104 1935 221 2000 dierum
238 1930 453 2020 pronunciari.

146 2039 261 2107 Verum
273 2039 423 2126 quoniam
440 2033 634 2103 instituimus
648 2035 768 2125 quoodo
780 2037 856 2104 Jesu
872 2040 1023 2106 dicuntur
1037 2043 1135 2111 etiam

102 2160 135 2214 et
159 2148 196 2213 ad
212 2145 399 2218 Dominum¹
413 2156 446 2210 et
468 2144 663 2211 Salvatorem
686 2157 830 2211 nostrum
852 2147 987 2223 referre,
1010 2151 1136 2236 quisita

101 2255 262 2343 presbyter
276 2264 308 2318 et
316 2255 423 2320 senior
433 2264 601 2341 provectus
618 2253 741 2318 dierum
756 2252 958 2342 intelligitur,
975 2256 1136 2344 sicutipse

102 2363 157 2448 qni
168 2373 213 2426 est
226 2361 414 2450 principium
427 2408 435 2434 ,
448 2360 676 2448 primogenitus
688 2360 791 2425 omnis
804 2361 977 2427 creature?
988 2363 1065 2427 ldeo
1075 2361 1136 2427 sor-

99 2469 190 2535 tassis
205 2469 271 2556 ipse
282 2463 366 2533 solus
378 2484 451 2532 vere
462 2479 495 2532 et
506 2467 627 2555 integre
637 2468 805 2555 presbyter
816 2466 1031 2543 dicitur,ante
1040 2492 1137 2557 quem

96 2599 194 2643 nemo
216 2587 274 2642 est.
295 2575 395 2663 Igitur
416 2575 541 2640 tametsi
564 2584 639 2638 sunt
664 2574 718 2662 qui
745 2573 894 2639 dicantur
915 2575 948 2640 in
965 2576 1138 2665 Scripturis

93 2683 276 2775 presbyteri
288 2681 338 2747 vel
352 2682 512 2756 seniores,
528 2677 575 2746 vel
591 2680 776 2769 pontifices,
795 2693 902 2748 tamen
917 2682 1071 2750 Dominus
1088 2682 1139 2750 Je-

96 2815 155 2858 sus
169 2791 254 2856 sicut
275 2790 309 2854 in
331 2787 536 2877 pontificibus
556 2787 744 2876 pontificum
762 2789 911 2878 princeps
926 2803 990 2866 est,
1008 2803 1040 2854 ct
1058 2791 1139 2858 siout

94 2899 131 2964 in
151 2897 331 2986 pastoribus
346 2895 493 2984 princeps
507 2907 671 2983 pastorum
687 2907 754 2971 est,
772 2897 814 2961 ito
837 2908 869 2962 et
889 2898 922 2963 in
944 2899 1137 2987 presbyteris

92 3003 148 3072 vel
163 3003 341 3072 senioribus
356 3002 504 3091 princeps
519 3002 778 3090 presbyterorum
801 3005 961 3091 putandus
975 3016 1040 3082 est,
1058 3020 1091 3071 et
1104 3009 1139 3074 in

90 3113 257 3204 episcopis
268 3112 415 3200 princeps
427 3110 669 3199 episcoporum,
681 3122 713 3176 et
728 3134 824 3177 omne
839 3113 1064 3204 quodcumque
1083 3116 1140 3183 ho-

91 3219 247 3288 norabile
261 3241 379 3284 nomen
398 3229 466 3293 est,
491 3218 630 3306 primum
654 3221 687 3283 in
712 3218 792 3295 hoc,
815 3231 847 3284 et
869 3221 1045 3311 principem
1071 3247 1140 3290 esse

94 3327 304 3396 credendum
320 3339 369 3392 est
379 3324 593 3403 salvatorem,
610 3328 684 3414 quia
697 3327 763 3415 ipse
778 3337 825 3392 est
841 3329 984 3396 omnium
995 3345 1101 3420 ceput.

161 3433 262 3502 Addit
291 3445 398 3500 autem
427 3433 531 3500 adbuc
564 3457 751 3524 responsum
784 3433 946 3510 divinum,
976 3447 1010 3500 et
1038 3439 1139 3504 dicit:

100 3575 116 3608 α
135 3545 192 3612 Tu
209 3555 377 3633 provectus
402 3564 436 3606 es
459 3542 492 3606 in
515 3541 645 3618 diebus,
671 3554 704 3608 et
725 3553 807 3607 terra
832 3540 939 3608 relicta
967 3556 1014 3610 est
1043 3545 1143 3614 multa

89 3651 280 3720 »valeam
300 3651 338 3716 ln
356 3649 571 3738 superioribus
586 3651 753 3718 dicebatur
769 3649 779 3735 (
793 3649 872 3716 sicut
889 3652 1140 3744 observavimus)

82 3762 176 3852 quiu
192 3759 327 3827 cessavit
342 3771 426 3824 terra
442 3781 459 3824 e
476 3756 583 3836 bellis,
600 3771 632 3826 et
647 3759 721 3847 quia
734 3759 826 3825 Jesus
842 3757 927 3848 cepit
942 3783 1070 3830 omnem
1084 3774 1145 3828 ter·
1231 3795 1233 3802 s

129 3915 141 3948 ¹
156 3911 335 3970 Jos.1111,1.
