2644 4612
322 279 353 320 nt·
378 275 538 319 caurrcun
562 276 760 320 cauurconuu
784 279 844 320 nan.
871 277 904 318 ιι.
1064 251 1128 336 469
1244 299 1247 308 ,

99 413 206 488 gustus
228 398 338 464 animae
362 397 449 485 quod
468 395 618 486 degustet.
641 396 763 462 Idcirco
785 405 859 484 e'r'go
882 407 914 460 et
933 403 1128 481 unguentum

16 497 17 590 J
102 505 149 572 vel
161 506 275 575 nardus
288 503 474 594 appellatur,
483 503 639 572 uthaheat
650 503 915 570 odoratusanimaa
925 500 1128 592 fragrantiam
1230 520 1233 528 ’

16 605 17 610 “
104 615 199 680 verbi.
218 613 339 686 Idcirco
354 625 387 680 et
401 612 564 702 palpabilis
578 624 610 680 et
629 633 726 678 manu
741 610 931 686 tractabilis‚‘
950 622 982 676 et
996 609 1128 676 verbum
1159 659 1166 671 .

105 746 176 788 caro
191 721 308 786 lactum
329 721 458 797 dicitur,
471 733 506 785 ut
520 720 618 809 possit
629 718 785 788 interioris
799 719 912 784 animae
926 741 1038 784 manus
1049 736 1129 782 cou-

105 833 220 920 tingere
232 829 272 894 de
284 830 381 894 verbo
394 830 474 895 ritae.
494 829 568 898 llaec
580 839 686 896 antem
702 826 809 896 omnia
821 849 918 892 unum
933 838 1027 914 atque
1042 825 1128 892 idem
1142 859 1146 870 =
1249 817 1252 824 ¹

17 995 18 998 ,
103 951 148 1004 est
161 938 291 1004 verbum
303 938 377 1012 Dei,
387 937 473 1026 qnod
484 938 552 1004 haec
563 933 684 1026 singula
699 935 864 1007 affectibus
879 933 1028 1000 orationis
1043 955 1129 1000 coru·

99 1057 274 1122 mutatum.
293 1043 416 1115 nullum
434 1046 545 1120 anima
563 1068 689 1118 sensum
705 1042 890 1135 gratiosum
905 1040 1062 1129 relinquat
1073 1064 1129 1106 ex-

99 1167 233 1244 pertem·
333 1169 336 1176 '
1064 1161 1067 1168 '

149 1260 420 1352 «Alligamentum
442 1275 539 1352 guttae
558 1262 717 1330 fratruelis
738 1285 826 1330 meus
848 1261 945 1336 mihi,
964 1260 997 1326 in
1023 1259 1128 1326 medio

98 1368 253 1434 »uberum
271 1390 417 1435 meorum
438 1369 598 1445 manebit,
617 1369 676 1433 siue
698 1365 947 1434 commorabitur
959 1363 982 1428 ¹.
1002 1391 1014 1426 r
1033 1365 1128 1452 Ejus-

16 1463 20 1492 ἱ
99 1477 170 1542 dom
186 1475 290 1542 adhuc
301 1477 396 1542 verba
417 1489 489 1544 sunt
506 1489 628 1565 'sponsae
644 1476 684 1542 ad
699 1472 965 1548 adolescentulas,
986 1484 1020 1536 nt
1039 1472 1126 1538 ride·

102 1597 165 1660 tur,
179 1582 344 1673 loquentis.
367 1584 457 1650 Prius
474 1585 602 1672 quidem
619 1585 757 1659 dixerat,
776 1582 848 1670 quia
863 1581 980 1647 nardus
997 1604 1053 1648 sua
1071 1581 1129 1646 de

16 1679 20 1712 ³
105 1691 198 1758 disset
212 1691 340 1758 odorem
351 1715 485 1781 sponso,
501 1705 534 1758 et
549 1693 622 1782 quia
637 1715 694 1780 per
710 1701 905 1780 unguentum
920 1711 984 1778 quo
996 1699 1128 1754 unxerat

104 1823 193 1876 enm,
206 1801 309 1874 odoris
324 1800 526 1890 fragrantiam
541 1800 730 1890 recepisset:
749 1812 835 1868 nunc
850 1810 956 1864 autem
969 1796 1012 1862 ait
1026 1822 1033 1884 ;
1049 1797 1129 1862 Fra-

100 1919 205 1977 ternus
222 1933 312 1978 meus
333 1909 413 1978 mihi
427 1921 549 1998 guttam
565 1907 702 1985 redolet,
725 1920 757 1972 ct
774 1907 857 1973 hanc
877 1929 942 1971 non
963 1904 1127 1980 diffusam,

96 2037 199 2102 neque
223 2015 351 2082 utlibet
370 2017 559 2105 dispersam,
578 2018 634 2082 sed
651 2015 828 2105 colligatam
852 2027 884 2080 et
904 2013 1126 2088 constrictam,

16 2117 18 2154 ³
92 2146 161 2210 qno
179 2121 299 2188 scilicet
311 2123 388 2194 odor
403 2123 499 2211 ipsius
513 2125 671 2192 suavitatis
688 2123 814 2188 densior
828 2121 978 2186 reddatur
988 2133 1021 2186 et
1035 2120 1126 2188 vehe-

93 2229 245 2304 mentior.
269 2231 309 2294 Et
324 2229 394 2304 hic,
417 2230 537 2319 inquit,
555 2253 628 2296 cnm
647 2229 716 2296 talis
732 2230 789 2304 sit,
816 2231 848 2293 in
868 2230 973 2294 medio
992 2231 1127 2294 uberum

95 2359 244 2404 meorum
263 2336 445 2402 demoratur
460 2349 492 2400 et
509 2347 707 2411 commanet,
724 2348 757 2402 ct
774 2335 916 2423 requiem
939 2357 976 2400 uc
990 2335 1128 2400 mansio—

96 2469 171 2512 nem
193 2468 282 2511 suam
305 2444 381 2510 lacit
402 2444 434 2509 in
455 2442 526 2510 loco
547 2445 682 2532 pectoris
703 2444 775 2510 mei.
795 2443 912 2510 Verum
935 2443 1021 2529 quod
1043 2465 1128 2508 nunc

95 2553 235 2641 primum
247 2552 480 2641 cognominavit
492 2575 566 2618 eum
580 2552 756 2618 fraternum
774 2575 866 2618 suum
881 2574 1010 2639 sponsa,
1028 2562 1060 2614 et
1071 2574 1126 2616 uo·

95 2660 190 2726 minis
204 2659 300 2748 hujus
316 2657 524 2748 appellatione
539 2683 596 2748 per·
611 2672 714 2728 totum
723 2683 812 2748 pene·
820 2657 917 2724 libelli
932 2669 1052 2722 textum
1063 2657 1128 2723 sre-

95 2777 229 2856 qnente'r
244 2766 355 2842 utitur,
372 2766 501 2855 dignum
525 2780 603 2855 puto
620 2779 655 2832 ut
676 2768 761 2855 prius
780 2765 975 2852 requiramus
990 2763 1147 2853 appella.

94 2875 190 2952 tionis
210 2874 305 2963 ipsius
329 2896 475 2949 cansam,
495 2875 635 2962 etquid,
653 2869 798 2942 vel'nnde
816 2873 973 2939 fraternus
991 2872 1122 2950 dicitnr,

95 3005 297 3074 exponamus.
312 2981 483 3052 Fraternas
499 2982 674 3071 appellatur
687 2983 792 3048 fratris
807 2981 900 3047 [ilius.
919 2981 1124 3068 Requiramus

80 3093 164 3180 'quis
179 3091 219 3155 sit
229 3090 331 3179 primo
343 3089 438 3157 frater
449 3113 588 3178 sponsae,
605 3092 696 3180 cujus
708 3091 760 3159 hic
773 3089 856 3156 filius
869 3089 1031 3155 habeatnr.
1044 3089 1124 3158 Vide

96 3199 121 3264 si
135 3221 300 3288 possumus
320 3197 446 3272 dicere,
463 3221 609 3285 spumam
626 3199 754 3286 quidem
770 3221 810 3266 ex
824 3197 969 3286 gentibus
982 3219 1050 3262 esse
1060 3199 1123 3264 Ec·

99 3304 243 3384 clesium,
257 3305 386 3379 fratrem
398 3327 472 3372 vero
483 3306 552 3393 ejus
564 3308 701 3394 priorem
715 3304 866 3394 populum
881 3316 914 3370 et
927 3305 1075 3378 fratrem,
1088 3317 1124 3368 ut

99 3436 148 3478 res
160 3412 292 3487 indicat,
309 3413 474 3480 seniorem.
491 3414 573 3492 Quia
584 3438 659 3503 ergo
671 3439 709 3479 ox
721 3413 774 3479 illo
786 3412 902 3503 populo
915 3412 1056 3478 Christus
1071 3434 1122 3475 se-

17 3603 18 3606 ¹
96 3520 236 3586 cundum
253 3543 380 3586 curarem
400 3521 552 3597 nascitur,
569 3524 610 3588 ob
628 3523 688 3588 hoc
700 3525 739 3590 ab
751 3522 891 3588 Ecclesia
903 3522 1044 3611 gentium
1059 3518 1122 3582 lra-

93 3630 150 3698 tris
160 3627 242 3694 lilius
258 3625 440 3716 appellatur.
463 3630 557 3709 Quod
573 3611 653 3720 ergo
664 3633 725 3697 uit:
743 3629 1010 3721 «Alligamontum
1025 3636 1120 3713 guttae

17 3737 18 3770 ³
90 3737 269 3803 lsraternus
290 3759 378 3800 meus
402 3738 476 3802 milri
490 3767 525 3812 ‚a
546 3763 702 3827 corpore-u
724 3740 889 3806 nativitatis
909 3739 977 3822 ejus
1002 3733 1119 3810 indicat

128 3879 308 3944 lCant.1,13.
