2632 4600
343 299 375 340 nr
399 298 540 358 rsanuuu
562 299 679 345 xxxrur
704 297 767 341 nou
791 299 824 340 rr.
1035 273 1099 338 tos

66 429 153 507 parte
164 417 347 506 cognoscit,
363 428 396 488 et
407 441 446 490 ex
460 428 549 506 parte
563 405 751 506 prophetat,
767 429 799 485 et
815 441 871 506 per
886 415 1053 508 speculum
1068 430 1102 484 et

64 529 95 592 in
120 527 288 618 enigmate
310 525 413 601 sidet,
429 528 462 590 et'
483 527 630 594 imbrum
652 526 727 601 scit,
755 547 794 592 ac
815 525 930 614 figuras
947 525 1100 600 docetur,

65 648 96 704 et
109 634 272 708 veritatem
286 633 430 705 nondam
445 633 532 702 ridet
542 683 552 708 .
563 645 597 700 et
610 633 682 700 ideo
697 644 746 698 est
757 633 886 721 quidem
902 633 1030 710 vivens,
1047 633 1102 700 sed
1130 693 1133 700 ,

66 744 185 818 sanitas
195 755 243 816 est
255 742 316 816 vitu
330 743 412 831 ejus.
433 743 473 808 m
488 742 534 810 sis
551 743 659 809 ridere
676 742 748 830 quia
765 742 885 811 vanitas
902 742 973 809 esti
994 741 1102 809 «Cum

67 852 208 926 »amerit
221 851 309 939 quod
319 849 496 939 perlectum
511 863 576 928 est,
593 851 797 918 destruentur
808 851 868 918 ista
879 874 949 938 quae
959 874 999 918 en
1014 863 1104 943 parte

67 959 217 1026 ›sunt¹.s
247 959 354 1026 Omne
378 971 485 1026 autem
504 959 591 1047 quod
617 958 791 1050 destruitur
814 960 931 1028 sanitas
946 971 1005 1028 est.
1024 961 1066 1026 Et
1078 960 1104 1026 si

67 1066 221 1155 quidquid
237 1090 277 1131 ex
292 1079 381 1155 parte
397 1079 445 1131 est
456 1067 648 1143 destruitur,
662 1069 686 1134 si
699 1067 865 1155 Prophetae
880 1090 919 1132 ex
931 1080 1020 1156 parte
1032 1089 1106 1156 cog-

66 1186 220 1250 noscunt,
236 1185 324 1243 recte
339 1173 434 1240 etium
454 1174 598 1262 ipsorum
618 1175 680 1241 rita
698 1175 818 1241 vanitas
834 1174 1029 1263 appellatur:
1048 1174 1106 1242 de-

66 1295 233 1349 struuntur
248 1291 356 1348 autem
370 1281 539 1358 inferiora,
563 1305 638 1348 cum
665 1283 810 1348 venerint
831 1305 868 1348 ea
889 1307 959 1370 quae
975 1281 1107 1348 meliora

70 1405 143 1457 sunt
156 1403 188 1456 et
201 1389 342 1478 perfecta
352 1439 361 1466 ,
373 1401 406 1457 et
421 1413 478 1478 per
493 1389 556 1456 hoc
570 1414 649 1466 vana
659 1413 728 1458 esse
737 1402 932 1479 arguuntur,
951 1415 1010 1479 per
1020 1391 1108 1478 quod

74 1510 227 1587 tanquam
246 1521 285 1563 en
308 1510 399 1588 parte
421 1510 453 1562 et
478 1499 666 1587 imperfecta
689 1499 908 1565 destruuntur.
932 1499 1108 1565 «Universa

72 1630 168 1694 »ergo
186 1606 320 1688 vanitas,
338 1607 441 1671 omnis
466 1605 563 1672 homo
586 1607 730 1703 vivens.»
754 1607 837 1688 Quia
857 1617 964 1672 autem
987 1607 1027 1671 de
1046 1607 1108 1677 hac

72 1714 134 1780 vite
149 1713 321 1802 accipiatur
333 1714 391 1780 istu
407 1715 580 1790 sententia,
595 1715 669 1780 audi
685 1713 859 1780 Ecclesiam
875 1726 1104 1802 protestantem

68 1834 102 1888 et
116 1822 295 1888 dicentem:
319 1823 481 1889 «Laudari
502 1845 613 1888 omnes
629 1824 682 1910 qui
698 1823 816 1888 mortui
836 1835 910 1888 sunt
926 1846 1020 1911 super
1035 1846 1106 1888 om-

66 1952 146 1995 »nes
165 1929 219 2017 qui
243 1931 370 2007 vivum,
393 1931 586 2023 quicumque
609 1931 668 2018 ipsi
689 1932 798 2000 visunt
818 1953 917 2019 usque
938 1931 1054 2006 modo,
1074 1943 1107 1995 et

64 2039 194 2104 »bonus
209 2061 304 2128 super
321 2038 396 2106 istos
412 2040 492 2108 duos
507 2039 562 2128 qui
584 2039 728 2109 nondum
743 2051 835 2108 natus
854 2037 955 2108 θεῖ’.»
985 2039 1108 2106 Laudat

63 2169 145 2234 ergo
169 2158 312 2214 mortuos
338 2146 505 2239 plusquam
529 2147 633 2222 siros,
657 2147 730 2240 quia
749 2146 792 2215 illi
811 2147 875 2214 hoc
895 2145 1007 2214 saltem
1025 2146 1107 2214 lucri

62 2253 206 2332 habent,
222 2254 310 2344 quod
324 2253 363 2324 de
379 2253 511 2329 vinculis
521 2253 618 2346 hujus
634 2255 774 2343 corporis
792 2252 918 2330 liberati
937 2267 1030 2332 sunt,
1047 2279 1107 2322 nec

64 2357 154 2428 ultra
169 2383 262 2429 carne
278 2385 316 2434 ac
331 2361 466 2450 pellibus
481 2362 584 2429 induti
606 2373 698 2438 sunt,
716 2384 776 2428 nec
798 2362 921 2429 ossibus
944 2384 983 2428 ac
1003 2363 1108 2430 nervis

60 2469 177 2542 inserti
193 2481 285 2546 sunt,
313 2493 373 2541 nee
399 2469 481 2542 ultre
509 2471 678 2559 subjacent
702 2470 879 2538 necessitati
895 2469 1047 2562 corporis.
1073 2469 1106 2538 Si

57 2601 145 2670 ergo
156 2575 334 2644 intellexisti
347 2577 440 2666 quale
455 2579 495 2644 sit
510 2579 767 2646 vivereincerne
781 2577 917 2644 etiamsi
932 2577 1055 2666 Moyses
1066 2579 1106 2644 sit

53 2686 157 2784 quis,
170 2683 219 2752 vel
233 2686 365 2784 quisque
381 2685 433 2754 ille
448 2699 513 2763 est,
526 2686 658 2755 molesta
667 2687 698 2755 ei
714 2698 762 2752 est
775 2687 835 2752 ista
848 2686 920 2754 vita.
935 2686 1105 2757 nonenim
1200 2683 1202 2688 ’

53 2819 73 2860 a
92 2795 307 2884 corruptione
322 2792 506 2872 resolvitur,
528 2817 600 2884 quae
615 2792 740 2863 mortali
762 2817 895 2887 corpore
914 2803 1104 2890 terrenoque

51 2902 295 2970 circumdatur.
319 2901 400 2968 Vide
421 2925 497 2995 ergo
525 2903 598 2995 quia
618 2903 761 2971 universa
785 2901 906 2969 vanitas
925 2915 973 2974 est
1000 2903 1102 2970 omnis

51 3011 168 3078 homo
183 3009 309 3086 vivens,
323 3022 567 3084 contemnamus
582 3034 696 3079 vanam
713 3011 806 3103 istam
831 3010 943 3087 vitam,
961 3023 994 3077 et
1015 3011 1098 3078 festi-

49 3141 183 3192 nemus
198 3118 239 3187 nd
250 3130 391 3186 sanctam
408 3120 523 3194 situm.
540 3131 572 3188 et
584 3121 711 3186 beatam
727 3141 766 3186 ac
780 3139 905 3194 veram,
923 3131 955 3192 et
967 3120 1000 3188 iu
1016 3119 1103 3192 illam

48 3229 177 3296 animo
190 3239 223 3292 et
237 3240 343 3296 mente
358 3228 525 3300 tendamus
541 3228 628 3302 omni
644 3227 780 3295 venitote
797 3226 947 3296 discussa.
974 3229 1039 3296 Nec
1055 3229 1106 3294 di-

49 3359 179 3403 camus
201 3335 328 3408 dulcem
350 3339 442 3407 istam
462 3336 586 3412 lucem,
605 3361 667 3427 qua
684 3359 770 3402 nunc
787 3334 916 3405 utimur.
935 3337 1004 3402 lloc
1020 3339 1105 3406 enim

46 3441 103 3509 illi
134 3441 265 3517 dicunt,
287 3443 340 3532 qui
355 3441 559 3524 ,didcedinem
582 3465 662 3508 serae
688 3439 767 3509 luc'ls
794 3441 957 3530 ignorant,
986 3442 1106 3508 sedne

43 3549 209 3642 auspicia
221 3549 354 3638 quidem
371 3551 434 3618 veri
450 3549 577 3619 luminis
600 3548 662 3619 ulla
678 3561 844 3616 senserunt
858 3571 918 3618 nec
934 3549 1039 3632 sciunt
1055 3571 1108 3614 an-

38 3659 203 3752 gelicam
225 3658 321 3724 vitam
345 3659 532 3748 sperandam
551 3682 621 3726 esse
645 3659 777 3737 animae,
801 3682 877 3724 cum
905 3683 944 3726 ex
969 3658 1106 3724 vanitate

38 3769 132 3836 vitae
152 3765 250 3852 hujus
269 3766 434 3832 evaserint.
462 3766 552 3832 Unde
567 3780 600 3832 et
616 3790 672 3833 nos
687 3767 741 3854 qui
756 3766 824 3834 haec
842 3766 1020 3840 credimus,
1042 3765 1106 3852 jans

86 3913 97 3944 ¹
120 3929 131 3960 ι
153 3907 216 3959 Cor.
226 3926 293 3974 1111,
309 3909 514 3962 10.--¹Ecules.
531 3929 571 3973 rr,
589 3931 611 3962 n.

157 4017 189 4058 x.
763 4014 767 4023 ·
854 3983 884 4015 ¹·
935 4013 975 4056 ero
