2734 4594
242 225 285 290 9⁰
685 221 828 266 omonurs

238 345 370 412 istouhi
387 357 455 412 erat
470 343 580 419 kaus,
596 341 650 413 hic
666 341 810 410 coelestes
821 342 949 419 hostiae,
966 341 1017 410 hic
1033 365 1100 410 vera
1114 347 1237 412 sacrificis

240 463 513 520 consummantur.
530 451 582 517 Fir
592 473 758 540 ergounus
769 473 845 538 grex
857 463 889 515 et
904 473 986 516 unus
997 462 1109 539 pastor,
1125 449 1164 516 illi
1175 455 1238 540 prio-

207 569 214 580 '
242 560 437 650 resjusti,et
448 561 501 647 qui
515 582 601 626 nunc
612 570 686 624 sunt
701 557 885 624 Christiani.
897 556 980 626 Volo
993 569 1094 623 autem
1105 557 1238 623 adhorun
1284 610 1287 620 ,
1310 581 1311 600 ¹

242 667 463 756 probationem
479 665 666 733 memoriam
677 664 781 732 facere
796 666 892 730 etiarn
907 664 1045 731 historiae
1056 664 1213 752 cujusdam,
1223 665 1240 728 si

242 786 351 841 tamen
370 775 525 841 Dominus
540 775 659 840 donare
677 773 836 862 dignetur,
862 784 898 837 ut
914 770 1156 862 explanationem
1172 772 1241 858 ipsius

243 881 418 972 spiritalem
444 881 585 949 invenire
604 881 769 969 possimus.
797 879 940 948 Gadehat
962 878 1125 968 aliquando
1139 875 1242 967 populus

244 991 278 1058 in
296 990 423 1056 deserto
434 1001 467 1056 et
477 989 683 1055 moriebatur.
698 987 793 1055 Venit
812 988 919 1055 Aaron
934 985 1091 1076 pontifex,
1105 997 1135 1050 et
1147 985 1214 1049 stetit
1221 984 1242 1047 in

246 1099 353 1166 medio
368 1122 479 1165 eornm
494 1097 548 1187 qui
566 1096 797 1171 moriebantur,
815 1109 975 1162 eteorum
992 1097 1045 1185 qui
1064 1095 1207 1166 vivehant,
1217 1113 1243 1155 ne

247 1205 378 1274 ulterius
396 1207 529 1273 vastatio
547 1207 659 1271 mortis
675 1203 845 1294 proliceret
861 1205 928 1292 jam
939 1205 973 1269 in
989 1214 1126 1270 caeteros.
1142 1199 1244 1267 Venitct

245 1337 334 1384 nune
351 1337 444 1381 verus
458 1313 600 1403 pontifex
617 1335 707 1378 meus
725 1313 903 1390 Dominus,
919 1324 952 1379 et
972 1311 1144 1378 intercessit
1156 1307 1246 1374 medius

244 1419 329 1485 inter
350 1419 521 1485 morientes
545 1429 578 1482 et
600 1418 705 1492 visos,
725 1416 758 1481 id
777 1417 843 1493 est,
860 1417 945 1483 inter
967 1439 1023 1482 eos
1041 1416 1094 1504 qui
1109 1436 1145 1479 ex
1162 1410 1212 1476 tut
1231 1410 1236 1424 '

246 1548 337 1591 suam
356 1526 556 1615 presentiam
571 1535 797 1613 susceperunt,
813 1535 845 1588 et
862 1524 946 1589 inter
960 1545 1017 1589 eos
1031 1522 1085 1612 qui
1100 1543 1159 1586 non
1174 1515 1247 1583 solun

247 1656 313 1700 non
325 1644 549 1722 susceperunt,
565 1630 621 1696 scd
632 1630 816 1718 semetipsos
831 1630 930 1720 magis
941 1653 1040 1718 quam
1054 1627 1140 1694 illum
1154 1622 1226 1691 occid
1238 1657 1248 1668 ·

247 1750 344 1815 runt,
370 1741 511 1805 dicentes
526 1763 534 1805 s
551 1737 706 1826 «Sanguis
732 1735 816 1802 illius
837 1759 934 1826 super
954 1761 1016 1804 nos
1034 1748 1068 1802 et
1092 1757 1177 1822 super
1194 1729 1248 1796 fito
1310 1787 1311 1792 ,

248 1845 427 1912 »nostrast
443 1841 568 1910 Undsct
579 1846 681 1909 omnis
693 1845 927 1933 sanguisjustus
938 1845 994 1933 qui
1006 1844 1123 1912 effusus
1133 1851 1249 1925 estsuper
1288 1913 1291 1920 ,

250 1964 392 2018 »terram
408 1953 593 2040 asanguine
603 1949 684 2020 Ahel
699 1952 775 2040 justi
791 1973 891 2040 usque
905 1953 947 2018 ad
961 1954 1145 2042 sanguinem
1158 1943 1250 2014 Zacha-

250 2060 328 2125 ›riae
343 2057 400 2124 filii
414 2059 595 2137 Baraehite,
607 2081 702 2148 quem
719 2058 892 2125 occiderunt
902 2061 985 2126 inter
1010 2061 1111 2126 mam
1124 2069 1154 2123 et
1166 2051 1250 2122 atae.

250 2167 451 2254 »requiretur
463 2167 709 2256 ageneratione²
723 2168 779 2232 itta
791 2189 857 2255 que
868 2168 966 2234 dicit:
976 2168 1113 2257 Sanguis
1120 2167 1251 2254 ejussupet

250 2293 330 2339 snos
357 2285 390 2339 et
408 2297 503 2363 super
521 2273 604 2341 lilios
624 2287 759 2341 nostros.
781 2275 896 2342 »Sunt
915 2299 992 2365 ergo
1014 2277 1066 2343 isti
1092 2297 1160 2364 pars
1176 2263 1252 2359 popul

250 2382 388 2458 mortui,
403 2382 478 2471 quia
493 2404 596 2469 neque
612 2405 738 2470 azyma,
756 2405 861 2472 neque
876 2383 943 2449 dies
958 2384 1058 2450 festos
1077 2385 1253 2468 competenter
1310 2397 1311 2402 ¹

252 2498 369 2576 agunt,
381 2489 438 2554 sed
452 2489 595 2556 conversi
610 2500 684 2555 sunt
696 2490 762 2556 dies
773 2489 843 2556 festi
855 2515 967 2557 eorum
978 2492 1014 2558 in
1026 2491 1164 2563 luctum,
1175 2496 1255 2550 etcar
1310 2575 1311 2582 ἵ

253 2594 317 2659 tica
328 2617 441 2661 eorum
455 2595 489 2661 in
504 2594 784 2664 lamentationem:
803 2599 856 2687 qui
868 2599 992 2666 etiamsi
1009 2599 1108 2666 velint
1122 2619 1181 2664 non
1192 2600 1256 2682 psit
1310 2591 1311 2598 ἵ

253 2713 330 2766 runt
344 2701 428 2768 diem
439 2703 556 2769 festum
567 2702 731 2770 celebrare
741 2705 775 2771 in
789 2729 828 2771 eo
839 2704 911 2773 loeo
927 2731 1026 2795 quem
1039 2700 1258 2795 elegitDominus
1310 2787 1311 2790 Ἴ

254 2803 350 2872 Deus.
369 2807 409 2872 Et
428 2830 485 2873 nos
503 2808 631 2895 quidem
646 2831 711 2874 non
732 2809 868 2876 diximus
890 2810 930 2876 ad
947 2809 1041 2889 illos,
1062 2812 1134 2900 quia
1154 2799 1260 2875 nonnil
1310 2799 1311 2802 ¹

254 2911 343 2979 vohis
358 2935 430 2999 pars
446 2915 479 2979 in
489 2912 553 2981 hoc
569 2913 679 2991 altari,
695 2913 744 2980 vel
759 2915 793 2981 in
808 2917 992 2984 haereditate
1005 2919 1151 2991 Domini,
1164 2912 1210 2980 sed
1221 2904 1260 2996 ipsi
1310 2969 1311 2978 ,

254 3029 367 3108 sponte
378 3043 434 3088 sua
444 3020 542 3088 nltare
555 3045 667 3087 verum
676 3035 708 3087 et
722 3021 885 3091 coelestem
896 3027 1085 3114 pontificem
1101 3025 1261 3092 refutarunt.

254 3139 288 3192 et
298 3149 338 3192 eo
350 3148 449 3213 usque
456 3127 648 3196 infelicitatis
663 3129 792 3196 adducti
808 3144 900 3208 sunt,
913 3145 949 3198 ut
958 3146 993 3199 et
1003 3135 1173 3223 imaginem
1182 3125 1261 3218 parde

256 3245 347 3310 rent,
364 3246 396 3299 et
411 3257 476 3302 non
488 3238 684 3326 susciperent
701 3238 881 3317 veritatem,
897 3253 929 3305 et
946 3241 1020 3308 ideo
1036 3243 1154 3309 dicitur
1167 3237 1262 3304 adon:

268 3342 375 3406 sEcce
390 3341 588 3431 relinquetur
598 3347 687 3411 vohis
703 3346 816 3411 domus
828 3359 930 3414 vestra
942 3350 1100 3416 deserta⁸.
1113 3338 1264 3417 ‚transtu

258 3460 306 3514 est
316 3448 402 3514 enim
418 3450 574 3539 adgentes
585 3453 684 3541 gratia
700 3454 836 3540 Spiritus
853 3457 971 3532 sancti,
988 3457 1150 3524 translatae
1164 3461 1265 3520 sunttt

250 3549 434 3620 damnitates
446 3555 488 3621 ad
498 3579 573 3632 nos,
585 3558 659 3646 quia
669 3559 793 3624 transiit
808 3560 848 3625 ad
864 3584 922 3626 nos
937 3573 969 3626 et
984 3562 1130 3650 pontifex
1145 3581 1202 3626 non
1212 3555 1266 3620 int

257 3661 412 3750 gissarius,
424 3665 480 3728 sed
490 3686 582 3730 verus
592 3715 601 3740 ,
613 3665 788 3733 secundum
802 3667 947 3735 ordinem
957 3668 1191 3737 Melchisedech
1203 3661 1266 3726 cloc-

295 3803 303 3837 ¹
316 3799 405 3854 Mitth.
414 3821 503 3868 xxvia,
513 3802 554 3857 25.
569 3837 600 3848 -
615 3806 671 3857 ²Id.
683 3823 765 3873 xxsn,
779 3807 822 3862 35.
834 3839 866 3849 —
879 3810 888 3844 ⁸
899 3811 962 3865 Luc.
976 3829 1047 3876 xrss,
1069 3811 1113 3865 35.
