2776 4616
291 247 355 328 460
729 215 884 310 onrsuurs
925 259 929 266 ·

293 399 474 489 dilapidavit
495 397 700 463 substantiam
722 399 818 487 patris
842 421 850 462 :
875 398 946 487 quie
969 396 1111 470 accessit,
1131 395 1246 483 inquit,
1269 397 1308 460 ed
1361 381 1362 386 ἵ

291 509 460 597 quemdam
475 507 659 596 primarium
675 507 806 574 civitatis
821 508 852 572 in
868 507 994 596 regione
1009 503 1075 578 illa;
1090 531 1107 570 a
1122 527 1186 592 quo
1203 527 1310 593 recep-

290 632 353 712 tus,
370 619 402 682 in
413 639 523 706 agrum
535 616 671 682 mittitur
680 639 792 705 porcos
803 607 959 704 pascere¹.
971 617 1010 680 Et
1021 615 1089 680 haec
1099 637 1175 702 crgo
1186 613 1308 687 civitas,

292 730 384 814 cujus
398 726 450 793 ille
464 728 631 816 primarius
642 740 721 803 erat,
734 727 871 794 mundus
886 727 938 794 hic
954 725 1143 815 intelligitur.
1160 725 1262 813 Igitur
1272 723 1310 790 dc

292 838 353 904 hac
367 837 496 903 civitate
518 835 697 913 liberatum,
717 837 780 904 hoc
796 851 844 903 est
862 860 957 925 quem
978 836 1088 902 liberat
1104 835 1252 901 Christus
1274 835 1309 898 ds

292 947 355 1013 hoc
369 947 501 1022 mundo,
514 947 617 1036 perdit
631 970 714 1012 eum.
730 948 813 1014 Dicit
828 948 925 1022 enim,
938 947 1010 1034 quia
1028 973 1040 1006 ι
1052 946 1104 1033 qui
1118 945 1236 1033 perdet
1250 944 1310 1009 eni·

291 1081 404 1125 »mem
427 1081 515 1124 suam
537 1071 667 1148 propter
688 1081 751 1134 me,
777 1055 892 1124 salvam
912 1057 1006 1124 saciet
1026 1055 1153 1122 cam’.»
1172 1054 1308 1120 Salutsri

291 1191 364 1258 ergo
385 1169 559 1257 perditione
578 1167 681 1258 perdit
701 1167 791 1234 Jesus
811 1190 885 1232 eum
903 1190 997 1256 quem
1019 1167 1058 1232 de
1081 1167 1178 1252 hujus
1201 1165 1308 1230 mundi

291 1278 416 1344 civitate
429 1275 617 1344 liberaverit.
634 1279 675 1342 Et
688 1301 745 1342 nos
760 1277 866 1365 itaque
881 1277 906 1342 si
921 1276 961 1342 ad
982 1275 1115 1342 salutem
1130 1275 1244 1341 venire
1259 1297 1309 1340 vo-

290 1387 406 1462 lumus,
423 1398 455 1452 et
469 1389 510 1453 de
521 1387 584 1454 hoo
598 1387 717 1453 maredo
732 1386 869 1462 liberari,
880 1386 1012 1476 perdere
1027 1388 1181 1452 debemus
1193 1385 1308 1470 animas

290 1510 412 1563 nostras
425 1497 601 1587 perditione
619 1497 685 1563 utili
700 1509 733 1562 et
748 1498 930 1563 neccssaria.
951 1496 1057 1562 Perdit
1070 1495 1156 1560 enim
1174 1496 1308 1560 animem

289 1607 464 1674 secundum
477 1607 650 1683 Christum,
667 1607 720 1695 qui
737 1607 886 1673 desideria
903 1609 971 1695 ejus
987 1607 1136 1680 refrenat,
1154 1605 1212 1694 qui
1231 1603 1309 1694 cupi-

291 1719 403 1784 ditates
428 1717 497 1804 ejus
522 1729 654 1793 resecat,
679 1719 733 1805 qui
756 1716 912 1784 luxuriam
931 1718 999 1805 ejus
1022 1714 1306 1802 resolutionemque

289 1825 431 1913 castigat,
447 1834 479 1913 et
492 1825 525 1889 in
540 1823 627 1891 nullo
641 1849 769 1915 prorsus
779 1826 854 1892 lacit
865 1824 1056 1891 voluntatem
1071 1848 1178 1900 suam,
1194 1825 1304 1892 sedro·

286 1935 440 2001 luntatcm
452 1935 509 2001 Dei
526 1949 579 2001 :ct
593 1960 651 2025 per
661 1937 729 2004 lraec
739 1938 842 2027 perire
859 1937 973 2004 dicitur
984 1937 1097 2002 anima.
1113 1935 1216 2002 Periit
1229 1959 1305 2002 nem·

287 2068 348 2134 que
363 2045 424 2138 vita
439 2045 507 2133 ejus
522 2046 619 2134 prior,
637 2058 669 2112 et
684 2049 793 2136 incipit
805 2071 917 2113 novem
933 2048 1039 2122 vitam,
1052 2069 1122 2134 quae
1137 2046 1174 2112 in
1189 2047 1299 2114 Christo

287 2167 347 2232 est,
365 2155 490 2222 ducere.
512 2155 619 2222 Simile
634 2170 739 2223 autem
755 2157 835 2222 huic'
848 2156 932 2223 dicto
948 2157 1042 2221 ctiam
1058 2154 1136 2221 illud
1151 2169 1204 2222 cst
1230 2183 1239 2224 z
1255 2153 1301 2222 «St

288 2267 554 2342 »commorimur,
578 2275 610 2330 et
632 2265 890 2333 convivemur.»
913 2267 954 2332 Et
976 2263 1052 2330 illud
1079 2287 1086 2328 :
1111 2264 1176 2330 «Si
1206 2279 1307 2332 auten

288 2376 434 2440 »mortui
448 2375 521 2441 estis
538 2377 576 2458 ala
596 2374 758 2441 elementis
783 2375 1016 2462 hujusmundi,
1040 2375 1203 2461 quomodo
1231 2377 1310 2442 velut

288 2485 453 2553 »viventes
480 2486 511 2550 in
537 2487 599 2552 hoc
625 2486 745 2552 mundo
771 2483 1007 2551 decernitis⁴ir
1028 2484 1214 2551 Necessario
1241 2510 1312 2576 ergo

287 2595 381 2661 etism
397 2595 429 2662 in
445 2595 493 2661 his
509 2594 685 2663 declaratur
699 2593 770 2682 quia
785 2591 921 2683 perdidit
937 2595 1072 2660 animem
1087 2616 1179 2669 suam
1196 2596 1234 2661 in
1254 2597 1313 2663 hoc

286 2705 419 2781 mundo,
431 2705 485 2792 qui
500 2725 571 2770 curn
583 2683 710 2768 'Christo
723 2702 874 2775 moritum
896 2713 928 2766 et
942 2703 996 2789 qui
1011 2701 1063 2769 hic
1077 2723 1147 2767 eam
1166 2705 1315 2790 perdide-

288 2815 341 2890 rit,
360 2815 498 2880 invcnict
514 2836 583 2878 cam
602 2813 645 2878 ibi
660 2813 727 2878 sine
743 2811 852 2888 dubio,
871 2812 925 2877 ubi
942 2813 1019 2878 dicit
1034 2811 1220 2901 Apostolus,
1241 2817 1314 2902 quia

294 2922 388 3000 ¹«Vita
405 2935 506 2989 vestra
529 2923 710 2989 abscondita
733 2935 780 2988 est
803 2943 877 2988 cum
894 2921 1019 2988 Christo
1042 2923 1074 2988 in
1095 2923 1185 2989 1)οοι
1200 2948 1210 2988 :
1228 2955 1242 2986 ι
1263 2927 1314 2991 cui

287 3029 384 3120 glorie
400 3033 432 3099 in
448 3043 563 3100 aeterna
578 3032 688 3099 saecula
705 3031 901 3099 seculorum.
917 3033 1027 3099 Amen.

288 3189 458 3316 ⁵:dhan-au,
476 3195 769 3256 rs.-²1d.rx,ut.-
789 3197 797 3228 ³
817 3198 906 3246 attur.
921 3215 949 3258 ιι,
964 3213 999 3246 ιι.
1012 3225 1040 3235 -·
1058 3196 1173 3244 ι(ἶιιΙοιι.
1186 3216 1217 3256 ιι,
1239 3215 1316 3248 ao.-

342 3285 399 3329 .ru,
411 3285 432 3316 a.
