2682 4594
207 267 268 312 220
654 263 796 312 catenula
831 322 837 346 1

205 391 369 460 furorem?
380 391 445 458 Sed
458 402 491 466 et
507 391 532 456 si
545 372 614 478 quls
625 390 658 456 ln
675 389 762 457 aliud
776 411 904 479 quoque
919 401 951 454 te
967 401 1118 476 provocat
1129 400 1162 453 et
1177 385 1241 454 ins·
1328 415 1329 420 ¹

204 503 283 590 tigat
294 551 302 576 ‚
312 499 397 588 quod
409 511 445 564 tu
454 498 655 586 impatienter
664 497 767 564 ferens
775 498 807 563 in
816 507 985 586 peccatum
996 495 1143 570 decidas,
1154 493 1244 560 intel·

206 607 267 697 lige
283 607 483 696 diligentius,
503 616 536 672 et
551 606 678 672 adverte
699 606 757 672 hos
777 629 887 672 omnes
908 602 1013 693 jacula
1032 627 1100 669 esse
1114 602 1244 691 maligni

208 717 323 805 ignita,
339 715 456 803 quibus
467 726 571 781 raetos
586 713 683 783 corde
702 712 878 781 inflammet
888 763 902 789 „
912 710 1058 779 vulneret
1074 712 1113 776 ad
1130 734 1246 800 pecca·

207 835 287 888 tum.
307 823 371 890 Sed
391 823 477 910 quod
499 831 547 887 est
571 820 744 898 infelicius,
767 843 884 909 paucas
906 819 997 885 video
1019 820 1148 908 sagittas
1169 819 1245 894 Dei,

207 932 301 1021 pauci
321 942 395 996 sunt
409 931 464 1019 qui
480 930 522 994 ita
540 928 715 1018 loquuntur
728 941 764 995 ut
779 928 978 995 inllamment
998 951 1056 993 cor
1073 928 1246 1002 auditoris,
1328 929 1329 938 ’

208 1051 241 1105 et
255 1038 440 1106 abstrahant
460 1061 534 1103 eum
559 1061 577 1103 a
598 1048 745 1126 peccato,
762 1045 794 1102 et
811 1047 1016 1103 eonvertatur
1030 1036 1071 1101 ad
1087 1037 1248 1124 poeniteu-

209 1148 295 1214 tiam.
315 1147 412 1213 Pauci
428 1147 471 1212 ita
485 1143 661 1234 loquuntur
673 1145 726 1232 qui
743 1144 893 1211 auditoris
908 1143 1005 1209 corde
1023 1165 1179 1231 percusso
1193 1142 1248 1209 eli-

210 1256 294 1323 ciant
305 1278 345 1320 ex
355 1253 450 1346 oculo
461 1251 635 1341 lacrymam
649 1252 861 1342 poenitentiae,
878 1251 931 1339 qui
944 1250 1120 1338 aperientes
1135 1251 1249 1316 futura

210 1363 275 1451 spei
295 1361 403 1427 lumen
418 1373 450 1425 et
472 1359 724 1449 magnitudinem
749 1358 848 1424 futuri
870 1355 994 1434 saeculi,
1015 1379 1052 1423 ac
1078 1359 1171 1447 regni
1194 1358 1249 1424 Dei

209 1469 343 1560 gloriam
364 1479 576 1560 protestantes
593 1467 725 1534 suadere
746 1467 867 1557 possint
887 1464 1090 1542 hominibus,
1115 1489 1190 1552 quae
1206 1467 1249 1530 si-

213 1580 329 1647 dentur
338 1590 561 1653 contcmnere,
574 1588 606 1640 et
617 1587 763 1664 expetere
772 1597 846 1662 quaa
852 1597 917 1640 non
930 1574 1090 1650 videntur,
1100 1597 1250 1663 spernens

212 1709 281 1773 quaa
293 1683 477 1776 temporalia
485 1696 579 1770 sunt,
592 1695 624 1749 et
635 1707 705 1771 quae
715 1695 831 1748 aeterna
844 1695 919 1748 sunt
930 1703 1081 1769 quaerere.
1093 1683 1248 1772 Perpauci

213 1805 287 1862 suat
298 1792 392 1869 tales,
409 1804 441 1857 et
457 1793 531 1879 ipsi,
547 1792 572 1856 si
589 1792 642 1879 qui
659 1803 751 1867 sunt,
764 1792 877 1879 pauci,
889 1813 947 1879 por
958 1789 1113 1857 invidiam
1124 1804 1157 1858 et
1172 1792 1246 1857 liso-

214 1923 282 1965 rem
299 1901 343 1964 ita
358 1899 461 1986 agitur
479 1921 520 1963 ne
544 1899 673 1964 omnino
689 1897 738 1964 vel
754 1897 847 1986 pauci
863 1898 943 1974 sint,
967 1921 1008 1964 ne
1032 1895 1083 1964 vel
1101 1899 1245 1988 prodesse

215 2005 370 2093 aliquibus
391 2005 521 2094 possint.
547 2005 673 2093 Sagittae
688 2017 795 2073 autem
813 2004 929 2071 diaboli
952 2006 1104 2072 omnibus
1121 2009 1151 2072 in
1168 2005 1239 2071 lou's

216 2113 397 2189 abundant,
411 2112 513 2178 omnis
525 2124 610 2177 terra
620 2112 695 2200 ipsis
706 2111 825 2202 repleta
836 2124 895 2178 est.
910 2109 1023 2202 Populi
1035 2114 1120 2179 orbis
1129 2110 1238 2178 milita-

216 2221 258 2285 ris
271 2220 527 2288 manusmaxima
538 2243 577 2285 ex
588 2231 677 2309 parte
689 2221 808 2309 sagittae
823 2231 896 2286 sunt
910 2219 1039 2309 maligni
1052 2269 1061 2295 ,
1075 2219 1247 2285 utinamilsi
1328 2267 1329 2270 ,

214 2328 453 2404 tantummodo,
471 2340 564 2415 atque
576 2328 608 2392 in
619 2321 684 2393 illis
694 2327 878 2416 praevaleret
888 2327 1058 2405 inimicus,
1073 2341 1110 2393 ut
1125 2327 1195 2394 illos
1205 2351 1251 2394 so-

215 2433 261 2499 los
273 2435 405 2501 haberet
419 2435 555 2524 sagittas.
573 2435 663 2501 Nunc
677 2446 785 2502 autem
800 2458 911 2502 vereor
921 2435 1018 2502 etiam
1033 2438 1157 2525 eosqui
1170 2437 1252 2502 intus

216 2554 310 2618 sunt,
329 2555 361 2607 et
382 2542 537 2631 meipsum
560 2565 672 2607 vereor
689 2565 729 2607 ne
746 2542 827 2608 forte
843 2541 987 2608 diabolus
1004 2544 1143 2610 adducat
1158 2547 1256 2612 mein

216 2649 343 2737 aliquod
362 2649 564 2725 scandalum,
581 2661 613 2714 et
629 2661 736 2715 utatur
755 2673 807 2716 me
822 2651 933 2739 sagitta
950 2652 1099 2717 adversus
1116 2654 1257 2720 animam

216 2757 377 2830 hominis;
396 2757 469 2843 quia
485 2757 538 2844 qui
560 2754 817 2823 scandalizaverit
841 2756 980 2845 aliquem
1001 2759 1118 2826 sivein
1138 2763 1258 2836 verbo,

217 2865 325 2932 sivein
340 2867 443 2941 sacto,
460 2867 518 2930 iste
533 2862 576 2928 illi
594 2865 704 2930 animae
717 2889 812 2953 quam
827 2866 1050 2934 scandalizavit
1069 2871 1188 2958 sagitta
1206 2895 1261 2936 ex-

218 2975 280 3039 titit
292 2986 324 3039 et
338 2972 479 3064 jaculum
491 2970 617 3038 diaboli.
632 2974 672 3038 Et
683 2973 755 3038 vide
766 2975 966 3061 quiddccidit
976 2978 1069 3042 nohis
1078 2977 1257 3046 infelicius.

217 3081 380 3147 Interdum
397 3105 456 3147 nos
471 3092 619 3170 putamus
630 3081 736 3146 dicere
748 3081 895 3148 adversus
912 3081 1066 3172 aliquem,
1084 3098 1120 3150 et
1131 3087 1263 3154 incaute

216 3189 405 3276 proferimus
415 3210 577 3254 sermones
588 3236 597 3262 ,
610 3187 687 3253 dum
699 3190 1076 3280 contentiosiusagimus,
1086 3198 1264 3282 atquibus

219 3296 406 3362 libetverbis
423 3297 548 3363 vincere
562 3296 745 3372 studemus,
761 3309 838 3364 tuuc
854 3297 996 3367 diabolus
1008 3323 1064 3366 ore
1079 3307 1265 3371 nostrouti·

218 3416 271 3468 tur
286 3402 371 3468 velut
391 3426 484 3479 arcu,
500 3427 557 3492 per
572 3427 667 3491 quem
682 3405 808 3494 sagittas
824 3405 937 3495 dirigat
955 3419 987 3472 et
1003 3409 1131 3497 sagittet
1151 3426 1263 3479 rectos

221 3507 334 3583 corde,
355 3530 409 3572 eos
428 3507 573 3573 videlicet
586 3510 640 3595 qui
655 3532 714 3574 nos
731 3511 862 3576 audiunt
878 3534 916 3576 ea
933 3510 1120 3600 loquentes,
1136 3517 1174 3583 in
1191 3521 1266 3606 qui-

220 3621 278 3683 bus
301 3613 482 3682 scandalum
501 3616 672 3702 patiuntur.
696 3619 736 3682 Et
754 3618 836 3683 sicut
858 3618 943 3685 Deus
959 3623 1067 3708 posuit
1088 3647 1207 3692 arcum
1230 3629 1268 3692 in
1328 3645 1329 3660 ¹

210 3723 357 3820 'trabibus
377 3746 418 3788 ne
439 3722 494 3791 fiat
508 3720 680 3801 diluvium,
698 3735 731 3790 et
749 3737 783 3790 ut
800 3738 969 3816 tempestas
988 3729 1134 3798 desinnt¹
1153 3785 1163 3810 ‚
1185 3735 1229 3804 ita
1247 3763 1268 3801 o

259 3861 383 3918 ¹Gen.1x.

1327 3915 1329 3996 w
