2706 4624
355 360 386 402 ra
411 359 551 401 surianos
575 360 703 403 neuram
728 361 756 402 r.
1007 343 1069 427 507

71 477 241 544 »bustollant
252 491 296 550 te.
307 502 346 544 ne
355 479 437 556 sorte
450 478 639 544 offendasad
648 476 786 566 lapidem
798 478 911 565 pedem
923 479 1063 543 [dumbs
1122 547 1127 570 ι
1149 496 1152 508 ’

70 588 140 668 Quod
158 588 283 675 quidem
304 587 425 653 dictum
439 587 563 675 putavit
583 586 727 652 diabolus
746 587 785 651 de
808 585 970 652 Salvatore
986 591 1073 654 acci-

18 739 19 788 3
65 696 205 785 piendum;
226 696 283 764 sed
298 707 435 762 caecatus
452 694 582 769 malitia,
604 719 667 760 non
690 694 844 761 intellexit
865 695 989 786 eloquia
1010 698 1073 762 Do·

18 795 19 800 ¹
66 806 121 870 nini
132 807 269 894 mystica.
285 804 394 892 Neque
406 804 492 870 enim
509 802 651 874 Salvator
664 827 753 869 meus
769 803 898 894 Angelis
910 807 1071 896 indigebat

66 925 151 980 utnon
163 915 336 980 offenderet
349 915 390 980 ad
401 913 537 1004 lapidem
548 915 663 1003 pedem
677 938 780 979 suum.
797 916 941 1004 Namque
954 917 1072 983 calum·

18 1093 20 1116 Ξ
65 1025 148 1089 riatur
161 1022 303 1092 diabolus
319 1022 516 1113 Scripturam
533 1025 685 1100 divinam,
703 1009 842 1112 qui'baec
856 1025 895 1091 de
911 1025 1072 1092 salvatore

66 1133 129 1200 dicta
139 1133 318 1223 protuleritr
330 1155 393 1198 non
406 1133 446 1198 da
458 1132 525 1210 illo,
538 1134 593 1199 scd
606 1135 646 1199 de
658 1135 805 1199 omnibus
819 1138 937 1202 sanctis
953 1137 1015 1203 hoc
1028 1139 1074 1204 di·
1099 1194 1101 1198 ,

69 1248 139 1321 citur,
154 1250 221 1338 quia
238 1245 367 1336 Angelis
379 1248 443 1312 suis
454 1247 615 1312 mandavit
631 1247 716 1312 Deus
731 1271 790 1336 pro
809 1248 926 1337 populo
944 1273 1014 1326 suo,
1032 1262 1068 1315 ut

70 1381 116 1422 non
126 1358 259 1424 offendat
270 1359 311 1424 ad
322 1355 459 1447 lapidem
473 1358 586 1445 pedem
603 1381 707 1421 suum.
720 1357 784 1423 Sed
795 1371 827 1423 et
839 1361 944 1424 omnia
958 1383 1027 1448 quae
1039 1361 1072 1426 in

73 1466 117 1535 boc
125 1469 235 1558 psalmo
248 1471 365 1557 scripta
378 1479 464 1543 sunt,
481 1468 572 1556 justis
585 1469 764 1558 quibusque
780 1469 879 1558 magis
890 1494 986 1559 quam
1004 1469 1075 1536 Sal-

73 1581 146 1644 ratori
165 1581 364 1647 conveniunt.
384 1577 512 1644 Liberat
534 1578 620 1644 enim
643 1579 829 1646 Dominusa
855 1580 945 1646 ruina
962 1593 993 1645 ct
1013 1584 1075 1647 dae-

74 1689 154 1754 laonio
164 1689 334 1755 meridiano
348 1671 412 1752 uon
426 1686 635 1760 Salvatorem,
650 1687 735 1775 quod
748 1687 829 1753 absit
841 1713 858 1753 a
870 1689 962 1754 nobis
974 1690 1016 1753 ita
1029 1690 1075 1756 in-

79 1793 197 1885 telligeret
214 1799 269 1864 sed
285 1821 415 1864 omnem
430 1798 560 1885 justum.
577 1796 660 1862 Justi
676 1797 761 1862 enim
777 1809 851 1863 sunt
863 1799 916 1887 qui
933 1800 1075 1888 indigent

79 1904 200 1990 adiutorio
210 1907 402 1999 Angelorum
415 1909 487 1984 Dei,
500 1908 545 1972 uti
562 1931 601 1973 ne
618 1903 851 1975 a'daemonibus
865 1911 1072 1987 subruantur,

82 2025 105 2075 at
116 2039 148 2080 ne
160 2019 241 2084 corda
255 2043 367 2085 eorum
388 2020 500 2107 sagitta
516 2017 641 2085 volante
655 2019 687 2084 in
703 2019 843 2084 tenebris
859 2022 1070 2088 terebrantur.

82 2118 130 2185 Per
144 2125 214 2210 ipsos
235 2128 365 2218 Angelos
386 2130 444 2193 sub
468 2128 582 2192 eodem
605 2128 756 2215 mysterio
771 2128 887 2194 Paulus
901 2131 1075 2218 portandos

91 2249 146 2292 ease
155 2237 282 2318 quosdam
291 2238 457 2304 coulirmat
469 2238 500 2302 in
513 2239 664 2313 nubibus,
674 2259 749 2303 cum
759 2235 840 2304 ¹dicit
853 2263 861 2302 τ
875 2266 887 2298 a
901 2240 1007 2305 Sedet
1018 2265 1076 2306 nos

94 2338 160 2423 »qui
173 2341 295 2420 vivimus,
308 2349 352 2434 qui
370 2344 482 2433 reliqui
498 2369 620 2422 sumus,
639 2343 731 2410 simul
749 2369 823 2411 cum
840 2345 899 2412 illis
916 2349 1076 2436 rapiemur

85 2445 135 2510 tin
146 2453 265 2518 aubibus
278 2457 397 2520 obviam
414 2453 541 2521 Christo
557 2455 589 2518 in
606 2451 710 2518 ae'ra2.
724 2481 737 2514 s
751 2453 930 2542 Rapiuntur
941 2478 1016 2544 ergo
1035 2457 1074 2522 ab

80 2555 184 2646 Angelis
196 2563 216 2627 ii
229 2567 278 2654 qui
291 2569 418 2655 penitus
431 2567 554 2655 purgati
567 2577 599 2630 et
611 2563 694 2630 levas
707 2563 811 2630 effecti
824 2577 897 2630 sunt
909 2589 926 2629 a
939 2563 1072 2631 delictis.

75 2665 216 2740 Portantur
229 2700 300 2742 sero
317 2678 337 2742 ii
354 2679 407 2765 qui
427 2676 584 2764 aliquibus
601 2675 706 2740 adbuc
722 2673 861 2761 reliquiis
881 2670 1076 2762 praegravan-

76 2789 122 2842 tur.
134 2780 291 2852 Portantur
307 2810 383 2852 vero
401 2798 434 2851 ct
451 2783 607 2852 columnae
627 2781 823 2848 tabernaculi
838 2807 855 2847 a
872 2783 1075 2871 quibusdam,

68 2899 95 2952 et
110 2894 188 2970 atria,
205 2909 236 2960 et
256 2907 372 2962 caetera
388 2920 456 2984 quae
471 2919 487 2959 a
505 2895 669 2982 Scriptura
693 2893 884 2959 referuntur.
906 2893 1078 2959 Portantur

65 3012 151 3070 autem
166 3031 228 3073 non
241 3011 284 3074 ab
301 3007 463 3082 Israelitis,
477 3006 533 3072 sed
548 3029 565 3069 a
580 3005 709 3076 Levitis,
723 3005 898 3070 seeundum
911 3004 997 3071 hunc
1010 3028 1079 3070 sen-

59 3132 116 3176 sum
136 3139 229 3203 quem
245 3119 280 3182 in
303 3128 488 3181 transcursu
511 3115 654 3179 ridemur
675 3112 763 3178 brevi
785 3113 966 3202 contigisse,
987 3112 1080 3179 reliu-
1130 3175 1131 3178 ,

59 3237 172 3308 quantes
186 3228 336 3293 sensibus
355 3227 548 3301 auditorum,
566 3236 602 3288 ut
622 3225 646 3288 si
667 3225 735 3312 quis
754 3215 800 3288 de
811 3224 848 3287 iis
867 3223 988 3312 majore
1002 3224 1081 3290 desi·¹

57 3329 129 3398 derio
144 3335 343 3424 llagraverit,
360 3336 513 3401 accendat
532 3323 591 3398 sibi
606 3332 714 3398 lumen
738 3319 889 3410 scientiae,
909 3346 941 3399 et
958 3335 1079 3423 majora

53 3437 153 3510 borum
166 3444 266 3511 oculo
279 3444 511 3532 perspicaciore
522 3441 681 3530 conjiciat.
694 3442 790 3507 Nobis
804 3453 911 3507 autem
923 3444 1081 3509 concedat

53 3548 209 3630 boninus,
222 3567 261 3619 ut
278 3579 296 3619 a
313 3553 427 3620 talibus
443 3552 592 3641 operariis
607 3553 721 3640 portati
739 3563 770 3616 et
786 3551 953 3628 sublevati,
970 3535 1082 3618 libere—

53 3681 111 3728 mur
125 3678 157 3730 et
174 3663 392 3732 defendamur
407 3688 423 3727 a
441 3663 551 3753 sagitta
565 3661 689 3728 volante
706 3663 738 3726 in
754 3664 904 3739 tenebris,
918 3674 951 3728 et
962 3687 978 3727 a
991 3665 1081 3728 ruina

54 3775 246 3842 rtdaemonio
260 3774 449 3843 meridiano.
466 3797 504 3838 na
521 3773 601 3838 lorte
615 3772 812 3838 offendamus
826 3775 867 3839 ad
882 3771 1019 3862 lapidem
1029 3797 1082 3860 pe·

49 3881 109 3950 dem
128 3901 299 3962 nostrum,
319 3908 483 3974 usquequo
499 3885 718 3973 perveniamus
734 3884 773 3949 ad
789 3882 896 3951 locum
917 3882 1084 3973 repromis-

73 4013 186 4066 'Prata
200 4035 258 4077 xci,
275 4033 311 4064 rr.
326 4013 376 4052 -2
392 4033 401 4064 ι
416 4015 503 4072 Thess.
517 4031 551 4073 iv,
565 4014 601 4063 16.

896 4124 945 4166 20.
