2706 4624
286 287 345 348 282
719 309 862 355 orturus

282 424 348 511 ipse
367 436 551 489 numeratur
565 425 649 512 apud
663 425 777 491 Deum.
795 426 852 490 Est
865 423 951 490 enim
968 423 1065 490 virtue
1083 421 1190 495 animi.
1205 443 1272 508 quau

283 530 466 598 Graecorum
482 529 660 622 philosophi
675 531 808 605 docent3
823 532 880 596 ced
893 531 961 598 bec
972 552 1037 595 non
1047 530 1183 618 pertinet
1193 527 1228 591 ad
1237 551 1270 592 aa

284 661 409 703 merum
422 638 480 702 Dei
495 661 587 724 :finon
603 640 688 704 enim
706 662 764 728 pro
785 639 864 714 Deo,
881 637 936 704 aed
957 661 1015 727 pro
1029 635 1125 726 gloria
1143 647 1271 702 exeruu

284 748 433 814 bumana.
445 751 500 815 Est
512 762 544 815 et
554 751 755 839 Assyriorum
767 750 879 828 virtus,
890 761 937 818 oat
949 747 1278 841 Chaldaeorumfluoin

165 881 169 890 ’
284 856 458 947 astrologiae
473 861 584 926 studiis
599 862 789 949 praedicatur
797 884 807 934 ς
821 860 878 926 aed
887 883 951 926 uon
965 871 1014 926 est
1028 860 1085 924 iota
1097 857 1197 924 virtue
1211 857 1280 922 luri
1326 871 1328 910 ‘z

284 965 381 1042 litica,
398 981 431 1032 et
445 969 516 1034 ideo
538 993 601 1036 non
625 971 761 1058 pertinet
780 971 821 1034 ad
838 969 951 1036 Deum.
969 970 1026 1034 Est
1040 980 1072 1033 et
1086 965 1281 1056 AEgyptioron
1323 961 1328 1002 ⁴

283 1077 382 1142 virtue
397 1080 429 1144 in
443 1103 478 1144 ea
492 1102 586 1169 qnam
598 1080 708 1146 dicunt
719 1053 839 1147 secreta
851 1080 1014 1169 capientia,
1026 1078 1082 1146 aed
1096 1079 1169 1144 ltaee
1183 1101 1238 1144 non
1248 1075 1281 1142 al·
1326 1109 1328 1204 p

158 1251 161 1259 .
199 1219 201 1224 ·
286 1187 427 1277 jungitur
442 1191 483 1256 ad
497 1188 654 1257 calculum
672 1191 741 1257 Dei.
761 1189 834 1256 Sola
850 1191 935 1280 apud
953 1192 1056 1257 Deum
1072 1190 1173 1255 virtus
1191 1185 1277 1255 barb
1327 1205 1329 1226 ‘¹

286 1295 349 1362 tica
360 1311 555 1364 numeratur.
570 1301 646 1366 Haec
657 1311 704 1365 est
716 1297 767 1364 illa
778 1300 875 1366 virtus
890 1323 959 1388 quoe
974 1300 1070 1365 alleo
1082 1299 1275 1385 denaturare

286 1406 542 1497 perscripturus
563 1408 682 1476 divinas
697 1409 840 1485 discitur,
859 1433 929 1498 qnae
949 1433 1005 1498 per
1025 1408 1123 1476 iidem
1144 1400 1298 1498 evangel*

288 1537 359 1581 oam
380 1529 412 1582 et
429 1517 643 1606 Apostolicam
661 1520 804 1586 traditur.
823 1522 864 1586 Et
882 1519 953 1586 ideo
968 1519 1044 1585 dicit
1062 1529 1096 1583 nt
1115 1517 1161 1585 illi
1182 1516 1232 1585 soli
1246 1539 1283 1582 aa

149 1713 152 1722 Ι
289 1639 463 1702 merentur,
476 1630 529 1716 qui
545 1631 789 1719 progrediuntur
803 1631 835 1696 in
853 1630 967 1696 virtute
983 1626 1090 1698 lsrael.
1104 1627 1170 1696 Sed
1186 1625 1285 1694 utillud

289 1737 534 1820 consideremus,
553 1739 629 1826 quid
643 1753 691 1807 eat
706 1743 791 1828 quod
805 1765 867 1808 non
881 1742 986 1808 statim
1003 1751 1037 1805 ut
1051 1761 1192 1829 egressus
1206 1738 1287 1804 eatde

288 1844 424 1934 AEgypto
446 1846 581 1936 populus
602 1865 803 1924 numeratura
824 1851 930 1918 adhuc
950 1851 1036 1916 enim
1063 1852 1285 1938 persequebatur

287 1953 417 2020 Pharao.
434 1954 498 2022 Sed
514 1981 574 2023 uec
588 1981 662 2024 cum
678 1983 763 2026 utare
777 1959 922 2025 Rubrum
941 1959 1070 2048 quidem
1086 1959 1225 2024 transiens
1242 1978 1288 2021 ve·

290 2062 338 2127 nit
355 2064 389 2130 in
411 2065 571 2132 desertum
593 2069 708 2135 dicitur
722 2070 900 2142 numerant
918 2069 1063 2134 nondum
1082 2067 1156 2134 enim
1176 2062 1288 2138 tentati,

290 2175 433 2240 nondum
448 2178 488 2242 ab
504 2178 594 2246 hoste
609 2180 732 2246 fuerant
748 2181 932 2270 impugnati.
952 2179 1133 2269 Conlligunt
1146 2177 1293 2242 adversum

177 2365 179 2375 Ι
290 2283 456 2364 Amalech,
472 2301 504 2353 et
518 2290 673 2356 vineunt:
696 2291 750 2357 sed
770 2315 830 2358 nec
848 2303 925 2359 tuno
945 2291 1073 2380 quidem
1095 2299 1295 2356 numerantur.

293 2394 362 2461 Non
385 2397 470 2462 enim
486 2381 601 2464 cufficit
616 2401 656 2465 ad
674 2401 902 2490 perfectionem
924 2401 1066 2466 tendenti
1088 2423 1151 2466 una
1173 2397 1289 2466 victoria

292 2501 413 2572 lllauuae
425 2507 586 2595 accipiunt
595 2511 716 2586 eibum,
729 2522 761 2576 et
772 2535 860 2598 aquae
872 2508 1022 2599 poculum
1034 2511 1074 2576 de
1084 2510 1229 2598 sequenti
1238 2509 1292 2574 tu-

292 2615 378 2680 riunt
389 2627 476 2704 petra
490 2639 498 2680 :
517 2617 572 2684 sed
583 2641 687 2707 neque
700 2632 776 2687 tuno
790 2631 1009 2686 numerantur.
1023 2620 1173 2687 Nondum
1185 2616 1295 2686 eninin

293 2725 342 2790 bis
363 2747 485 2813 eaquae
505 2729 647 2794 numeris
669 2743 740 2817 apta
757 2732 917 2798 ducuntur
932 2729 1143 2797 adoleverant.
1163 2728 1303 2795 Taberna

292 2832 400 2900 culum
416 2837 588 2904 testimonii
604 2841 810 2918 construitur,
827 2843 883 2906 sed
897 2865 956 2908 neo
976 2843 1008 2908 in
1028 2839 1091 2906 hoc
1106 2840 1240 2929 quidem
1259 2860 1309 2904 nu-

291 2944 432 3010 merandi
449 2945 556 3036 populi
572 2961 696 3036 tempus
712 2950 847 3016 advenit.
862 2950 927 3015 Lex
942 2973 998 3038 per
1008 2950 1137 3040 Moysen
1155 2949 1262 3023 datur,
1274 2971 1309 3012 sa

291 3052 484 3122 crificiorum
513 3080 581 3124 mos
606 3060 753 3138 traditur,
780 3060 1035 3150 purificationum
1065 3063 1143 3126 ritus
1170 3062 1312 3133 dooeua

292 3163 576 3232 sanctificationum
598 3166 681 3258 leges
704 3183 736 3234 et
758 3181 952 3236 sacramenta
974 3168 1175 3245 conduntur;
1193 3185 1225 3234 et
1239 3181 1308 3232 tune

291 3271 332 3336 ad
346 3296 514 3341 numerum
530 3299 569 3341 ex
583 3282 745 3368 proecepto'
754 3278 812 3344 Dei
826 3278 961 3368 populus
974 3278 1151 3345 adducitur.
1167 3276 1314 3344 Describe

292 3382 373 3457 haec,
386 3405 405 3447 o
417 3385 554 3463 auditor,
572 3389 602 3452 in
618 3389 713 3454 corde
730 3402 784 3454 tuo
801 3386 983 3478 dupliciter,
998 3400 1030 3453 et
1046 3385 1222 3475 tripliciter.
1240 3383 1320 3450 Vide

291 3502 407 3580 quanta
420 3493 476 3558 tibi
488 3498 676 3564 transeunda
692 3511 777 3572 sunt,
791 3511 907 3585 quanta
924 3496 1097 3572 toleranda,
1109 3507 1190 3584 quot
1200 3494 1319 3585 profau

291 3603 388 3679 tibae,
407 3617 484 3692 quot
503 3609 739 3686 tentationibus,
756 3622 833 3698 quot
848 3610 961 3698 praeliis
975 3608 1180 3698 pugnandum
1198 3608 1264 3674 tibi
1280 3615 1328 3672 ett

293 3722 325 3774 et
336 3711 539 3792 vincendum,
554 3728 588 3781 ut
600 3720 697 3806 possis
709 3720 749 3785 ad
765 3719 907 3786 divinum
921 3742 1088 3786 numerum
1102 3719 1282 3806 pertinere,
1295 3725 1328 3778 ul

44 3903 46 3912 .
165 3883 169 3906 ,
294 3821 327 3885 in
339 3835 490 3912 computo
501 3824 604 3914 aliquo
617 3828 759 3896 habearis
770 3833 857 3921 apud
867 3832 981 3908 Deum,
994 3841 1029 3895 ut
1040 3831 1122 3895 inter
1132 3843 1266 3896 sanetas
1277 3825 1332 3894 ui·

292 3929 352 3993 bus
373 3935 572 4000 annumerari
589 3934 700 4023 dignus
715 3938 872 4015 habearis,
891 3952 924 4003 nt
942 3939 1056 4006 visitari
1077 3939 1195 4027 possis,
1213 3948 1251 4002 et
1272 3955 1332 4023 per
