<?xml version="1.0" encoding="UTF-8"?>
<!DOCTYPE html PUBLIC "-//W3C//DTD XHTML 1.0 Transitional//EN"
    "http://www.w3.org/TR/xhtml1/DTD/xhtml1-transitional.dtd">
<html xmlns="http://www.w3.org/1999/xhtml" xml:lang="en" lang="en">
 <head>
  <title>
</title>
<meta http-equiv="Content-Type" content="text/html;charset=utf-8" />
  <meta name='ocr-system' content='tesseract 3.04.00' />
  <meta name='ocr-capabilities' content='ocr_page ocr_carea ocr_par ocr_line ocrx_word'/>
</head>
<body>
  <div class='ocr_page' id='page_1' title='image "./collectioselect01guilgoog_0049.png"; bbox 0 0 2744 4624; ppageno 0'>
   <div class='ocr_carea' id='block_1_1' title="bbox 418 298 1139 375">
    <p class='ocr_par' dir='ltr' id='par_1_1' title="bbox 418 298 1139 375">
     <span class='ocr_line' id='line_1_1' title="bbox 418 298 1139 375; baseline -0.011 -7"><span class='ocrx_word' id='word_1_1' title='bbox 418 325 449 368; x_wconf 80' lang='lat' dir='ltr'><strong>ut</strong></span> <span class='ocrx_word' id='word_1_2' title='bbox 473 321 763 366; x_wconf 70' lang='lat' dir='ltr'><strong>enumerarentur</strong></span> <span class='ocrx_word' id='word_1_3' title='bbox 788 319 829 362; x_wconf 85' lang='lat' dir='ltr'><strong>rx.</strong></span> <span class='ocrx_word' id='word_1_4' title='bbox 1097 298 1139 375; x_wconf 70' lang='grc'><strong>45</strong></span> 
     </span>
    </p>
   </div>
   <div class='ocr_carea' id='block_1_2' title="bbox 99 430 1155 3687">
    <p class='ocr_par' dir='ltr' id='par_1_2' title="bbox 99 430 1143 1292">
     <span class='ocr_line' id='line_1_2' title="bbox 100 430 1140 527; baseline -0.016 -17"><span class='ocrx_word' id='word_1_5' title='bbox 100 445 179 510; x_wconf 87' lang='lat' dir='ltr'><strong>Nam</strong></span> <span class='ocrx_word' id='word_1_6' title='bbox 193 456 227 508; x_wconf 89' lang='lat' dir='ltr'><strong>ct</strong></span> <span class='ocrx_word' id='word_1_7' title='bbox 242 444 275 507; x_wconf 92' lang='lat' dir='ltr'><strong>in</strong></span> <span class='ocrx_word' id='word_1_8' title='bbox 291 439 346 506; x_wconf 89' lang='lat' dir='ltr'><strong>ilio</strong></span> <span class='ocrx_word' id='word_1_9' title='bbox 360 436 480 527; x_wconf 82' lang='lat' dir='ltr'><strong>populo</strong></span> <span class='ocrx_word' id='word_1_10' title='bbox 492 437 621 504; x_wconf 75' lang='lat' dir='ltr'><strong>fuerunt</strong></span> <span class='ocrx_word' id='word_1_11' title='bbox 632 433 724 500; x_wconf 85' lang='lat' dir='ltr'><strong>multi</strong></span> <span class='ocrx_word' id='word_1_12' title='bbox 739 433 815 521; x_wconf 77' lang='lat' dir='ltr'><strong>justi</strong></span> <span class='ocrx_word' id='word_1_13' title='bbox 831 444 864 498; x_wconf 90' lang='lat' dir='ltr'><strong>et</strong></span> <span class='ocrx_word' id='word_1_14' title='bbox 879 431 1057 520; x_wconf 71' lang='lat' dir='ltr'><strong>prophete,</strong></span> <span class='ocrx_word' id='word_1_15' title='bbox 1070 430 1140 516; x_wconf 90' lang='lat' dir='ltr'><strong>qui·</strong></span> 
     </span>
     <span class='ocr_line' id='line_1_3' title="bbox 99 539 1139 634; baseline -0.017 -14"><span class='ocrx_word' id='word_1_16' title='bbox 99 557 159 620; x_wconf 78' lang='lat' dir='ltr'><strong>buo</strong></span> <span class='ocrx_word' id='word_1_17' title='bbox 182 551 347 618; x_wconf 79' lang='lat' dir='ltr'><strong>stellarum</strong></span> <span class='ocrx_word' id='word_1_18' title='bbox 376 547 449 615; x_wconf 85' lang='lat' dir='ltr'><strong>cmii</strong></span> <span class='ocrx_word' id='word_1_19' title='bbox 470 547 584 612; x_wconf 87' lang='lat' dir='ltr'><strong>merito</strong></span> <span class='ocrx_word' id='word_1_20' title='bbox 600 557 803 634; x_wconf 86' lang='lat' dir='ltr'><strong>comparatur</strong></span> <span class='ocrx_word' id='word_1_21' title='bbox 816 539 999 629; x_wconf 74' lang='lat' dir='ltr'><strong>cronopium</strong></span> <span class='ocrx_word' id='word_1_22' title='bbox 1023 563 1032 604; x_wconf 77' lang='grc' dir='ltr'><strong><em>ε</em></strong></span> <span class='ocrx_word' id='word_1_23' title='bbox 1058 553 1091 605; x_wconf 92' lang='lat' dir='ltr'><strong>et</strong></span> <span class='ocrx_word' id='word_1_24' title='bbox 1108 541 1139 602; x_wconf 91' lang='lat' dir='ltr'><strong>iu</strong></span> 
     </span>
     <span class='ocr_line' id='line_1_4' title="bbox 100 653 1142 750; baseline -0.015 -20"><span class='ocrx_word' id='word_1_25' title='bbox 100 675 213 730; x_wconf 76' lang='lat' dir='ltr'><strong>nostro</strong></span> <span class='ocrx_word' id='word_1_26' title='bbox 235 660 351 750; x_wconf 80' lang='lat' dir='ltr'><strong>populo</strong></span> <span class='ocrx_word' id='word_1_27' title='bbox 368 670 445 726; x_wconf 84' lang='lat' dir='ltr'><strong>sunt</strong></span> <span class='ocrx_word' id='word_1_28' title='bbox 468 655 559 724; x_wconf 91' lang='lat' dir='ltr'><strong>multi</strong></span> <span class='ocrx_word' id='word_1_29' title='bbox 578 657 631 742; x_wconf 90' lang='lat' dir='ltr'><strong>qui</strong></span> <span class='ocrx_word' id='word_1_30' title='bbox 649 668 773 722; x_wconf 84' lang='lat' dir='ltr'><strong>terrena</strong></span> <span class='ocrx_word' id='word_1_31' title='bbox 795 653 932 742; x_wconf 82' lang='lat' dir='ltr'><strong>sapiunt,</strong></span> <span class='ocrx_word' id='word_1_32' title='bbox 955 664 988 716; x_wconf 90' lang='lat' dir='ltr'><strong>et</strong></span> <span class='ocrx_word' id='word_1_33' title='bbox 1003 673 1142 740; x_wconf 87' lang='lat' dir='ltr'><strong>qnorum</strong></span> 
     </span>
     <span class='ocr_line' id='line_1_5' title="bbox 104 761 1141 856; baseline -0.008 -22"><span class='ocrx_word' id='word_1_34' title='bbox 104 769 238 834; x_wconf 75' lang='lat' dir='ltr'><strong>stultitia</strong></span> <span class='ocrx_word' id='word_1_35' title='bbox 257 768 379 856; x_wconf 77' lang='lat' dir='ltr'><strong>gravior</strong></span> <span class='ocrx_word' id='word_1_36' title='bbox 398 777 449 831; x_wconf 78' lang='lat' dir='ltr'><strong>ost</strong></span> <span class='ocrx_word' id='word_1_37' title='bbox 466 787 559 832; x_wconf 85' lang='lat' dir='ltr'><strong>arena</strong></span> <span class='ocrx_word' id='word_1_38' title='bbox 577 763 693 852; x_wconf 55' lang='lat' dir='ltr'><strong>magia</strong></span> <span class='ocrx_word' id='word_1_39' title='bbox 716 765 749 828; x_wconf 91' lang='lat' dir='ltr'><strong>in</strong></span> <span class='ocrx_word' id='word_1_40' title='bbox 765 765 880 850; x_wconf 85' lang='lat' dir='ltr'><strong>quibus</strong></span> <span class='ocrx_word' id='word_1_41' title='bbox 896 763 1055 851; x_wconf 74' lang='lat' dir='ltr'><strong>praecipue</strong></span> <span class='ocrx_word' id='word_1_42' title='bbox 1077 761 1141 826; x_wconf 83' lang='lat' dir='ltr'><strong>hae-</strong></span> 
     </span>
     <span class='ocr_line' id='line_1_6' title="bbox 110 871 1141 960; baseline -0.006 -18"><span class='ocrx_word' id='word_1_43' title='bbox 110 877 280 942; x_wconf 88' lang='lat' dir='ltr'><strong>reticorum</strong></span> <span class='ocrx_word' id='word_1_44' title='bbox 296 876 406 940; x_wconf 78' lang='lat' dir='ltr'><strong>turbas</strong></span> <span class='ocrx_word' id='word_1_45' title='bbox 426 873 562 938; x_wconf 76' lang='lat' dir='ltr'><strong>arbitror</strong></span> <span class='ocrx_word' id='word_1_46' title='bbox 576 871 782 960; x_wconf 76' lang='lat' dir='ltr'><strong>deputandae.</strong></span> <span class='ocrx_word' id='word_1_47' title='bbox 803 871 867 936; x_wconf 87' lang='lat' dir='ltr'><strong>Sed</strong></span> <span class='ocrx_word' id='word_1_48' title='bbox 882 893 922 936; x_wconf 86' lang='lat' dir='ltr'><strong>ne</strong></span> <span class='ocrx_word' id='word_1_49' title='bbox 936 893 993 936; x_wconf 88' lang='lat' dir='ltr'><strong>nos</strong></span> <span class='ocrx_word' id='word_1_50' title='bbox 1011 871 1141 957; x_wconf 88' lang='lat' dir='ltr'><strong>quidem</strong></span> 
     </span>
     <span class='ocr_line' id='line_1_7' title="bbox 109 980 1141 1071; baseline -0.01 -17"><span class='ocrx_word' id='word_1_51' title='bbox 109 987 211 1054; x_wconf 76' lang='lat' dir='ltr'><strong>securi</strong></span> <span class='ocrx_word' id='word_1_52' title='bbox 223 985 318 1052; x_wconf 78' lang='lat' dir='ltr'><strong>simun</strong></span> <span class='ocrx_word' id='word_1_53' title='bbox 337 1009 345 1049; x_wconf 77' lang='grc' dir='ltr'><strong>ε</strong></span> <span class='ocrx_word' id='word_1_54' title='bbox 364 985 468 1052; x_wconf 90' lang='lat' dir='ltr'><strong>donec</strong></span> <span class='ocrx_word' id='word_1_55' title='bbox 482 983 569 1050; x_wconf 87' lang='lat' dir='ltr'><strong>enim</strong></span> <span class='ocrx_word' id='word_1_56' title='bbox 585 983 654 1068; x_wconf 83' lang='lat' dir='ltr'><strong>quis</strong></span> <span class='ocrx_word' id='word_1_57' title='bbox 669 993 814 1048; x_wconf 82' lang='lat' dir='ltr'><strong>nostrum</strong></span> <span class='ocrx_word' id='word_1_58' title='bbox 831 1005 896 1046; x_wconf 93' lang='lat' dir='ltr'><strong>non</strong></span> <span class='ocrx_word' id='word_1_59' title='bbox 913 980 1043 1071; x_wconf 78' lang='lat' dir='ltr'><strong>deponit</strong></span> <span class='ocrx_word' id='word_1_60' title='bbox 1060 983 1141 1045; x_wconf 82' lang='lat' dir='ltr'><strong>ima-</strong></span> 
     </span>
     <span class='ocr_line' id='line_1_8' title="bbox 104 1086 1143 1184; baseline -0.004 -24"><span class='ocrx_word' id='word_1_61' title='bbox 104 1097 212 1184; x_wconf 76' lang='lat' dir='ltr'><strong>ginem</strong></span> <span class='ocrx_word' id='word_1_62' title='bbox 228 1093 360 1168; x_wconf 74' lang='lat' dir='ltr'><strong>terreni,</strong></span> <span class='ocrx_word' id='word_1_63' title='bbox 375 1103 409 1158; x_wconf 87' lang='lat' dir='ltr'><strong>et</strong></span> <span class='ocrx_word' id='word_1_64' title='bbox 420 1091 525 1156; x_wconf 90' lang='lat' dir='ltr'><strong>induit</strong></span> <span class='ocrx_word' id='word_1_65' title='bbox 543 1089 714 1178; x_wconf 77' lang='lat' dir='ltr'><strong>imaginem</strong></span> <span class='ocrx_word' id='word_1_66' title='bbox 734 1086 887 1164; x_wconf 75' lang='lat' dir='ltr'><strong>celestis,</strong></span> <span class='ocrx_word' id='word_1_67' title='bbox 905 1090 1037 1156; x_wconf 74' lang='lat' dir='ltr'><strong>terrenis</strong></span> <span class='ocrx_word' id='word_1_68' title='bbox 1053 1112 1143 1156; x_wconf 89' lang='lat' dir='ltr'><strong>com·</strong></span> 
     </span>
     <span class='ocr_line' id='line_1_9' title="bbox 103 1199 516 1292; baseline -0.015 -22"><span class='ocrx_word' id='word_1_69' title='bbox 103 1215 236 1292; x_wconf 79' lang='lat' dir='ltr'><strong>peretur</strong></span> <span class='ocrx_word' id='word_1_70' title='bbox 250 1199 403 1288; x_wconf 77' lang='lat' dir='ltr'><strong>exemplis</strong></span> <span class='ocrx_word' id='word_1_71' title='bbox 405 1245 516 1268; x_wconf 91' lang='grc'><strong>........</strong></span> 
     </span>
    </p>

    <p class='ocr_par' dir='ltr' id='par_1_3' title="bbox 107 1305 1155 3687">
     <span class='ocr_line' id='line_1_10' title="bbox 150 1305 1146 1399; baseline -0.006 -21"><span class='ocrx_word' id='word_1_72' title='bbox 150 1310 385 1399; x_wconf 82' lang='lat' dir='ltr'><strong>...Propterea¹</strong></span> <span class='ocrx_word' id='word_1_73' title='bbox 398 1331 474 1398; x_wconf 78' lang='lat' dir='ltr'><strong>crgo</strong></span> <span class='ocrx_word' id='word_1_74' title='bbox 487 1305 679 1396; x_wconf 76' lang='lat' dir='ltr'><strong>vigiiandum</strong></span> <span class='ocrx_word' id='word_1_75' title='bbox 691 1308 783 1374; x_wconf 81' lang='lat' dir='ltr'><strong>nobis</strong></span> <span class='ocrx_word' id='word_1_76' title='bbox 794 1319 854 1383; x_wconf 80' lang='lat' dir='ltr'><strong>eat,</strong></span> <span class='ocrx_word' id='word_1_77' title='bbox 865 1320 897 1372; x_wconf 92' lang='lat' dir='ltr'><strong>ct</strong></span> <span class='ocrx_word' id='word_1_78' title='bbox 908 1305 1039 1372; x_wconf 79' lang='lat' dir='ltr'><strong>sollicite</strong></span> <span class='ocrx_word' id='word_1_79' title='bbox 1051 1329 1146 1394; x_wconf 69' lang='lat' dir='ltr'><strong>agen-</strong></span> 
     </span>
     <span class='ocr_line' id='line_1_11' title="bbox 107 1409 1142 1506; baseline -0.006 -20"><span class='ocrx_word' id='word_1_80' title='bbox 107 1422 211 1494; x_wconf 92' lang='lat' dir='ltr'><strong>dum,</strong></span> <span class='ocrx_word' id='word_1_81' title='bbox 234 1447 247 1478; x_wconf 75' lang='lat' dir='ltr'><strong>a</strong></span> <span class='ocrx_word' id='word_1_82' title='bbox 262 1421 335 1506; x_wconf 79' lang='lat' dir='ltr'><strong>quie</strong></span> <span class='ocrx_word' id='word_1_83' title='bbox 350 1417 542 1484; x_wconf 80' lang='lat' dir='ltr'><strong>adversarius</strong></span> <span class='ocrx_word' id='word_1_84' title='bbox 557 1429 678 1492; x_wconf 85' lang='lat' dir='ltr'><strong>noster,</strong></span> <span class='ocrx_word' id='word_1_85' title='bbox 694 1418 776 1484; x_wconf 83' lang='lat' dir='ltr'><strong>sieut</strong></span> <span class='ocrx_word' id='word_1_86' title='bbox 792 1417 842 1482; x_wconf 86' lang='lat' dir='ltr'><strong>leo</strong></span> <span class='ocrx_word' id='word_1_87' title='bbox 856 1409 995 1503; x_wconf 79' lang='lat' dir='ltr'><strong>rugiens,</strong></span> <span class='ocrx_word' id='word_1_88' title='bbox 1016 1417 1142 1491; x_wconf 78' lang='lat' dir='ltr'><strong>circuit,</strong></span> 
     </span>
     <span class='ocr_line' id='line_1_12' title="bbox 113 1525 1145 1614; baseline 0.002 -24"><span class='ocrx_word' id='word_1_89' title='bbox 113 1550 290 1614; x_wconf 78' lang='lat' dir='ltr'><strong>»quaerent</strong></span> <span class='ocrx_word' id='word_1_90' title='bbox 305 1551 398 1613; x_wconf 87' lang='lat' dir='ltr'><strong>quem</strong></span> <span class='ocrx_word' id='word_1_91' title='bbox 416 1526 616 1600; x_wconf 48' lang='lat' dir='ltr'><strong>transvoret&amp;</strong></span> <span class='ocrx_word' id='word_1_92' title='bbox 631 1539 645 1589; x_wconf 68' lang='lat' dir='ltr'><strong>b</strong></span> <span class='ocrx_word' id='word_1_93' title='bbox 663 1528 722 1592; x_wconf 91' lang='lat' dir='ltr'><strong>Cui</strong></span> <span class='ocrx_word' id='word_1_94' title='bbox 741 1528 799 1592; x_wconf 85' lang='lat' dir='ltr'><strong>nisi</strong></span> <span class='ocrx_word' id='word_1_95' title='bbox 820 1525 1028 1592; x_wconf 74' lang='lat' dir='ltr'><strong>restiterimus</strong></span> <span class='ocrx_word' id='word_1_96' title='bbox 1046 1528 1145 1612; x_wconf 68' lang='lat' dir='ltr'><strong>fortes</strong></span> 
     </span>
     <span class='ocr_line' id='line_1_13' title="bbox 117 1635 1143 1724; baseline 0.001 -24"><span class='ocrx_word' id='word_1_97' title='bbox 117 1638 155 1700; x_wconf 80' lang='lat' dir='ltr'><strong>in</strong></span> <span class='ocrx_word' id='word_1_98' title='bbox 166 1637 245 1722; x_wconf 79' lang='lat' dir='ltr'><strong>fide,</strong></span> <span class='ocrx_word' id='word_1_99' title='bbox 255 1659 380 1702; x_wconf 84' lang='lat' dir='ltr'><strong>rursum</strong></span> <span class='ocrx_word' id='word_1_100' title='bbox 390 1659 444 1702; x_wconf 86' lang='lat' dir='ltr'><strong>nos</strong></span> <span class='ocrx_word' id='word_1_101' title='bbox 455 1637 488 1702; x_wconf 89' lang='lat' dir='ltr'><strong>in</strong></span> <span class='ocrx_word' id='word_1_102' title='bbox 495 1637 710 1724; x_wconf 82' lang='lat' dir='ltr'><strong>captivitatem</strong></span> <span class='ocrx_word' id='word_1_103' title='bbox 722 1638 892 1704; x_wconf 77' lang='lat' dir='ltr'><strong>revocabit.</strong></span> <span class='ocrx_word' id='word_1_104' title='bbox 906 1635 1039 1715; x_wconf 79' lang='lat' dir='ltr'><strong>Quodsi</strong></span> <span class='ocrx_word' id='word_1_105' title='bbox 1052 1637 1143 1701; x_wconf 80' lang='lat' dir='ltr'><strong>nobie</strong></span> 
     </span>
     <span class='ocr_line' id='line_1_14' title="bbox 110 1743 1144 1834; baseline 0 -24"><span class='ocrx_word' id='word_1_106' title='bbox 110 1745 246 1816; x_wconf 77' lang='lat' dir='ltr'><strong>eveniat,</strong></span> <span class='ocrx_word' id='word_1_107' title='bbox 266 1745 425 1834; x_wconf 78' lang='lat' dir='ltr'><strong>ingratum</strong></span> <span class='ocrx_word' id='word_1_108' title='bbox 443 1743 594 1813; x_wconf 79' lang='lat' dir='ltr'><strong>iaciemus</strong></span> <span class='ocrx_word' id='word_1_109' title='bbox 608 1769 687 1834; x_wconf 82' lang='lat' dir='ltr'><strong>opus</strong></span> <span class='ocrx_word' id='word_1_110' title='bbox 701 1747 771 1832; x_wconf 83' lang='lat' dir='ltr'><strong>ejus</strong></span> <span class='ocrx_word' id='word_1_111' title='bbox 785 1745 840 1833; x_wconf 88' lang='lat' dir='ltr'><strong>qui</strong></span> <span class='ocrx_word' id='word_1_112' title='bbox 858 1746 946 1810; x_wconf 90' lang='lat' dir='ltr'><strong>cruci</strong></span> <span class='ocrx_word' id='word_1_113' title='bbox 960 1768 1025 1810; x_wconf 82' lang='lat' dir='ltr'><strong>suae</strong></span> <span class='ocrx_word' id='word_1_114' title='bbox 1044 1743 1144 1810; x_wconf 78' lang='lat' dir='ltr'><strong>affixit</strong></span> 
     </span>
     <span class='ocr_line' id='line_1_15' title="bbox 108 1853 1143 1942; baseline 0.002 -24"><span class='ocrx_word' id='word_1_115' title='bbox 108 1853 352 1942; x_wconf 74' lang='lat' dir='ltr'><strong>principatuset</strong></span> <span class='ocrx_word' id='word_1_116' title='bbox 374 1866 557 1942; x_wconf 77' lang='lat' dir='ltr'><strong>potestates,</strong></span> <span class='ocrx_word' id='word_1_117' title='bbox 573 1877 648 1922; x_wconf 88' lang='lat' dir='ltr'><strong>cum</strong></span> <span class='ocrx_word' id='word_1_118' title='bbox 670 1854 787 1920; x_wconf 84' lang='lat' dir='ltr'><strong>fiduciu</strong></span> <span class='ocrx_word' id='word_1_119' title='bbox 810 1853 1009 1942; x_wconf 80' lang='lat' dir='ltr'><strong>triumphent</strong></span> <span class='ocrx_word' id='word_1_120' title='bbox 1031 1876 1086 1920; x_wconf 86' lang='lat' dir='ltr'><strong>eos</strong></span> <span class='ocrx_word' id='word_1_121' title='bbox 1110 1853 1143 1920; x_wconf 92' lang='lat' dir='ltr'><strong>in</strong></span> 
     </span>
     <span class='ocr_line' id='line_1_16' title="bbox 111 1963 1144 2052; baseline 0 -24"><span class='ocrx_word' id='word_1_122' title='bbox 111 1963 351 2051; x_wconf 74' lang='lat' dir='ltr'><strong>temetipsum³,</strong></span> <span class='ocrx_word' id='word_1_123' title='bbox 364 1977 397 2028; x_wconf 91' lang='lat' dir='ltr'><strong>et</strong></span> <span class='ocrx_word' id='word_1_124' title='bbox 411 1964 465 2051; x_wconf 91' lang='lat' dir='ltr'><strong>qui</strong></span> <span class='ocrx_word' id='word_1_125' title='bbox 481 1964 566 2030; x_wconf 83' lang='lat' dir='ltr'><strong>venit</strong></span> <span class='ocrx_word' id='word_1_126' title='bbox 583 1964 723 2052; x_wconf 83' lang='lat' dir='ltr'><strong>captivos</strong></span> <span class='ocrx_word' id='word_1_127' title='bbox 746 1964 905 2029; x_wconf 88' lang='lat' dir='ltr'><strong>dimittere</strong></span> <span class='ocrx_word' id='word_1_128' title='bbox 927 1963 960 2028; x_wconf 93' lang='lat' dir='ltr'><strong>in</strong></span> <span class='ocrx_word' id='word_1_129' title='bbox 982 1963 1144 2028; x_wconf 76' lang='lat' dir='ltr'><strong>remissio-</strong></span> 
     </span>
     <span class='ocr_line' id='line_1_17' title="bbox 109 2071 1146 2160; baseline 0 -22"><span class='ocrx_word' id='word_1_130' title='bbox 109 2094 183 2138; x_wconf 89' lang='lat' dir='ltr'><strong>nem</strong></span> <span class='ocrx_word' id='word_1_131' title='bbox 197 2071 220 2136; x_wconf 78' lang='lat'><strong>⁴.</strong></span> <span class='ocrx_word' id='word_1_132' title='bbox 232 2073 318 2150; x_wconf 90' lang='lat' dir='ltr'><strong>Quin</strong></span> <span class='ocrx_word' id='word_1_133' title='bbox 331 2073 437 2160; x_wconf 75' lang='lat' dir='ltr'><strong>potius</strong></span> <span class='ocrx_word' id='word_1_134' title='bbox 445 2071 543 2140; x_wconf 86' lang='lat' dir='ltr'><strong>iidem</strong></span> <span class='ocrx_word' id='word_1_135' title='bbox 554 2073 672 2138; x_wconf 81' lang='lat' dir='ltr'><strong>Christi</strong></span> <span class='ocrx_word' id='word_1_136' title='bbox 684 2086 864 2160; x_wconf 82' lang='lat' dir='ltr'><strong>sequentes,</strong></span> <span class='ocrx_word' id='word_1_137' title='bbox 875 2073 929 2160; x_wconf 91' lang='lat' dir='ltr'><strong>qui</strong></span> <span class='ocrx_word' id='word_1_138' title='bbox 942 2073 1146 2160; x_wconf 83' lang='lat' dir='ltr'><strong>triumphavit</strong></span> 
     </span>
     <span class='ocr_line' id='line_1_18' title="bbox 110 2179 1147 2269; baseline -0.002 -23"><span class='ocrx_word' id='word_1_139' title='bbox 110 2203 178 2256; x_wconf 76' lang='lat' dir='ltr'><strong>eos,</strong></span> <span class='ocrx_word' id='word_1_140' title='bbox 194 2180 428 2269; x_wconf 76' lang='lat' dir='ltr'><strong>disrumpamus</strong></span> <span class='ocrx_word' id='word_1_141' title='bbox 446 2179 571 2248; x_wconf 84' lang='lat' dir='ltr'><strong>vincula</strong></span> <span class='ocrx_word' id='word_1_142' title='bbox 591 2205 716 2255; x_wconf 91' lang='lat' dir='ltr'><strong>eorum,</strong></span> <span class='ocrx_word' id='word_1_143' title='bbox 733 2181 847 2268; x_wconf 85' lang='lat' dir='ltr'><strong>quibus</strong></span> <span class='ocrx_word' id='word_1_144' title='bbox 863 2204 920 2244; x_wconf 86' lang='lat' dir='ltr'><strong>nos</strong></span> <span class='ocrx_word' id='word_1_145' title='bbox 936 2179 1147 2246; x_wconf 82' lang='lat' dir='ltr'><strong>devinxerunt</strong></span> 
     </span>
     <span class='ocr_line' id='line_1_19' title="bbox 115 2289 1146 2379; baseline -0.001 -25"><span class='ocrx_word' id='word_1_146' title='bbox 115 2291 261 2376; x_wconf 69' lang='lat' dir='ltr'><strong>potestati</strong></span> <span class='ocrx_word' id='word_1_147' title='bbox 275 2315 348 2356; x_wconf 72' lang='lat' dir='ltr'><strong>suae.</strong></span> <span class='ocrx_word' id='word_1_148' title='bbox 369 2289 504 2358; x_wconf 80' lang='lat' dir='ltr'><strong>Vincula</strong></span> <span class='ocrx_word' id='word_1_149' title='bbox 522 2315 597 2356; x_wconf 84' lang='lat' dir='ltr'><strong>vero</strong></span> <span class='ocrx_word' id='word_1_150' title='bbox 613 2292 728 2379; x_wconf 84' lang='lat' dir='ltr'><strong>quibus</strong></span> <span class='ocrx_word' id='word_1_151' title='bbox 744 2313 801 2356; x_wconf 84' lang='lat' dir='ltr'><strong>noa</strong></span> <span class='ocrx_word' id='word_1_152' title='bbox 820 2291 1056 2378; x_wconf 78' lang='lat' dir='ltr'><strong>constringunt,</strong></span> <span class='ocrx_word' id='word_1_153' title='bbox 1072 2312 1146 2377; x_wconf 83' lang='lat' dir='ltr'><strong>pas-</strong></span> 
     </span>
     <span class='ocr_line' id='line_1_20' title="bbox 115 2395 1149 2484; baseline 0 -22"><span class='ocrx_word' id='word_1_154' title='bbox 115 2395 234 2469; x_wconf 73' lang='lat' dir='ltr'><strong>tiones,</strong></span> <span class='ocrx_word' id='word_1_155' title='bbox 249 2407 282 2460; x_wconf 91' lang='lat' dir='ltr'><strong>et</strong></span> <span class='ocrx_word' id='word_1_156' title='bbox 296 2396 365 2462; x_wconf 86' lang='lat' dir='ltr'><strong>vitia</strong></span> <span class='ocrx_word' id='word_1_157' title='bbox 377 2409 485 2464; x_wconf 81' lang='lat' dir='ltr'><strong>nostra</strong></span> <span class='ocrx_word' id='word_1_158' title='bbox 502 2408 589 2472; x_wconf 77' lang='lat' dir='ltr'><strong>sunt.</strong></span> <span class='ocrx_word' id='word_1_159' title='bbox 601 2398 716 2484; x_wconf 84' lang='lat' dir='ltr'><strong>quibua</strong></span> <span class='ocrx_word' id='word_1_160' title='bbox 733 2396 853 2462; x_wconf 82' lang='lat' dir='ltr'><strong>tamdiu</strong></span> <span class='ocrx_word' id='word_1_161' title='bbox 871 2398 1075 2473; x_wconf 89' lang='lat' dir='ltr'><strong>innectimur,</strong></span> <span class='ocrx_word' id='word_1_162' title='bbox 1092 2399 1149 2462; x_wconf 90' lang='lat' dir='ltr'><strong>du·</strong></span> 
     </span>
     <span class='ocr_line' id='line_1_21' title="bbox 113 2505 1150 2594; baseline 0.004 -26"><span class='ocrx_word' id='word_1_163' title='bbox 113 2526 310 2570; x_wconf 86' lang='lat' dir='ltr'><strong>neccarnem</strong></span> <span class='ocrx_word' id='word_1_164' title='bbox 319 2517 459 2572; x_wconf 83' lang='lat' dir='ltr'><strong>nostrum</strong></span> <span class='ocrx_word' id='word_1_165' title='bbox 472 2505 695 2594; x_wconf 73' lang='lat' dir='ltr'><strong>crucifigamus</strong></span> <span class='ocrx_word' id='word_1_166' title='bbox 707 2506 867 2572; x_wconf 81' lang='lat' dir='ltr'><strong>cumritiia</strong></span> <span class='ocrx_word' id='word_1_167' title='bbox 882 2507 1150 2592; x_wconf 82' lang='lat' dir='ltr'><strong>etconoupiscen·</strong></span> 
     </span>
     <span class='ocr_line' id='line_1_22' title="bbox 113 2593 1149 2702; baseline 0.002 -26"><span class='ocrx_word' id='word_1_168' title='bbox 113 2611 175 2686; x_wconf 83' lang='lat' dir='ltr'><strong>tiio,</strong></span> <span class='ocrx_word' id='word_1_169' title='bbox 191 2621 225 2676; x_wconf 90' lang='lat' dir='ltr'><strong>et</strong></span> <span class='ocrx_word' id='word_1_170' title='bbox 239 2611 284 2678; x_wconf 87' lang='lat' dir='ltr'><strong>ita</strong></span> <span class='ocrx_word' id='word_1_171' title='bbox 298 2612 454 2678; x_wconf 79' lang='lat' dir='ltr'><strong>demum«</strong></span> <span class='ocrx_word' id='word_1_172' title='bbox 469 2614 703 2702; x_wconf 75' lang='lat' dir='ltr'><strong>disrumpamus</strong></span> <span class='ocrx_word' id='word_1_173' title='bbox 719 2612 844 2680; x_wconf 84' lang='lat' dir='ltr'><strong>vincula</strong></span> <span class='ocrx_word' id='word_1_174' title='bbox 860 2635 983 2688; x_wconf 90' lang='lat' dir='ltr'><strong>eorum,</strong></span> <span class='ocrx_word' id='word_1_175' title='bbox 1000 2624 1032 2678; x_wconf 88' lang='lat' dir='ltr'><strong>et</strong></span> <span class='ocrx_word' id='word_1_176' title='bbox 1046 2593 1149 2700; x_wconf 62' lang='lat' dir='ltr'><strong>broii-</strong></span> 
     </span>
     <span class='ocr_line' id='line_1_23' title="bbox 111 2719 1148 2812; baseline 0.01 -32"><span class='ocrx_word' id='word_1_177' title='bbox 111 2749 125 2780; x_wconf 75' lang='grc' dir='ltr'>ι</span> <span class='ocrx_word' id='word_1_178' title='bbox 139 2719 264 2786; x_wconf 66' lang='lat' dir='ltr'><strong>memus</strong></span> <span class='ocrx_word' id='word_1_179' title='bbox 276 2744 294 2784; x_wconf 89' lang='lat' dir='ltr'><strong>a</strong></span> <span class='ocrx_word' id='word_1_180' title='bbox 307 2723 398 2786; x_wconf 80' lang='lat' dir='ltr'><strong>nobis</strong></span> <span class='ocrx_word' id='word_1_181' title='bbox 411 2722 523 2810; x_wconf 76' lang='lat' dir='ltr'><strong>jugum</strong></span> <span class='ocrx_word' id='word_1_182' title='bbox 535 2723 703 2812; x_wconf 77' lang='lat' dir='ltr'><strong>ipsorum⁵.</strong></span> <span class='ocrx_word' id='word_1_183' title='bbox 716 2751 729 2786; x_wconf 75' lang='grc' dir='ltr'><strong><em>ι</em></strong></span> <span class='ocrx_word' id='word_1_184' title='bbox 741 2725 842 2812; x_wconf 82' lang='lat' dir='ltr'><strong>igitur</strong></span> <span class='ocrx_word' id='word_1_185' title='bbox 854 2722 1022 2810; x_wconf 84' lang='lat' dir='ltr'><strong>occupavit</strong></span> <span class='ocrx_word' id='word_1_186' title='bbox 1037 2746 1148 2790; x_wconf 82' lang='lat' dir='ltr'><strong>acmen</strong></span> 
     </span>
     <span class='ocr_line' id='line_1_24' title="bbox 111 2828 1147 2921; baseline 0.008 -27"><span class='ocrx_word' id='word_1_187' title='bbox 111 2828 251 2894; x_wconf 79' lang='lat' dir='ltr'><strong>Abrahae</strong></span> <span class='ocrx_word' id='word_1_188' title='bbox 263 2828 406 2894; x_wconf 76' lang='lat' dir='ltr'><strong>civitates</strong></span> <span class='ocrx_word' id='word_1_189' title='bbox 421 2833 687 2907; x_wconf 78' lang='lat' dir='ltr'><strong>adversariorum,</strong></span> <span class='ocrx_word' id='word_1_190' title='bbox 701 2833 733 2898; x_wconf 91' lang='lat' dir='ltr'><strong>id</strong></span> <span class='ocrx_word' id='word_1_191' title='bbox 744 2846 805 2908; x_wconf 88' lang='lat' dir='ltr'><strong>eat,</strong></span> <span class='ocrx_word' id='word_1_192' title='bbox 817 2855 926 2900; x_wconf 82' lang='lat' dir='ltr'><strong>semen</strong></span> <span class='ocrx_word' id='word_1_193' title='bbox 939 2832 1048 2910; x_wconf 87' lang='lat' dir='ltr'><strong>Verbi,</strong></span> <span class='ocrx_word' id='word_1_194' title='bbox 1061 2836 1147 2921; x_wconf 90' lang='lat' dir='ltr'><strong>quod</strong></span> 
     </span>
     <span class='ocr_line' id='line_1_25' title="bbox 111 2940 1151 3030; baseline 0.002 -24"><span class='ocrx_word' id='word_1_195' title='bbox 111 2951 159 3006; x_wconf 76' lang='lat' dir='ltr'><strong>est</strong></span> <span class='ocrx_word' id='word_1_196' title='bbox 173 2940 361 3028; x_wconf 66' lang='lat' dir='ltr'><strong>predicatio</strong></span> <span class='ocrx_word' id='word_1_197' title='bbox 379 2941 552 3030; x_wconf 78' lang='lat' dir='ltr'><strong>Evangelii,</strong></span> <span class='ocrx_word' id='word_1_198' title='bbox 565 2956 598 3007; x_wconf 86' lang='lat' dir='ltr'><strong>et</strong></span> <span class='ocrx_word' id='word_1_199' title='bbox 611 2943 690 3008; x_wconf 83' lang='lat' dir='ltr'><strong>fides</strong></span> <span class='ocrx_word' id='word_1_200' title='bbox 707 2942 835 3008; x_wconf 85' lang='lat' dir='ltr'><strong>Christi.</strong></span> <span class='ocrx_word' id='word_1_201' title='bbox 853 2942 917 3010; x_wconf 88' lang='lat' dir='ltr'><strong>Sed</strong></span> <span class='ocrx_word' id='word_1_202' title='bbox 936 2943 1008 3010; x_wconf 89' lang='lat' dir='ltr'><strong>dico</strong></span> <span class='ocrx_word' id='word_1_203' title='bbox 1025 2965 1033 3008; x_wconf 74' lang='grc' dir='ltr'><em>τ</em></span> <span class='ocrx_word' id='word_1_204' title='bbox 1053 2943 1151 3010; x_wconf 89' lang='lat' dir='ltr'><strong>Num·</strong></span> 
     </span>
     <span class='ocr_line' id='line_1_26' title="bbox 113 3050 1151 3141; baseline 0.005 -28"><span class='ocrx_word' id='word_1_205' title='bbox 113 3050 188 3136; x_wconf 89' lang='lat' dir='ltr'><strong>quid</strong></span> <span class='ocrx_word' id='word_1_206' title='bbox 205 3050 373 3137; x_wconf 90' lang='lat' dir='ltr'><strong>iniquitate</strong></span> <span class='ocrx_word' id='word_1_207' title='bbox 385 3073 459 3116; x_wconf 81' lang='lat' dir='ltr'><strong>neus</strong></span> <span class='ocrx_word' id='word_1_208' title='bbox 472 3064 521 3116; x_wconf 86' lang='lat' dir='ltr'><strong>est</strong></span> <span class='ocrx_word' id='word_1_209' title='bbox 533 3052 700 3126; x_wconf 82' lang='lat' dir='ltr'><strong>Dominus,</strong></span> <span class='ocrx_word' id='word_1_210' title='bbox 718 3063 752 3117; x_wconf 93' lang='lat' dir='ltr'><strong>ut</strong></span> <span class='ocrx_word' id='word_1_211' title='bbox 767 3053 902 3139; x_wconf 86' lang='lat' dir='ltr'><strong>eriperet</strong></span> <span class='ocrx_word' id='word_1_212' title='bbox 917 3064 1026 3140; x_wconf 81' lang='lat' dir='ltr'><strong>gentes</strong></span> <span class='ocrx_word' id='word_1_213' title='bbox 1041 3052 1082 3118; x_wconf 90' lang='lat' dir='ltr'><strong>de</strong></span> <span class='ocrx_word' id='word_1_214' title='bbox 1097 3076 1151 3141; x_wconf 89' lang='lat' dir='ltr'><strong>po·</strong></span> 
     </span>
     <span class='ocr_line' id='line_1_27' title="bbox 114 3159 1151 3249; baseline 0.004 -25"><span class='ocrx_word' id='word_1_215' title='bbox 114 3171 228 3224; x_wconf 81' lang='lat' dir='ltr'><strong>testate</strong></span> <span class='ocrx_word' id='word_1_216' title='bbox 251 3159 518 3235; x_wconf 81' lang='lat' dir='ltr'><strong>adversariorum,</strong></span> <span class='ocrx_word' id='word_1_217' title='bbox 532 3173 565 3225; x_wconf 89' lang='lat' dir='ltr'><strong>et</strong></span> <span class='ocrx_word' id='word_1_218' title='bbox 585 3161 626 3226; x_wconf 91' lang='lat' dir='ltr'><strong>ud</strong></span> <span class='ocrx_word' id='word_1_219' title='bbox 640 3161 739 3227; x_wconf 86' lang='lat' dir='ltr'><strong>[idem</strong></span> <span class='ocrx_word' id='word_1_220' title='bbox 754 3184 843 3226; x_wconf 89' lang='lat' dir='ltr'><strong>suam</strong></span> <span class='ocrx_word' id='word_1_221' title='bbox 861 3161 1077 3249; x_wconf 90' lang='lat' dir='ltr'><strong>ditionemque</strong></span> <span class='ocrx_word' id='word_1_222' title='bbox 1100 3186 1151 3228; x_wconf 92' lang='lat' dir='ltr'><strong>re-</strong></span> 
     </span>
     <span class='ocr_line' id='line_1_28' title="bbox 115 3268 1155 3359; baseline 0.005 -27"><span class='ocrx_word' id='word_1_223' title='bbox 115 3268 265 3336; x_wconf 79' lang='lat' dir='ltr'><strong>vocaret?</strong></span> <span class='ocrx_word' id='word_1_224' title='bbox 287 3269 506 3358; x_wconf 81' lang='lat' dir='ltr'><strong>Nequaquam.</strong></span> <span class='ocrx_word' id='word_1_225' title='bbox 532 3271 607 3336; x_wconf 90' lang='lat' dir='ltr'><strong>Erat</strong></span> <span class='ocrx_word' id='word_1_226' title='bbox 630 3270 716 3336; x_wconf 89' lang='lat' dir='ltr'><strong>enim</strong></span> <span class='ocrx_word' id='word_1_227' title='bbox 740 3269 907 3356; x_wconf 80' lang='lat' dir='ltr'><strong>aliquando</strong></span> <span class='ocrx_word' id='word_1_228' title='bbox 929 3294 1001 3359; x_wconf 84' lang='lat' dir='ltr'><strong>pars</strong></span> <span class='ocrx_word' id='word_1_229' title='bbox 1025 3272 1155 3338; x_wconf 86' lang='lat' dir='ltr'><strong>Domini</strong></span> 
     </span>
     <span class='ocr_line' id='line_1_29' title="bbox 118 3376 1155 3470; baseline 0.004 -28"><span class='ocrx_word' id='word_1_230' title='bbox 118 3376 226 3452; x_wconf 66' lang='lat' dir='ltr'><strong>lornei,</strong></span> <span class='ocrx_word' id='word_1_231' title='bbox 240 3377 298 3442; x_wconf 89' lang='lat' dir='ltr'><strong>sed</strong></span> <span class='ocrx_word' id='word_1_232' title='bbox 314 3376 358 3442; x_wconf 85' lang='lat' dir='ltr'><strong>itti</strong></span> <span class='ocrx_word' id='word_1_233' title='bbox 371 3401 504 3465; x_wconf 76' lang='lat' dir='ltr'><strong>peccare</strong></span> <span class='ocrx_word' id='word_1_234' title='bbox 520 3377 663 3444; x_wconf 82' lang='lat' dir='ltr'><strong>iecerunt</strong></span> <span class='ocrx_word' id='word_1_235' title='bbox 676 3377 770 3444; x_wconf 76' lang='lat' dir='ltr'><strong>lsrae&#39;i</strong></span> <span class='ocrx_word' id='word_1_236' title='bbox 786 3405 802 3444; x_wconf 90' lang='lat' dir='ltr'><strong>a</strong></span> <span class='ocrx_word' id='word_1_237' title='bbox 816 3381 883 3444; x_wconf 90' lang='lat' dir='ltr'><strong>Deo</strong></span> <span class='ocrx_word' id='word_1_238' title='bbox 899 3403 969 3454; x_wconf 88' lang='lat' dir='ltr'><strong>suo,</strong></span> <span class='ocrx_word' id='word_1_239' title='bbox 981 3393 1013 3445; x_wconf 88' lang='lat' dir='ltr'><strong>et</strong></span> <span class='ocrx_word' id='word_1_240' title='bbox 1024 3395 1155 3470; x_wconf 79' lang='lat' dir='ltr'><strong>propter</strong></span> 
     </span>
     <span class='ocr_line' id='line_1_30' title="bbox 127 3487 1155 3577; baseline 0.005 -27"><span class='ocrx_word' id='word_1_241' title='bbox 127 3500 248 3570; x_wconf 80' lang='lat' dir='ltr'><strong>peccatu</strong></span> <span class='ocrx_word' id='word_1_242' title='bbox 265 3509 322 3550; x_wconf 83' lang='lat' dir='ltr'><strong>sna</strong></span> <span class='ocrx_word' id='word_1_243' title='bbox 340 3487 418 3552; x_wconf 82' lang='lat' dir='ltr'><strong>dixit</strong></span> <span class='ocrx_word' id='word_1_244' title='bbox 428 3489 474 3554; x_wconf 85' lang='lat' dir='ltr'><strong>cis</strong></span> <span class='ocrx_word' id='word_1_245' title='bbox 488 3489 590 3554; x_wconf 81' lang='lat' dir='ltr'><strong>Deus:</strong></span> <span class='ocrx_word' id='word_1_246' title='bbox 605 3516 617 3548; x_wconf 83' lang='grc' dir='ltr'>ι</span> <span class='ocrx_word' id='word_1_247' title='bbox 632 3491 716 3554; x_wconf 88' lang='lat' dir='ltr'><strong>Ecce</strong></span> <span class='ocrx_word' id='word_1_248' title='bbox 732 3490 870 3577; x_wconf 84' lang='lat' dir='ltr'><strong>peccatis</strong></span> <span class='ocrx_word' id='word_1_249' title='bbox 886 3490 996 3554; x_wconf 82' lang='lat' dir='ltr'><strong>vestris</strong></span> <span class='ocrx_word' id='word_1_250' title='bbox 1013 3491 1155 3558; x_wconf 81' lang='lat' dir='ltr'><strong>distracti</strong></span> 
     </span>
     <span class='ocr_line' id='line_1_31' title="bbox 127 3596 1154 3687; baseline 0.009 -32"><span class='ocrx_word' id='word_1_251' title='bbox 127 3596 233 3670; x_wconf 76' lang='lat' dir='ltr'><strong>restis,</strong></span> <span class='ocrx_word' id='word_1_252' title='bbox 247 3608 282 3661; x_wconf 92' lang='lat' dir='ltr'><strong>et</strong></span> <span class='ocrx_word' id='word_1_253' title='bbox 298 3609 429 3686; x_wconf 84' lang='lat' dir='ltr'><strong>propter</strong></span> <span class='ocrx_word' id='word_1_254' title='bbox 440 3610 570 3686; x_wconf 84' lang='lat' dir='ltr'><strong>peccata</strong></span> <span class='ocrx_word' id='word_1_255' title='bbox 583 3611 684 3674; x_wconf 80' lang='lat' dir='ltr'><strong>restra</strong></span> <span class='ocrx_word' id='word_1_256' title='bbox 699 3599 831 3687; x_wconf 83' lang='lat' dir='ltr'><strong>dispersi</strong></span> <span class='ocrx_word' id='word_1_257' title='bbox 842 3601 916 3666; x_wconf 80' lang='lat' dir='ltr'><strong>estio</strong></span> <span class='ocrx_word' id='word_1_258' title='bbox 930 3602 988 3666; x_wconf 85' lang='lat' dir='ltr'><strong>sub</strong></span> <span class='ocrx_word' id='word_1_259' title='bbox 1007 3601 1154 3666; x_wconf 83' lang='lat' dir='ltr'><strong>universo</strong></span> 
     </span>
    </p>
   </div>
   <div class='ocr_carea' id='block_1_3' title="bbox 155 3771 1165 3916">
    <p class='ocr_par' dir='ltr' id='par_1_4' title="bbox 155 3771 1165 3916">
     <span class='ocr_line' id='line_1_32' title="bbox 155 3771 348 3837; baseline 0.01 -17"><span class='ocrx_word' id='word_1_260' title='bbox 155 3771 207 3823; x_wconf 79' lang='lat' dir='ltr'><strong>¹N.</strong></span> <span class='ocrx_word' id='word_1_261' title='bbox 220 3773 245 3822; x_wconf 80' lang='lat'><strong>3.</strong></span> <span class='ocrx_word' id='word_1_262' title='bbox 267 3791 293 3837; x_wconf 80' lang='lat' dir='ltr'><strong>p.</strong></span> <span class='ocrx_word' id='word_1_263' title='bbox 307 3775 348 3822; x_wconf 73' lang='lat'><strong>86.</strong></span> 
     </span>
     <span class='ocr_line' id='line_1_33' title="bbox 155 3847 1165 3916; baseline 0 -22"><span class='ocrx_word' id='word_1_264' title='bbox 155 3847 165 3880; x_wconf 91' lang='lat'>²</span> <span class='ocrx_word' id='word_1_265' title='bbox 181 3847 258 3896; x_wconf 71' lang='lat' dir='ltr'><strong>tPat.</strong></span> <span class='ocrx_word' id='word_1_266' title='bbox 278 3863 304 3906; x_wconf 85' lang='lat' dir='ltr'><strong>v,</strong></span> <span class='ocrx_word' id='word_1_267' title='bbox 320 3847 564 3909; x_wconf 70' lang='lat' dir='ltr'><strong>e.-100t.1=‚1n,</strong></span> <span class='ocrx_word' id='word_1_268' title='bbox 581 3851 615 3896; x_wconf 77' lang='lat'><strong>15.</strong></span> <span class='ocrx_word' id='word_1_269' title='bbox 632 3848 873 3911; x_wconf 64' lang='lat' dir='ltr'><strong>*⁶¹¹u⁰··¹¹v.·¹9·</strong></span> <span class='ocrx_word' id='word_1_270' title='bbox 892 3875 922 3888; x_wconf 84' lang='lat'>-</span> <span class='ocrx_word' id='word_1_271' title='bbox 940 3849 949 3880; x_wconf 79' lang='lat'><strong>⁵</strong></span> <span class='ocrx_word' id='word_1_272' title='bbox 968 3849 1030 3898; x_wconf 67' lang='lat' dir='ltr'><strong>ruat.</strong></span> <span class='ocrx_word' id='word_1_273' title='bbox 1048 3849 1108 3906; x_wconf 81' lang='grc' dir='ltr'>ιι,5.</span> <span class='ocrx_word' id='word_1_274' title='bbox 1163 3911 1165 3916; x_wconf 33' lang='grc' dir='ltr'>Ι</span> 
     </span>
    </p>
   </div>
   <div class='ocr_carea' id='block_1_4' title="bbox 0 0 1377 4624">
    <p class='ocr_par' dir='ltr' id='par_1_5' title="bbox 0 0 1377 4624">
     <span class='ocr_line' id='line_1_34' title="bbox 0 0 1377 4624; baseline 0 0"><span class='ocrx_word' id='word_1_275' title='bbox 0 0 1377 4624; x_wconf 95' lang='lat' dir='ltr'><strong> </strong></span> 
     </span>
    </p>
   </div>
  </div>
 </body>
</html>
