2748 4596
385 285 416 326 nt
442 284 555 325 LIBRUM
578 283 646 325 JESU
671 285 753 325 MVE
779 285 853 328 ΗΘΜ.
884 286 910 326 V·
1126 285 1164 346 ‘27

124 409 197 498 legis
212 403 471 473 observantiam?
487 407 569 472 Audi
591 407 727 494 deniquo
750 408 855 496 ipsum
874 407 1058 475 dicentem:
1078 435 1091 469 «
1108 407 1163 475 se-

127 515 287 584 scundum
303 514 458 604 justitium
474 537 544 602 qum
554 514 592 578 in
607 515 689 604 Lege
707 525 771 590 est,
787 527 993 582 conversatus
1007 517 1074 582 sine
1090 539 1165 603 que-

129 623 246 690 »rela¹.
262 653 276 686 s
291 625 304 689 1
307 646 363 712 pse
380 635 487 714 tamen
504 623 707 711 pronuntiat,
728 637 760 688 et
775 623 874 689 dieit:
898 624 1058 690 «Fuimus
1079 624 1165 690 enim

133 745 184 797 »et
196 755 254 797 nos
269 730 438 818 aliquando
450 730 631 819 insipientes
643 780 652 806 ,
668 729 822 796 increduli
834 781 842 806 ,
854 743 1015 806 errantes,
1032 732 1168 796 servien-

131 853 197 906 otes
212 841 373 914 desideriis
387 851 420 904 et
438 838 652 928 voluptatibus
668 839 780 916 variis,
797 841 830 905 in
845 837 964 906 malitie
978 852 1012 906 et
1030 839 1167 914 invidia,

132 947 302 1024 »odibiles,
316 948 457 1013 odientes
475 945 670 1013 invicem².›
693 947 765 1014 Non
780 947 838 1013 tibi
860 948 1008 1013 videntur
1019 948 1089 1014 haeo
1108 970 1168 1037 op·-

130 1057 257 1145 probria
270 1079 354 1131 esse,
368 1067 401 1120 et
417 1055 587 1144 opprobria
599 1054 727 1144 AEgypti
738 1054 753 1118 i
764 1056 827 1121 Sed
842 1078 881 1120 ex
895 1078 958 1142 quo
967 1055 1052 1120 venit
1062 1055 1169 1120 Chris-

130 1179 198 1240 tus,
211 1175 243 1230 et
261 1164 348 1230 dedit
375 1163 466 1229 nobis
486 1164 658 1231 secundam
678 1162 953 1231 circumcisionem
975 1186 1032 1254 per
1046 1165 1170 1252 bsptis-

127 1296 217 1339 mum
232 1272 497 1362 regenerationis,
508 1283 541 1336 et
552 1272 697 1360 purgavit
709 1272 829 1337 animus
842 1258 963 1336 nostrus
976 1323 984 1349 ,
996 1271 1169 1360 abjecimus

129 1381 198 1446 haec
213 1381 336 1454 omnin,
352 1391 385 1444 et
399 1401 458 1467 pro
478 1380 516 1445 iis
532 1379 758 1468 assumpsimus
774 1380 977 1445 conscientie
991 1382 1083 1445 bonae
1098 1379 1170 1444 nsti-

131 1487 325 1578 pulationem
347 1489 380 1574 in
402 1488 551 1553 Domino.
577 1488 668 1554 Tune
687 1511 745 1577 per
764 1488 937 1554 secundam
958 1488 1173 1555 circumcisio·

135 1619 209 1663 nem
222 1595 323 1662 ablata
338 1609 411 1662 sunt
430 1596 523 1662 nobis
541 1595 707 1684 opprobrie
729 1594 877 1685 AEgypti‚
898 1608 930 1661 et
946 1607 1078 1686 purgata
1099 1607 1170 1661 sunt

134 1704 208 1771 vitia
223 1717 436 1794 peccatorum.
466 1704 567 1771 Nemo
582 1725 658 1792 ergo
676 1704 701 1768 si
726 1703 847 1792 integre
868 1727 1039 1770 conversus
1062 1715 1129 1780 est,
1148 1703 1173 1768 si

129 1837 170 1880 ex
186 1813 284 1880 corde
303 1814 469 1902 penituit,
495 1813 520 1877 si
543 1811 680 1878 fideliter
701 1811 849 1877 «Iordanis
870 1811 989 1878 fluenta
1015 1812 1173 1901 digressus

127 1936 195 1998 est,
209 1923 234 1987 si
246 1922 452 2010 seeundnper
466 1919 671 2009 Evangelium
684 1920 928 1986 circumcisione
940 1933 1092 2010 purgatus
1105 1931 1171 1996 est,

130 2031 366 2118 proeteritorum
382 2041 504 2095 metuat
519 2029 688 2117 opprobria
700 2026 900 2094 delictorum.
921 2029 1019 2094 Audis
1032 2029 1105 2117 quin
1119 2027 1176 2092 ho·

131 2141 182 2205 die
194 2139 321 2207 abstulit
332 2165 350 2206 e
361 2151 393 2206 te
409 2139 617 2228 opprobrium
632 2137 771 2226 AEgypti.
800 2139 869 2203 Hoc
888 2152 920 2203 et
942 2140 974 2203 in
991 2137 1169 2226 Evangeliis

133 2247 288 2336 signifieat
302 2248 456 2313 Dominus
480 2269 555 2312 oum
571 2245 648 2311 dixit
665 2268 672 2309 τ
697 2245 860 2312 «Remissa
879 2257 953 2310 sunt
968 2247 1025 2310 tibi
1042 2257 1171 2334 peecata

134 2367 233 2430 nuo,
249 2356 304 2420 sed
319 2357 383 2444 jum
394 2354 459 2420 noli
471 2377 624 2442 peecare,
638 2351 762 2440 nequid
772 2351 977 2418 deteriustibi
991 2351 1168 2418 aecidet³.»

130 2464 165 2530 Si
182 2464 266 2528 enim
281 2475 353 2554 post
369 2462 587 2528 remissionem
611 2471 818 2549 peccatorum
841 2459 922 2524 ultro
949 2483 1014 2524 non
1039 2482 1175 2548 pecces,

130 2596 205 2637 vere
222 2571 365 2638 ablutum
383 2583 433 2636 est
448 2594 464 2635 a
480 2583 512 2634 te
530 2570 738 2658 opprobrium
759 2569 898 2658 AEgypti.
919 2569 952 2635 Si
968 2591 1042 2633 vero
1059 2568 1175 2634 iterum

129 2682 331 2769 pensaveris,
351 2681 467 2744 iterum
482 2679 515 2743 in
534 2690 687 2744 teretem
709 2679 915 2744 revolvuntur
934 2679 1121 2767 opprobrie,
1138 2682 1176 2742 eo

131 2789 236 2878 magis
252 2811 316 2876 quo
339 2787 443 2853 multo
464 2787 594 2875 majoris
613 2788 756 2852 criminis
778 2801 825 2852 est
848 2786 950 2852 [ilium
972 2787 1029 2852 Dei
1046 2785 1179 2852 concul-

131 2896 249 2973 eare‘,
271 2909 304 2962 et
325 2897 511 2984 sanguinem
537 2896 717 2960 testamenti
740 2894 897 2985 pollutum
922 2896 1057 2970 ducere,
1078 2917 1177 2983 quom

130 3005 239 3095 legem
256 3005 353 3071 Mosei
368 3002 536 3092 negligere.
558 3002 659 3068 Multo
679 3005 766 3068 enim
781 3004 911 3092 majoris
933 3005 1096 3092 opprobrii
1112 3016 1178 3079 est,

132 3114 193 3201 qui
210 3125 283 3203 post
297 3111 521 3202 Evangelium‚
539 3133 635 3198 quom
647 3110 699 3176 ille
711 3112 765 3199 qui
777 3112 836 3176 sub
852 3112 935 3198 Lego
951 3111 1070 3199 positus
1085 3111 1181 3176 sorni-

128 3234 245 3298 entur,
264 3221 337 3309 quin
360 3222 419 3285 iste
435 3218 548 3286 tollens
568 3221 711 3284 membra
734 3219 869 3294 Christi,
887 3218 962 3284 facit
980 3241 1017 3285 ee
1035 3223 1179 3286 membra

135 3331 322 3395 meretricis.
342 3327 438 3408 Vides
457 3351 533 3416 ergo
552 3351 648 3415 quem
664 3327 806 3416 graviora
822 3339 854 3391 et
871 3325 1080 3392 cumulatiora
1099 3329 1132 3392 in
1151 3341 1181 3392 te

135 3439 305 3526 opprobrie
326 3485 334 3513 ,
352 3437 376 3502 si
395 3433 585 3525 neglexeris,
605 3434 815 3499 revolvantur.
835 3434 979 3522 Denique
1002 3437 1067 3523 jam
1086 3458 1181 3501 nemo

134 3560 170 3611 te
202 3569 292 3612 reum
315 3545 415 3634 stupri
439 3545 558 3634 arguit,
583 3543 638 3608 sed
660 3541 813 3631 sacrilegii
835 3541 952 3608 scelere
971 3544 1180 3620 condemnat,

130 3653 208 3741 quin
227 3651 343 3718 dieitur
361 3649 402 3716 nd
418 3662 449 3714 te
468 3673 476 3713 :
495 3675 507 3707 «
525 3649 574 3715 An
591 3648 718 3714 nescitis
738 3649 809 3736 quin
826 3671 959 3737 corporo
977 3659 1077 3714 restro
1094 3660 1179 3713 tem-

172 3806 182 3836 ¹
197 3801 259 3850 Pon
274 3817 324 3860 ιιι,
345 3801 369 3849 6.
382 3827 413 3836 -
424 3793 493 3846 ²Tit.
504 3813 550 3859 ιιι,
566 3795 589 3848 3.
605 3827 636 3834 --
651 3793 726 3846 ³Luc.
740 3813 788 3856 vn,
810 3805 850 3860 49.
866 3799 937 3845 Jonn.
951 3815 977 3858 r,
1002 3803 1041 3857 14.
1058 3792 1176 3845 --⁴rn=1.;
1204 3853 1206 3858 Ι

133 3890 255 3955 ms'
