2706 4624
1021 289 1027 311 .

372 345 404 389 rr
429 349 567 390 nouenos
590 349 717 392 uernum
743 351 763 392 r.
1006 333 1062 392 5281

74 463 189 550 quiritur.
204 459 341 529 Puerilis
357 477 430 532 aetus
442 491 510 533 non
519 483 713 546 numeratur,
731 493 790 536 nee
802 485 872 560 opta
885 461 995 537 divinis
1008 473 1068 537 ea!-

69 571 129 637 tuiis
146 572 286 649 ducitur,
307 576 364 641 nisi
389 577 468 642 sorte
488 579 687 669 primogeniti
710 583 784 656 sint,
805 594 859 646 out
882 578 1066 648 sacerdotali
1090 651 1093 658 ,

70 679 108 745 rei
118 679 245 746 levitice
266 684 362 772 stirpe
379 685 580 753 descendant.
596 687 649 753 Isti
665 687 722 753 soli
738 690 771 755 in
786 689 892 778 pueris
904 689 1068 755 adducun-

73 803 113 855 tur
124 791 152 855 ed
163 811 349 860 numerum.
371 795 584 861 Foeminerum
601 821 675 862 vero
694 796 777 862 nulle
794 803 920 887 prorsus
937 797 1068 863 adduci-

71 915 118 967 tur.
127 905 157 970 Et
168 905 249 993 quid
262 904 387 969 ridetur
397 905 412 968 ἰ)
422 905 554 972 Possunt
568 907 636 972 baec
648 929 744 973 vacua
756 929 823 971 esse
835 907 990 994 mysteriis
998 906 1066 971 e...

72 1011 144 1078 tres
155 1037 205 1080 me
217 1037 360 1102 praesens
372 1013 477 1091 lectio,
490 1015 611 1104 quodsi
624 1017 848 1082 transcendero
859 1015 986 1104 puerilis
998 1031 1068 1081 aeta·

69 1121 97 1186 tis
114 1123 337 1212 insipientiam,
358 1125 383 1188 si
405 1126 525 1190 desiero
551 1126 697 1214 pdrrulus
716 1149 783 1191 esse
803 1127 956 1201 sensibus,
972 1139 1003 1195 et
1023 1126 1071 1191 vir

64 1229 170 1298 emerus
185 1234 368 1322 deposuero
384 1258 453 1322 quae
474 1248 548 1300 sunt
562 1235 699 1326 parvuli;
722 1236 760 1312 si,
781 1237 921 1324 inquom,
938 1235 1069 1303 effectus

61 1340 133 1406 fuero
143 1343 277 1430 juvenis,
296 1355 329 1407 et
342 1342 410 1408 talis
424 1345 545 1432 juvenis
560 1346 614 1433 qui
630 1347 753 1411 vineam
772 1345 963 1434 malignum:
979 1359 1068 1433 aptus

68 1451 174 1516 videbor
185 1453 218 1518 iis
238 1455 282 1518 de
299 1453 416 1539 quibus
430 1455 582 1542 scripturn
598 1465 657 1528 est,
676 1477 812 1519 «omnes
827 1455 880 1541 qui
895 1455 1071 1542 procedunt

71 1587 83 1616 ι
96 1559 225 1626 iurirtute
237 1561 340 1628 Israeli
350 1561 375 1638 ¹,
385 1575 437 1627 ret
447 1562 559 1651 dignus
571 1563 682 1628 divinis
697 1563 835 1628 numeris
848 1565 1066 1650 computabor.

70 1665 162 1734 Donec
173 1684 271 1737 eutem
288 1669 479 1738 inestelioui
500 1685 655 1748 nostrum,
673 1671 720 1737 vel
740 1671 867 1761 puerilis
882 1684 914 1736 et
928 1664 1068 1738 lubricus

72 1797 170 1853 mosas,
182 1779 222 1844 rel
239 1780 389 1845 soeminea
406 1793 438 1845 et
453 1780 553 1846 soluta
570 1781 727 1871 segnities,
745 1780 793 1846 vel
809 1769 971 1871 AEgyptios
987 1763 1070 1870 geri-

67 1907 126 1950 mus
134 1899 163 1952 et
171 1890 319 1954 barbaros
330 1911 447 1964 mores,
459 1889 565 1955 heberi
580 1891 665 1978 apud
675 1890 777 1954 Deum
789 1893 820 1955 iu
833 1903 942 1955 saneto
954 1902 986 1955 et
995 1913 1071 1955 eon-

68 2007 171 2062 seerute
183 2021 316 2064 numero
329 2023 394 2066 nou
414 2021 582 2064 meremur.
598 2000 758 2064 Innumeri
774 2000 857 2064 enim
874 1999 958 2089 opud
978 1999 1068 2064 Salo-

67 2127 182 2171 monem
194 2109 339 2174 drountur
353 2133 422 2174 esse
435 2111 489 2198 qui
504 2121 649 2199 pereunt,
665 2109 821 2174 numerati
840 2119 944 2173 nutem
960 2131 1068 2173 omnes

73 2213 114 2278 iiii
126 2219 175 2303 qui
189 2217 342 2286 salsentur.
361 2223 402 2287 Et
415 2223 457 2286 sis
473 2224 528 2288 tihi
541 2221 704 2288 ostendam
720 2223 791 2310 quie
807 2233 988 2287 sauctorum
1005 2247 1066 2287 nu-

77 2343 172 2389 merus
186 2327 401 2420 habeturepud
418 2331 545 2396 Deum?
559 2333 642 2399 Audi
658 2329 816 2419 quomodo
833 2331 872 2396 de
891 2332 979 2396 astris
994 2333 1066 2419 qui-

70 2434 139 2500 dem
153 2436 313 2506 eoeiestidus
328 2441 406 2507 dicit
419 2444 520 2508 David
535 2467 542 2507 ε
561 2471 574 2504 ι
590 2443 652 2522 Qui
670 2453 815 2507 numeret
828 2439 1065 2505 multitudinem

64 2545 245 2625 »stelias-um,
261 2563 292 2616 et
307 2552 456 2618 omnibus
472 2553 517 2618 eis
533 2555 659 2618 nomina
672 2565 763 2617 vocet
773 2549 795 2616 ².
811 2579 824 2612 r
840 2549 982 2616 Salvator
994 2573 1067 2615 vero

55 2679 111 2722 non
126 2657 223 2747 eodum
240 2660 413 2750 discipulos
433 2685 504 2727 suos
524 2662 641 2727 eiectos
656 2663 714 2726 sub
730 2683 861 2726 numero
877 2662 995 2734 statuit,
1013 2685 1066 2726 ve·
1144 2663 1148 2673 '

57 2772 292 2860 rumeteapiiios
303 2774 414 2862 capitis
423 2795 533 2838 eorum
545 2773 621 2838 dioit
632 2795 699 2838 esse
709 2772 952 2846 numeratos‚oit
961 2772 1045 2836 enim
1059 2795 1066 2835 :

58 2879 170 2948 ri'estri
185 2897 300 2950 autem
315 2884 409 2950 etiem
424 2882 527 2973 capilli
542 2883 652 2971 cepitis
665 2883 821 2947 numerati
837 2881 938 2948 sunt⁸.
959 2909 972 2942 r
982 2929 1061 2948 ......

87 2994 145 3058 «Et
157 2991 293 3060 locutus
304 2991 378 3069 est⁴,
391 2994 513 3080 inquit,
527 2994 681 3058 Dominus
695 2993 735 3057 ed
750 2991 878 3079 Moysen
893 2991 925 3056 iu
941 2991 1065 3057 deserto

51 3099 170 3168 »Sua't
185 3103 273 3169 »iiia
285 3101 517 3168 seilicetomnie
530 3127 599 3191 quae
608 3103 750 3190 superius
763 3101 984 3190 compendiose
996 3125 1065 3167 uar-

49 3211 147 3280 rrtiene
158 3214 482 3305 comprehendimus,
497 3215 551 3278 ubi
563 3213 745 3304 praecipitur
755 3214 913 3278 numerari
924 3237 941 3277 a
954 3213 1062 3301 viginti

55 3324 161 3389 annuet
175 3349 286 3415 supra
302 3327 404 3390 omnis
420 3326 473 3414 qui
489 3326 633 3413 procedit
648 3325 679 3389 iu
696 3324 810 3388 virtute
825 3321 929 3388 Israiil.
946 3321 978 3387 Si
995 3325 1064 3411 quis

56 3447 117 3514 “gt
130 3435 280 3519 precedit
294 3433 326 3498 in
342 3434 468 3508 virtute,
486 3435 552 3522 ipse
574 3444 770 3507 numeratur,
786 3443 818 3498 et
836 3456 898 3498 nou
915 3433 946 3496 in
962 3431 1064 3520 quali«

55 3549 319 3627 ceurennum,
336 3543 443 3619 idest,
459 3567 522 3609 non
538 3544 570 3608 in
587 3543 804 3631 [Egyptiorum
820 3541 946 3617 virtute,
962 3563 1064 3629 nequo

54 3645 286 3742 iimmot-um
306 3677 407 3741 neque
429 3654 459 3719 in
476 3653 672 3728 Graeeorum,
692 3652 748 3717 sed
769 3653 800 3717 in
820 3651 933 3716 virtute
952 3651 1061 3728 israeli,

70 3849 155 3901 'dnum
169 3873 187 3912 ι,
203 3853 234 3900 3.
244 3849 370 3898 —21’sat
385 3867 475 3908 curru,
488 3851 511 3908 d.
521 3877 549 3886 —
563 3849 572 3881 ²
585 3851 675 3898 statut».
687 3865 711 3904 x,
726 3849 764 3896 50.

71 3927 114 3974 ‘Nl
125 3929 182 3988 r‚3.
200 3947 232 3992 p.
250 3929 308 3992 276,
320 3945 375 3992 ²77·

69 3999 182 4062 'durum
199 4019 225 4053 r.
