2776 4616
232 255 296 340 ³78
413 265 416 270 '
680 272 820 317 ostentus
924 249 927 254 ’

234 402 283 454 tus
301 389 379 454 Deo.
402 387 542 460 Marcion
558 389 677 454 venisse
692 389 751 454 sibi
767 389 891 455 videtur
906 389 947 452 ad
962 387 1056 453 istum
1071 401 1215 477 puteum,
1227 402 1260 458 et

137 583 140 591 q
196 529 199 536 ·
232 499 395 575 basilides,
405 510 437 564 et
448 497 650 573 Valentinus;
663 501 718 564 sed
726 500 799 588 quia
812 521 876 565 non
887 509 1108 588 veneruntper
1116 499 1259 589 bloyssn,

231 634 291 677 nec
305 622 494 698 receperunt
509 609 625 699 Legem
642 623 674 675 ct
688 609 875 698 Prophetas,
892 633 958 684 non
978 621 1108 698 possunt
1128 609 1258 676 laudare

231 719 402 786 Dominum
421 720 525 786 Deum
540 720 580 785 de
595 719 735 785 ioutihus
751 717 857 787 lsrael.
877 719 947 785 Non
958 743 1034 811 ergo
1049 721 1191 796 veniunt,
1204 721 1260 809 qui

231 832 414 920 hujusmodi
430 844 517 910 sunt,
530 831 570 895 ad
584 844 716 920 puteum
728 855 823 920 quem
838 831 986 897 foderunt
997 833 1155 922 principes
1165 844 1198 897 et
1208 855 1260 898 ex-

231 943 389 1008 cuderunt
410 966 508 1032 reges.
528 941 592 1007 Sed
615 941 707 1007 vultis
722 942 886 1013 ostendam
904 943 993 1009 vobis
1013 943 1052 1009 de
1073 943 1257 1034 Scripturis,

231 1053 271 1118 ad
283 1076 362 1141 quos
374 1052 423 1117 isti
436 1065 548 1141 puteos
562 1051 714 1118 veniunt?
725 1053 780 1117 Est
793 1052 877 1119 vallis
893 1052 1035 1142 quaedam
1047 1051 1138 1128 salsa,
1152 1054 1184 1117 in
1195 1075 1258 1140 que

230 1160 311 1228 valle
332 1174 406 1228 sunt
430 1163 519 1251 putei
539 1160 711 1228 bituminis.
738 1161 851 1228 Omnis
872 1185 947 1248 ergo
966 1160 1092 1226 haeresis
1109 1174 1141 1226 et
1163 1184 1258 1226 omne

231 1285 398 1361 peccatum
416 1273 447 1338 in
462 1271 542 1337 vallo
557 1285 617 1349 est,
637 1284 669 1338 et
682 1274 714 1338 in
730 1271 809 1340 vallo
825 1271 914 1338 salsa.
932 1272 1103 1337 Peccatum
1119 1272 1204 1336 enim
1227 1283 1258 1336 et

230 1381 377 1469 iniquitas
390 1405 453 1446 non
465 1382 605 1450 ascendit
617 1405 755 1456 sursum,
766 1382 823 1448 sed
833 1405 958 1470 semper
969 1382 1009 1447 ad
1020 1381 1082 1446 ima
1095 1392 1127 1446 et
1137 1381 1258 1447 inferna

231 1472 404 1558 descendit.
422 1492 479 1556 Est
492 1514 567 1580 ergo
582 1492 614 1555 in
629 1489 708 1556 valle
720 1491 840 1579 positus
856 1503 888 1555 et
904 1488 1015 1566 salsus,
1027 1501 1121 1578 atque
1133 1513 1258 1555 amarus

231 1601 333 1666 omnis
345 1600 511 1666 haereticus
523 1623 644 1674 sensus,
656 1611 688 1663 et
699 1599 802 1663 omnis
816 1609 904 1663 actus
919 1600 1054 1686 peccati.
1071 1597 1157 1676 Quid
1173 1599 1259 1663 enim

220 1709 338 1800 dulce,
351 1710 428 1798 quid
441 1733 535 1774 suase
551 1721 654 1796 potest
670 1709 787 1775 habere
804 1719 971 1796 peccatum
981 1707 995 1769 l
1006 1706 1069 1771 Sed
1080 1719 1111 1771 et
1123 1705 1258 1794 amplius

231 1821 349 1909 aliquid
359 1819 465 1885 habet.
486 1819 519 1883 Si
533 1818 619 1884 enim
632 1815 753 1883 veneris
769 1816 809 1880 ad
824 1815 1004 1883 haereticam
1018 1816 1217 1890 sententiam,
1231 1816 1257 1880 si

231 1930 353 1997 veneris
366 1931 408 1994 ad
423 1927 663 1993 antaritudinem
679 1926 814 2015 peccati,
827 1925 939 1992 venisti
950 1925 990 1990 ad
1001 1938 1112 2014 puteos
1124 1926 1259 1991 bitumi-

230 2040 287 2104 nis.
307 2038 468 2113 Bitumcu,
484 2059 556 2102 esca
571 2047 604 2101 et
620 2037 849 2108 nutrimentum
864 2036 942 2124 ignis
958 2047 1016 2100 est·
1036 2034 1069 2100 Si
1083 2059 1159 2125 ergo
1174 2049 1206 2100 et
1221 2048 1256 2101 to

230 2147 402 2234 gustaveris
428 2169 543 2234 aquam
561 2145 600 2210 dc
621 2146 687 2210 istis
705 2144 821 2232 puteis,
842 2146 866 2209 si
889 2147 1058 2234 sumpseris
1071 2145 1254 2211 haereticum

230 2280 369 2334 sensum,
389 2257 414 2322 si
431 2257 552 2345 peccati
568 2255 810 2321 amaritudinem
823 2257 957 2345 ceperis,
969 2256 1108 2322 lumenta
1123 2257 1155 2322 in
1171 2268 1202 2323 te
1213 2256 1256 2346 ig·

231 2369 299 2459 gnis
314 2380 346 2432 et
362 2367 515 2457 gehennae
530 2367 676 2432 incendia
692 2366 891 2455 praeparabis.
909 2369 948 2432 Et
966 2381 1132 2458 propterca
1147 2368 1186 2432 nd
1202 2391 1256 2432 eos

208 2487 211 2498 '
230 2479 285 2568 qui
300 2477 413 2545 nolunt
431 2479 470 2544 de
484 2477 537 2544 illo
553 2490 649 2567 puteo
665 2501 779 2563 aquam
795 2479 904 2544 bibere
923 2502 1017 2567 quem
1033 2479 1190 2566 principes
1207 2478 1222 2542 l
1240 2517 1256 2527 -

233 2589 349 2654 derunt
370 2601 402 2654 ot
424 2612 525 2678 roges,
542 2589 598 2653 sed
620 2588 741 2654 existis
759 2589 811 2675 qui
836 2588 867 2653 in
892 2587 970 2653 valle
988 2588 1109 2676 peccati
1133 2599 1207 2652 sunt
1225 2600 1265 2664 et,

230 2698 311 2786 ignis
324 2697 468 2762 materias
480 2695 581 2773 alunt,
595 2697 711 2765 dicitur
723 2721 731 2762 :
745 2699 909 2764 «loceditc
924 2698 956 2764 in
971 2696 1090 2763 lumine
1102 2698 1180 2787 ignis
1193 2722 1256 2764 ves·

233 2833 246 2867 ι
262 2807 301 2870 tri
315 2817 348 2870 et
361 2804 498 2871 llammae
512 2829 609 2893 quom
622 2808 709 2873 vobis
725 2806 944 2873 accendistis¹.
960 2807 1069 2887 »Quid
1083 2831 1158 2896 ergo
1174 2808 1257 2873 cani·

197 2981 200 2986 ,
231 2928 283 2980 tor
301 2916 386 3004 apud
401 2917 488 2982 hunc
503 2917 681 3005 puteumir
694 2917 818 2982 lnitiate
835 2918 877 2993 ci,
897 2918 1021 3004 iuquit,
1036 2930 1177 3006 puteum.
1198 2918 1257 2983 Fo-

232 3027 376 3092 »dorunt
401 3025 489 3092 illurn
516 3027 687 3115 principes,
716 3027 913 3093 excuderunt
934 3048 1032 3115 ¹reges
1043 3025 1064 3090 ².
1091 3027 1258 3093 »Possunt

230 3134 357 3222 quidem
380 3135 535 3224 principes
551 3149 583 3200 et
597 3159 686 3224 reges
702 3135 797 3201 iidem
818 3135 943 3200 videri:
966 3136 991 3199 si
1017 3160 1088 3200 sero
1109 3137 1257 3227 distingui

232 3267 360 3309 necesse
383 3259 442 3320 est,
466 3245 623 3334 principes
644 3245 817 3335 Prophetas
840 3244 1060 3333 intelligamus.
1086 3247 1149 3335 lpsi
1172 3250 1258 3313 enim

232 3376 358 3419 sensum
377 3365 410 3418 et
427 3355 626 3444 prophetiam
648 3356 687 3420 de
711 3355 835 3420 Christo
850 3355 1017 3431 delossum,
1034 3369 1066 3420 et
1082 3356 1257 3424 demersam

234 3463 266 3526 in
284 3461 444 3549 profundo
462 3460 573 3528 litterae
596 3462 803 3540 collocarunt,
823 3477 854 3528 et
877 3463 948 3529 ideo
971 3465 1098 3551 quidam
1121 3491 1158 3530 oa·
1184 3469 1258 3556 ipsis

196 3637 199 3648 ,
234 3571 360 3636 dicebat
375 3594 406 3633 :a
419 3569 483 3637 Nisi
498 3570 623 3637 occulte
639 3573 812 3649 audieritis,
824 3572 961 3662 plorabit
977 3575 1078 3640 anima
1094 3577 1226 3642 s·ostra⁸.
1241 3607 1252 3639 ι

236 3684 276 3748 Et
291 3680 366 3745 item
382 3679 460 3745 alius
475 3680 630 3769 Propheta
647 3683 723 3750 dicit
738 3683 778 3749 od
793 3685 962 3756 Dominum
979 3709 1011 3749 :a
1024 3685 1128 3764 Quam
1149 3711 1262 3776 magun

237 3788 433 3857 »multitudo
449 3787 624 3855 dulcedinis
647 3805 719 3868 tuae,
737 3794 884 3868 Domine,
901 3817 997 3879 quum
1013 3797 1203 3862 abscondisti
1222 3802 1263 3864 ti-

268 3923 276 3955 ¹
291 3923 348 3970 lsai.
363 3938 384 3980 t,
401 3919 587 3970 11.-2tt'um.
600 3938 651 3981 ιιι,
665 3939 698 3986 17,
714 3921 872 3973 rib-Uos.
886 3941 938 3982 ιιιι,
952 3942 988 3990 ¹7·
