2604 4614
214 235 277 313 546
660 256 802 300 suissuis

211 389 288 442 tem.
303 371 420 442 Potest
421 387 527 441 autem
542 387 575 439 et
590 375 631 441 sd
642 397 696 440 eos
708 377 771 443 dici
786 376 997 466 quirendum
1009 355 1146 464 perfecti
1161 387 1242 438 sunt:
1296 461 1297 464 Ἴ

214 483 407 552 Introducite
421 507 467 548 me
483 483 514 547 iu
530 482 696 548 domum
666 483 739 549 uiui.

259 591 344 658 VIII.
366 591 546 657 Ordinato
535 615 567 656 tn
581 615 628 656 me
644 591 853 658 charitatem&
867 591 1040 680 Eleganter
1053 589 1246 663 locutusut,
1295 583 1297 666 i

213 699 364 774 ordinate,
374 698 584 787 plurimorum
594 700 895 788 quippernordsuuta
904 711 952 764 est
961 698 1126 764 charitas
1136 697 1247 784 quaudo

213 808 298 894 quod
316 807 348 890 iu
364 807 468 894 primo
486 805 557 873 loco
574 807 693 874 debent
711 806 860 895 diligere,
877 805 1015 894 diligunt
1038 806 1074 869 in
1095 803 1245 870 seeundo:

213 915 300 1003 quod
310 915 342 978 in
355 913 515 989 secundo,
527 912 664 1002 diligunt
676 915 708 978 iu
721 913 823 1002 primo
839 937 847 978 ε
860 926 894 978 et
909 913 996 1001 quod
1010 923 1147 1000 oportet
1162 933 1247 976 smus

211 1024 244 1088 in
260 1033 392 1108 quarto,
410 1033 517 1086 amant
533 1021 563 1086 iu
580 1023 674 1086 tertio
689 1046 697 1087 ε
712 1033 744 1087 et
760 1045 869 1086 rursus
882 1022 1015 1085 tertium
1033 1021 1069 1085 in
1086 1031 1246 1106 quartu,et

211 1129 305 1194 estin
321 1127 480 1216 plerisque
495 1129 660 1201 ¹charitatis
678 1129 758 1194 ordo
775 1151 952 1218 perversus.
972 1129 1177 1194 Sanctorum
1191 1150 1247 1192 reu

212 1235 349 1302 charitas
366 1236 508 1301 ordinatu
525 1249 581 1300 est.
601 1234 683 1319 Volo
700 1237 740 1302 ad
755 1235 996 1324 intelligendum
1013 1235 1086 1300 hoe
1102 1234 1188 1321 quod
1200 1235 1246 1298 die

213 1356 283 1410 tum
298 1355 345 1408 est
364 1368 372 1408 ε
388 1342 540 1410 Ordinato
556 1343 587 1407 iu
601 1368 648 1408 me
666 1344 864 1421 charitatem,
882 1343 985 1431 aliqua
1003 1341 1160 1431 exemplu
1173 1340 1245 1430 repti-

213 1475 297 1517 care.
311 1453 357 1518 Te
372 1450 439 1518 vult
452 1451 573 1518 divinus
586 1475 691 1516 sermo
703 1451 833 1542 diligere
844 1464 989 1540 putrem,
1008 1449 1139 1524 filium,
1154 1447 1242 1523 filisu,

213 1557 280 1624 vult
295 1570 327 1623 te
342 1582 446 1624 sermo
462 1558 585 1624 divinus
602 1558 731 1648 diligere
748 1560 930 1634 Christum,
950 1581 1014 1624 nee
1035 1558 1122 1622 dicit
1138 1559 1202 1632 tibi,
1214 1581 1242 1622 ue

215 1667 325 1757 diligas
343 1667 477 1760 liberos,
495 1691 535 1733 ne
549 1670 735 1757 parentibus
751 1671 904 1736 charitate
918 1668 1083 1757 jungaris.
1109 1668 1169 1734 Sed
1185 1667 1240 1756 quii

215 1775 291 1840 dicit
309 1775 391 1842 tihi?
406 1799 446 1841 ne
466 1775 678 1841 inordinatam
696 1776 814 1842 habeas
828 1775 1043 1850 charitatem,
1068 1800 1111 1840 ue
1130 1776 1237 1863 primum

213 1894 356 1972 patrem,
374 1894 430 1948 aut
448 1894 601 1959 matrem,
622 1882 737 1948 deinde
757 1905 809 1948 me
829 1882 958 1971 diligas,
978 1905 1025 1948 ne
1049 1881 1110 1948 [ilii
1129 1897 1157 1946 et
1169 1881 1229 1946 ut'iae

214 1991 383 2082 plusquam
405 1993 468 2058 mei
490 1993 643 2060 charitate
667 1995 813 2058 tenearis.
836 1994 928 2074 «Qui
950 2006 1043 2060 amat
1069 2005 1170 2083 patrm
1184 2002 1225 2056 sut

214 2113 371 2167 »matrem
390 2125 484 2189 super
504 2125 577 2178 me,
595 2126 660 2168 uon
678 2115 726 2194 est
744 2125 795 2168 me
816 2102 940 2190 dignus.
963 2103 1032 2182 Qui
1057 2115 1143 2168 amat
1155 2099 1228 2166 utu

214 2219 289 2274 »aut
305 2207 402 2274 filiam
418 2232 513 2298 super
527 2232 600 2286 me,
617 2221 743 2275 nonest
759 2232 811 2275 me
828 2210 940 2298 dignus
955 2209 978 2274 ².
998 2238 1013 2271 ι
1033 2208 1155 2279 Recole
1166 2231 1233 2274 uuu-

213 2316 363 2382 eientiam
386 2327 474 2381 tuam
497 2314 536 2381 de
558 2317 678 2404 putris,
702 2319 849 2384 mutrisve
874 2316 1015 2394 affectu,
1039 2331 1076 2384 et
1099 2317 1241 2384 considers

214 2426 339 2514 qualem
363 2429 447 2494 circu
470 2451 650 2522 sermonem
672 2430 731 2494 Dei
753 2443 785 2494 et
808 2429 885 2496 Jesu
908 2430 1028 2496 habeas
1048 2429 1243 2502 charitatem,

214 2535 319 2600 statim
328 2534 545 2623 deprehendes
554 2536 653 2623 magis
665 2548 696 2602 te
708 2535 810 2602 filium
821 2549 874 2602 aut
885 2535 983 2604 filium
996 2537 1156 2626 diligere,
1168 2561 1248 2626 quem

213 2645 367 2728 verbum,
391 2644 490 2732 magis
511 2656 541 2708 te
560 2655 706 2731 parentes
729 2669 834 2712 amare
855 2667 952 2732 quum
976 2645 1161 2712 Christum.
1184 2645 1250 2726 Quis

213 2762 305 2838 putas
321 2752 364 2818 ita
384 2751 510 2839 proficit
524 2774 563 2815 ex
577 2752 688 2828 uobis,
709 2765 745 2816 ut
765 2753 956 2841 praeeipuam
972 2765 1005 2816 et
1023 2755 1168 2842 primam
1183 2756 1251 2818 iuter

214 2859 321 2924 omnia
333 2860 485 2926 sermonis
497 2859 555 2924 Dei
567 2858 683 2925 habeat
694 2859 905 2926 charitatem?
918 2861 972 2948 qui
984 2861 1015 2926 iu
1031 2864 1183 2928 seeundo
1191 2861 1252 2927 leus

212 2965 329 3032 liberos
341 2968 458 3054 ponati
468 2966 562 3033 Juxta
575 2967 661 3034 huuc
673 2969 805 3034 modum
818 2992 888 3036 ama
899 2993 1032 3036 uxorem
1045 2983 1155 3038 tuam.
1167 2967 1252 3037 ‹Nui-

215 3072 286 3138 »lus
311 3076 427 3164 quippe
451 3074 618 3162 aliquando
646 3099 735 3140 suam
757 3101 887 3142 curnem
916 3078 988 3144 odio
1015 3078 1159 3156 habuit,
1178 3076 1255 3144 »et

216 3193 299 3246 amat
316 3195 350 3246 ut
366 3207 494 3248 caruem
513 3207 521 3248 ε
545 3211 557 3244 α
571 3184 611 3249 Et
623 3196 715 3248 erunt
726 3233 735 3259 ,
748 3184 861 3270 inquit,
880 3185 944 3252 duo
961 3186 1117 3254 incarne
1135 3187 1221 3260 um’,
1234 3215 1249 3246 ι
1295 3225 1297 3236 1

214 3296 247 3348 et
263 3309 326 3350 nou
344 3287 375 3351 iu
392 3311 455 3352 uno
471 3287 592 3375 spiritu.
605 3287 686 3352 Ama
702 3299 733 3352 et
745 3289 848 3356 Deum
860 3339 869 3364 ,
883 3291 938 3354 sed
950 3311 1022 3354 uma
1041 3289 1139 3358 ilium
1153 3315 1216 3356 nou
1227 3303 1258 3354 ut

214 3411 346 3456 carnem
358 3402 390 3455 et
402 3391 607 3480 sanguinem,
624 3391 679 3456 sed
691 3403 727 3455 ut
738 3393 895 3480 spiritum.
918 3422 931 3454 s
944 3394 1009 3484 Qui
1021 3395 1107 3458 enim
1125 3396 1256 3461 adhaeres
1295 3409 1297 3454 t

214 3496 323 3574 suso,
344 3523 425 3563 unus
441 3499 568 3586 spiritus
587 3497 669 3563 θεῖ’.
691 3525 704 3558 ιι
724 3500 824 3590 igitur
842 3500 986 3565 ordinata
1005 3514 1054 3566 est
1073 3503 1258 3570 charitats
1295 3457 1297 3604 i

214 3605 373 3694 perfectis.
395 3606 434 3670 Ut
450 3619 555 3671 autem
571 3618 643 3698 post
657 3607 760 3672 Deum
775 3607 871 3674 etiam
887 3608 971 3674 inter
985 3633 1045 3676 uos
1062 3612 1147 3676 orsio
1163 3633 1297 3700 pour
1295 3611 1297 3674 i

252 3761 344 3814 ¹Cnut.
368 3783 406 3828 rr,
428 3771 496 3827 4.-
507 3762 627 3816 ²Msuh.
647 3783 676 3829 x,
697 3765 781 3835 37.
795 3763 902 3833 'uptus
924 3785 954 3830 v,
973 3784 1019 3834 πρ,
1045 3767 1139 3818 31.—
1154 3765 1258 3820 ’.ιω
1295 3755 1297 3868 4

212 3868 308 3920 v1,.17
