2692 4610
218 269 280 332 250
561 251 563 257 ’
664 289 808 333 carcaria

214 405 326 492 jugum
346 405 402 470 tibi
421 405 564 491 imponat
578 401 696 467 malitia
716 427 724 467 ε
743 403 882 468 sedeate
899 414 1039 469 semotus
1057 414 1089 467 et
1103 425 1264 492 segrega-

214 527 280 589 tus,
297 515 405 580 usibus
419 524 543 578 tantum
560 511 822 587 sacerdotalibus,
840 525 989 599 tanquam
1004 513 1263 601 primogenitum

215 621 329 690 animal
347 623 553 708 mancipatus.
572 619 708 710 Segrega
723 635 755 686 te
768 634 801 686 et
815 645 959 697 secerne,
976 635 1125 709 tanquam
1137 621 1263 710 phiala

215 745 344 807 sanctae,
370 743 403 797 et
424 744 530 796 sancta
552 729 729 806 thuribula,
757 731 853 798 soiius
876 732 986 820 templi
1010 732 1116 797 usibus
1137 743 1171 796 et
1199 731 1263 796 nei

216 841 391 906 ministerio
405 863 530 906 vacans.
550 839 667 925 Separa
682 851 714 904 te
729 850 763 904 et
777 861 903 905 semare
915 841 953 904 ab
971 841 1057 904 omni
1075 836 1265 928 pollutione

213 948 349 1036 peccati.
366 960 400 1013 et
415 961 485 1013 esto
502 959 641 1016 semotus
656 960 689 1012 et
704 939 884 1038 segregatus
902 951 981 1014 intra
1004 949 1158 1037 templum
1181 949 1262 1023 Dei,

215 1067 366 1145 tanquam
392 1069 500 1124 cancta
527 1056 711 1122 indumenta
734 1057 1263 1146 pontificia.1ntempionamque

157 1161 159 1166 ⁵
215 1169 273 1233 Dei
284 1178 332 1232 cst
343 1175 523 1254 segregatus
534 1177 567 1230 et
580 1177 742 1255 separatus
754 1165 805 1232 ilie
818 1168 872 1254 qui
884 1167 916 1231 in
928 1165 997 1255 lege
1008 1167 1066 1232 Dei
1078 1165 1263 1230 meditatur

216 1278 267 1342 die
282 1301 319 1344 ac
335 1289 443 1351 nocte,
462 1288 494 1340 et
509 1277 563 1362 qui
579 1276 611 1340 in
627 1277 782 1342 mandatis
798 1277 866 1364 ejus
883 1276 971 1364 eupit
991 1276 1103 1341 nimis:
1116 1275 1262 1340 «Sancti

215 1409 319 1474 »crgo
335 1396 436 1450 estote
456 1385 539 1450 dicit
554 1385 731 1459 Dominae,
751 1386 824 1470 quia
841 1395 873 1449 et
887 1407 947 1472 ego
961 1396 1087 1449 sanctus
1104 1406 1182 1447 sum
1194 1383 1219 1447 ¹.
1242 1411 1255 1444 ι

218 1495 303 1573 Quid
315 1507 374 1569 est,
386 1519 399 1554 r
410 1494 482 1581 quia
497 1506 530 1557 et
545 1516 605 1581 ego
619 1505 746 1559 sanctus
757 1493 871 1558 sumi»
882 1493 972 1559 Sicut
987 1517 1059 1581 ego,
1072 1493 1195 1580 inquit,
1210 1515 1262 1558 oe-

216 1614 362 1691 gregatus
377 1626 460 1676 sum,
473 1614 506 1665 et
521 1600 614 1690 longe
630 1616 793 1690 separatus
809 1606 849 1668 ab
864 1603 1012 1667 omnihus
1030 1625 1099 1690 quae
1110 1603 1262 1668 adoran-

215 1722 280 1783 tur,
301 1707 347 1773 vei
363 1707 523 1783 coluntur,
539 1709 652 1773 sivein
668 1720 752 1775 terra
767 1711 831 1774 aive
846 1709 878 1774 in
894 1707 992 1782 cmlo;
1016 1709 1098 1776 sicut
1116 1732 1181 1798 ego
1202 1732 1259 1775 ex·

216 1817 296 1883 cedo
309 1839 437 1882 omnem
453 1827 644 1891 creaturam,
661 1827 756 1904 atquc
770 1817 811 1882 ab
829 1817 980 1882 universio
992 1839 1061 1902 quae
1073 1839 1090 1881 a
1101 1839 1153 1881 me
1168 1817 1257 1882 sacta

218 1938 292 1990 sunt
311 1947 459 2012 segregor
475 1948 484 1989 ι
500 1925 542 1989 ita
558 1935 591 1988 et
608 1947 662 1988 vos
679 1924 832 2013 segregati
850 1935 951 1990 estote
972 1925 1011 1988 ab
1029 1924 1177 1989 omnibus
1201 1925 1259 2010 qui

217 2055 282 2097 non
298 2043 372 2096 sunt
388 2031 501 2105 sancti,
519 2055 578 2098 nec
594 2031 661 2098 Deo
681 2032 787 2098 dicati.
810 2033 973 2122 segregari
991 2046 1098 2098 autem
1116 2032 1256 2098 dicimus

217 2164 281 2205 non
295 2139 372 2205 iocis
383 2141 439 2206 sed
450 2141 589 2215 actibus,
600 2164 660 2207 nec
672 2143 865 2230 regionibus,
879 2141 934 2206 aed
946 2141 1255 2207 conversationibus.

217 2248 362 2335 Denique
381 2259 414 2312 et
428 2249 495 2336 ipse
509 2271 613 2313 sermo
628 2249 660 2313 in
678 2272 780 2337 graeca
799 2248 917 2337 lingue,
931 2250 1018 2336 quod
1032 2250 1254 2335 dicitur17205,

217 2356 307 2444 quasi
321 2369 407 2421 extra
421 2367 539 2422 terram
551 2379 619 2421 esse
631 2355 797 2445 significat.
814 2356 1017 2445 Quicumque
1029 2358 1114 2422 enim
1127 2379 1159 2421 oc
1171 2379 1263 2421 con-

217 2467 387 2530 secraverit
400 2465 480 2540 Deo,
498 2466 612 2530 merito
627 2475 715 2529 extra
730 2476 861 2540 terram,
878 2476 965 2529 extra
986 2465 1139 2530 mundum
1159 2464 1263 2528 vide-

217 2574 320 2646 hicum
335 2583 438 2660 potest
454 2573 539 2638 enim
554 2584 586 2636 et
602 2573 667 2658 ipse
682 2571 788 2635 dicere
809 2594 817 2636 τ
832 2570 936 2658 Super
949 2583 1069 2635 terram
1084 2568 1263 2636 ambulan-

219 2695 279 2756 tes,
292 2680 565 2746 conversationem
581 2679 614 2742 in
630 2676 717 2743 omlis
732 2679 907 2744 hahemua²
912 2725 1008 2744 .......

262 2790 336 2853 Post
362 2789 431 2853 haee
457 2787 610 2874 seriptum
633 2785 700 2850 est⁸
724 2787 919 2861 cascaram,
948 2790 1070 2873 inquit,
1097 2801 1266 2877 praecepta

219 2918 318 2962 »mea
333 2909 365 2959 et
379 2896 472 2961 facite
492 2918 529 2960 en
549 2918 557 2958 :
574 2917 633 2982 ego
648 2895 821 2960 Dominus*
837 2919 845 2960 ε
860 2923 873 2957 ι
887 2908 920 2959 et
935 2896 972 2960 iis
989 2896 1077 2960 addit
1093 2919 1102 2960 t
1121 2899 1267 2963 «Homo

221 3006 272 3069 »si
289 3001 486 3070 maledixerit
502 3013 625 3090 patrem
648 3015 701 3066 aut
726 3015 860 3068 matrem
884 3003 990 3078 ouamj
1009 3005 1163 3070 meriatur
1178 3027 1216 3068 :r
1233 3019 1271 3071 et

220 3113 412 3202 post'rnuita
434 3133 505 3199 quae
526 3111 688 3199 praecepit,
715 3111 828 3197 quihus
857 3111 952 3176 etiam
971 3133 1081 3198 poenaa
1105 3113 1269 3199 praerari-

221 3221 354 3288 cationis
373 3218 551 3305 adscripsit,
570 3218 657 3282 addit
677 3219 709 3281 in
733 3215 872 3282 clausula
893 3239 902 3280 r
921 3220 991 3283 «Ec
1006 3231 1129 3284 servate
1151 3221 1270 3284 omnia

222 3342 404 3418 »precepta
420 3351 504 3402 moa,
520 3340 553 3391 et
567 3327 807 3415 justificationes
823 3350 921 3402 meas,
938 3337 969 3392 e't
986 3328 1103 3414 judicia
1119 3328 1228 3393 mea‘.
1246 3357 1261 3388 ι

223 3439 314 3512 Unde
329 3451 361 3500 et
378 3458 574 3522 consequens
590 3434 667 3500 mihi
685 3436 809 3502 videtur
824 3437 985 3523 requirere
999 3436 1077 3522 quid
1089 3437 1123 3500 in
1140 3437 1192 3501 his
1204 3437 1276 3501 sin-

223 3544 302 3635 guiis
318 3544 486 3610 indicetur.
502 3541 672 3629 Equidem,
684 3543 860 3609 secundnm
874 3543 959 3630 quod
971 3545 1141 3608 observare
1156 3543 1272 3630 potui,

259 3735 267 3768 ¹
282 3733 361 3782 Lorii.
375 3748 415 3785 xx,
430 3727 630 3792 26.-²Pnilip.
646 3747 684 3790 ru,
700 3747 737 3777 ιο.

195 3873 199 3882 ¹
258 3811 310 3859 3Ν.
324 3827 347 3858 n.
359 3825 385 3871 p.
398 3807 454 3872 247,
466 3803 521 3863 2t8.

257 3887 359 3935 *Latin
371 3897 412 3941 xx,
430 3883 456 3940 8,
469 3899 494 3944 9.
508 3907 538 3916 —
549 3880 558 3912 ⁵
570 3878 639 3927 ibid.
657 3895 697 3927 nn.
