2702 4610
260 263 320 326 ¹6⁰
700 291 843 336 carcanus

254 413 304 465 tro
316 397 464 475 collocet,
484 413 517 464 ιιι
532 399 572 470 ad
589 401 770 489 aquilonem
782 406 937 494 respiciat.
950 405 1094 476 Accenso
1105 413 1226 478 etenim
1246 409 1289 478 lu·

253 510 351 586 mine,
363 511 396 576 id
408 523 456 575 est
467 509 606 600 vigilanti
619 513 716 578 corde
727 516 884 604 respicere
900 539 1025 606 semper
1037 517 1184 588 delretad
1197 523 1288 610 aqui·

252 619 374 697 lonem,
397 634 429 686 et
455 623 624 687 observare
647 646 721 689 eum
744 626 798 713 qui
821 627 862 692 ab
885 626 1032 715 aquilone
1054 642 1112 694 est.
1140 629 1235 697 Sicut
1258 643 1288 696 et

252 729 408 824 Propheta
423 732 530 799 videre
545 755 579 797 se
594 733 673 799 dicit
687 757 877 802 succensum
891 735 1043 815 lebetem,
1059 737 1109 804 vel
1125 738 1238 816 ollam,
1255 755 1285 808 et

250 840 363 906 faciem
375 840 445 929 ejus
460 864 478 906 a
491 839 569 906 facie
581 839 736 929 aquilonis
746 841 768 906 ¹.
784 843 835 909 tt
846 831 994 931 aquilone
1006 846 1091 912 enim
1104 847 1286 915 accendan-

250 962 303 1013 tur·
317 946 399 1014 mola
419 950 572 1016 universae
588 962 691 1016 terrm.
709 949 848 1040 Vigilana
863 951 940 1041 ergo
959 963 991 1018 et
1010 951 1214 1020 sollicitaret
1235 981 1284 1021 ar-

248 1060 326 1126 dens
345 1061 507 1124 intueatur
521 1084 647 1150 semper
661 1061 790 1127 astutias
809 1061 940 1138 diaboli,
956 1074 990 1129 et
1010 1087 1138 1153 semper
1150 1066 1285 1154 aspiciat

249 1167 332 1234 unde
355 1169 396 1234 sit
418 1179 550 1232 ventura
573 1168 720 1243 tentatio,
745 1168 829 1234 ιιιιόο
853 1169 953 1235 hostis
973 1170 1086 1246 irrrrat,
1112 1173 1199 1238 unde
1222 1172 1283 1239 irai-
1340 1191 1341 1210 ¹

246 1279 348 1345 micus
373 1279 517 1366 obrepat.
547 1277 632 1344 Dicit
652 1277 788 1342 enimet
809 1277 920 1343 Petrus
942 1276 1140 1366 Apostolus:
1168 1280 1280 1362 «Quia

245 1385 470 1452 »adversarius
496 1397 601 1451 aester
625 1383 783 1460 diabolus,
811 1384 894 1451 sicut
920 1383 971 1450 leo
997 1387 1138 1474 rugiens,
1165 1388 1280 1454 circuit
1310 1450 1314 1459 .

244 1521 417 1586 rquaerena
427 1521 522 1585 quem
539 1507 715 1562 transvoret
724 1494 746 1561 ².
763 1493 897 1562 »Mensa
914 1519 1042 1584 quoque
1053 1497 1278 1585 propositionis

243 1607 363 1674 habens
382 1608 553 1673 duodecim
571 1629 681 1695 panes,
699 1607 730 1671 in
751 1617 842 1694 parte
861 1603 1038 1672 collocetur
1053 1605 1211 1694 aquilonis
1226 1632 1275 1674 re-

242 1717 377 1804 spiciens
393 1715 434 1781 ad
449 1727 602 1781 austrum.
617 1714 717 1781 Panes
732 1715 797 1791 isti,
810 1714 1001 1803 apostolicus
1016 1716 1045 1781 ei
1063 1728 1130 1782 tam
1144 1739 1274 1782 numero

241 1849 337 1916 quam
360 1828 475 1892 virtute
492 1826 532 1892 sit
551 1848 670 1900 sermo,
692 1849 756 1913 quo
775 1825 989 1892 indesinenter
1009 1836 1100 1891 utens
1116 1827 1273 1915 (quotidie

240 1959 377 2024 numque
389 1937 446 2002 hos
463 1947 536 2001 ante
553 1936 726 2001 Dominum
741 1937 872 2024 jubetur
888 1937 1067 2025 apponere)
1083 1959 1212 2002 rursum
1223 1961 1273 2007 ¹re·

238 2046 349 2135 spiciat
364 2047 405 2111 ad
420 2057 575 2122 anstrum,
594 2047 678 2111 unde
691 2045 845 2111 Dominus
861 2045 967 2110 venitr
987 2045 1171 2112 «Dominus
1184 2047 1272 2112 αιίιιι

237 2187 250 2220 a
267 2181 306 2222 ex
320 2155 463 2222 Theman
476 2155 612 2231 veniet⁸‚
627 2185 640 2218 ι
655 2156 736 2221 sicut
748 2155 902 2244 scriptum
915 2165 976 2230 est,
991 2156 1077 2243 quod
1088 2167 1138 2220 est
1153 2156 1195 2222 de
1206 2180 1270 2222 aus·

235 2279 295 2332 tro.
315 2267 438 2332 Habeat
460 2265 493 2331 in
517 2263 733 2353 penetralibus
758 2264 896 2352 pectoris
916 2264 963 2353 sui
986 2264 1083 2328 etiam
1106 2263 1207 2330 altare
1222 2265 1271 2340 in·

235 2379 336 2451 censi,
351 2389 385 2442 ut
400 2377 466 2466 ipse
483 2377 567 2442 dicat
587 2397 595 2439 ι
622 2375 730 2455 ςΟιιίιι
746 2373 865 2440 Christi
881 2375 983 2439 bonus
995 2373 1077 2440 odor
1090 2397 1198 2441 sumus
1208 2374 1231 2440 ⁴.
1249 2403 1263 2436 a

233 2489 356 2553 Habeat
370 2497 404 2552 et
422 2507 529 2552 arcana
547 2485 741 2560 testamenti,
759 2485 793 2548 in
813 2507 876 2571 qua
890 2483 953 2550 sint
975 2483 1093 2552 tabule
1111 2483 1206 2572 logis,
1226 2494 1263 2546 ut

231 2598 262 2662 in
280 2596 348 2686 lege
368 2597 425 2662 Dei
443 2596 616 2661 meditetur
631 2595 683 2659 die
701 2617 739 2659 oc
755 2606 861 2668 nocte,
878 2606 911 2658 et
933 2595 1088 2678 memorio
1103 2593 1169 2680 ejus
1190 2615 1266 2658 arca

230 2719 262 2771 et
282 2704 477 2772 bibliotheca
500 2701 658 2768 efficiatur
678 2698 835 2768 librorum
861 2701 931 2778 Dei,
955 2701 1029 2789 quia
1051 2714 1084 2766 et
1110 2699 1268 2789 Propheta

229 2815 339 2880 beatos
360 2811 438 2878 dicit
460 2835 515 2876 eos
535 2810 590 2899 qui
606 2810 759 2876 memoria
774 2810 1052 2876 tenent'mauduta
1068 2811 1152 2896 ejus,
1171 2823 1207 2874 ut
1221 2809 1268 2875 l'a-

228 2926 313 2990 ciant
327 2945 374 2989 ea.
398 2921 446 2988 Sit
463 2922 545 2987 intra
562 2921 666 3008 ipsum
685 2941 763 2984 urna
780 2941 905 2984 mannae
920 2919 1070 3006 reposita,
1086 2915 1268 2984 intellectus

228 3033 315 3099 verbi
331 3031 389 3097 Dei
409 3028 533 3096 subtilis
549 3041 581 3095 et
602 3026 714 3094 dulcis.
734 3026 783 3093 Sit
801 3039 835 3093 et
853 3027 937 3116 virga
955 3027 1062 3092 Aaron
1078 3027 1165 3092 intra
1177 3049 1267 3102 eum.

227 3141 372 3209 doctrina
388 3135 604 3212 sacerdotalis,
619 3151 651 3202 et
662 3135 774 3203 llorida
791 3136 941 3203 severitas
956 3134 1129 3226 disciplinae
1145 3159 1153 3202 ι
1171 3160 1267 3225 supra

227 3273 356 3316 omnem
371 3271 445 3314 vero
457 3246 589 3336 gloriam
601 3247 642 3312 sit
654 3247 682 3313 ei
696 3244 887 3334 pontificalis
898 3258 1038 3313 ornatus.
1054 3245 1162 3312 Potest
1176 3247 1267 3312 enim

227 3363 308 3428 intra
329 3383 362 3426 se
379 3381 472 3449 agere
487 3357 710 3449 pontificatum
729 3380 802 3446 para
820 3354 869 3421 illo
886 3343 1002 3445 quaein
1018 3380 1058 3422 eo
1077 3370 1126 3422 est
1141 3358 1267 3446 pretio-

224 3471 346 3537 sissima
363 3469 520 3544 omnium,
534 3468 622 3556 quod
636 3467 765 3555 quidam
780 3465 953 3554 principale
965 3466 1070 3532 cordis
1080 3466 1264 3555 appellant,

221 3579 276 3646 nlii
290 3577 477 3644 rationalem
489 3601 631 3653 sensum,
644 3587 698 3643 aut
713 3573 959 3642 intellectualem
971 3576 1197 3652 substantiam,
1212 3577 1264 3644 rel

222 3711 429 3779 quocumque
452 3687 548 3754 modo
571 3685 721 3776 appellari
745 3700 849 3775 potest
871 3687 903 3752 in
924 3687 1016 3752 nobis
1037 3686 1144 3774 portio
1159 3692 1264 3753 nostri

223 3798 276 3867 illa
300 3823 356 3890 per
380 3823 475 3887 quam
496 3820 629 3886 capaces
645 3821 713 3863 esse
732 3819 900 3886 possumus
915 3797 984 3863 Dei.
1003 3796 1065 3861 Ista
1087 3819 1165 3886 ergo
1187 3821 1264 3888 pars

256 3931 371 3980 ¹Juruur.
386 3948 405 3978 ι.
417 3928 468 3966 -²
484 3948 492 3978 ι
510 3929 563 3978 Pu.
579 3945 602 3988 ιι,
614 3929 639 3975 8.
652 3926 701 3964 —¹
718 3927 797 3976 Altae.
812 3945 849 3985 ιιι,
862 3927 1034 3981 5.—¹a(lor.
1048 3944 1076 3986 ιι,
1088 3929 1116 3974 ι5
