<?xml version="1.0" encoding="UTF-8"?>
<!DOCTYPE html PUBLIC "-//W3C//DTD XHTML 1.0 Transitional//EN"
    "http://www.w3.org/TR/xhtml1/DTD/xhtml1-transitional.dtd">
<html xmlns="http://www.w3.org/1999/xhtml" xml:lang="en" lang="en">
 <head>
  <title>
</title>
<meta http-equiv="Content-Type" content="text/html;charset=utf-8" />
  <meta name='ocr-system' content='tesseract 3.04.00' />
  <meta name='ocr-capabilities' content='ocr_page ocr_carea ocr_par ocr_line ocrx_word'/>
</head>
<body>
  <div class='ocr_page' id='page_1' title='image "./collectioselect01guilgoog_0507.png"; bbox 0 0 2744 4600; ppageno 0'>
   <div class='ocr_carea' id='block_1_1' title="bbox 387 293 1133 359">
    <p class='ocr_par' dir='ltr' id='par_1_1' title="bbox 387 293 1133 359">
     <span class='ocr_line' id='line_1_1' title="bbox 387 293 1133 359; baseline 0.016 -12"><span class='ocrx_word' id='word_1_1' title='bbox 387 304 420 348; x_wconf 76' lang='lat' dir='ltr'><strong>ns</strong></span> <span class='ocrx_word' id='word_1_2' title='bbox 445 305 584 351; x_wconf 82' lang='lat' dir='ltr'><strong>auuusos</strong></span> <span class='ocrx_word' id='word_1_3' title='bbox 607 308 737 356; x_wconf 74' lang='lat' dir='ltr'><strong>nomeu</strong></span> <span class='ocrx_word' id='word_1_4' title='bbox 761 311 849 356; x_wconf 80' lang='lat' dir='ltr'><strong>xasu.</strong></span> <span class='ocrx_word' id='word_1_5' title='bbox 1072 293 1133 359; x_wconf 80' lang='lat'><strong>505</strong></span> 
     </span>
    </p>
   </div>
   <div class='ocr_carea' id='block_1_2' title="bbox 98 417 1133 626">
    <p class='ocr_par' dir='ltr' id='par_1_2' title="bbox 98 417 1133 626">
     <span class='ocr_line' id='line_1_2' title="bbox 103 417 1133 515; baseline 0.01 -33"><span class='ocrx_word' id='word_1_6' title='bbox 103 441 162 507; x_wconf 87' lang='lat' dir='ltr'><strong>que</strong></span> <span class='ocrx_word' id='word_1_7' title='bbox 173 419 216 484; x_wconf 88' lang='lat' dir='ltr'><strong>ad</strong></span> <span class='ocrx_word' id='word_1_8' title='bbox 227 417 443 487; x_wconf 77' lang='lat' dir='ltr'><strong>maturitatem</strong></span> <span class='ocrx_word' id='word_1_9' title='bbox 455 425 632 510; x_wconf 88' lang='lat' dir='ltr'><strong>pervenerit</strong></span> <span class='ocrx_word' id='word_1_10' title='bbox 644 447 746 515; x_wconf 91' lang='lat' dir='ltr'><strong>seges,</strong></span> <span class='ocrx_word' id='word_1_11' title='bbox 757 437 834 490; x_wconf 86' lang='lat' dir='ltr'><strong>tunc</strong></span> <span class='ocrx_word' id='word_1_12' title='bbox 845 426 878 492; x_wconf 94' lang='lat' dir='ltr'><strong>in</strong></span> <span class='ocrx_word' id='word_1_13' title='bbox 889 423 1053 490; x_wconf 84' lang='lat' dir='ltr'><strong>fructuum</strong></span> <span class='ocrx_word' id='word_1_14' title='bbox 1063 450 1133 515; x_wconf 89' lang='lat' dir='ltr'><strong>per-</strong></span> 
     </span>
     <span class='ocr_line' id='line_1_3' title="bbox 98 529 1132 626; baseline 0.008 -32"><span class='ocrx_word' id='word_1_15' title='bbox 98 529 238 598; x_wconf 81' lang='lat' dir='ltr'><strong>fectione</strong></span> <span class='ocrx_word' id='word_1_16' title='bbox 248 530 401 597; x_wconf 76' lang='lat' dir='ltr'><strong>festivitas</strong></span> <span class='ocrx_word' id='word_1_17' title='bbox 413 533 540 600; x_wconf 82' lang='lat' dir='ltr'><strong>Domini</strong></span> <span class='ocrx_word' id='word_1_18' title='bbox 552 537 683 625; x_wconf 81' lang='lat' dir='ltr'><strong>geritur.</strong></span> <span class='ocrx_word' id='word_1_19' title='bbox 698 536 732 602; x_wconf 88' lang='lat' dir='ltr'><strong>Si</strong></span> <span class='ocrx_word' id='word_1_20' title='bbox 742 559 818 626; x_wconf 87' lang='lat' dir='ltr'><strong>ergo</strong></span> <span class='ocrx_word' id='word_1_21' title='bbox 830 547 862 602; x_wconf 92' lang='lat' dir='ltr'><strong>et</strong></span> <span class='ocrx_word' id='word_1_22' title='bbox 875 549 907 600; x_wconf 92' lang='lat' dir='ltr'><strong>tu</strong></span> <span class='ocrx_word' id='word_1_23' title='bbox 921 535 965 600; x_wconf 90' lang='lat' dir='ltr'><strong>vis</strong></span> <span class='ocrx_word' id='word_1_24' title='bbox 977 558 1132 602; x_wconf 85' lang='lat' dir='ltr'><strong>novorum</strong></span> 
     </span>
    </p>
   </div>
   <div class='ocr_carea' id='block_1_3' title="bbox 1 638 1132 732">
    <p class='ocr_par' dir='ltr' id='par_1_3' title="bbox 1 638 1132 732">
     <span class='ocr_line' id='line_1_4' title="bbox 1 638 1132 732; baseline 0.009 -30"><span class='ocrx_word' id='word_1_25' title='bbox 1 647 3 685; x_wconf 81' lang='lat'><em>=</em></span> <span class='ocrx_word' id='word_1_26' title='bbox 102 638 187 704; x_wconf 84' lang='lat' dir='ltr'><strong>diem</strong></span> <span class='ocrx_word' id='word_1_27' title='bbox 202 638 317 705; x_wconf 88' lang='lat' dir='ltr'><strong>festum</strong></span> <span class='ocrx_word' id='word_1_28' title='bbox 334 663 428 728; x_wconf 85' lang='lat' dir='ltr'><strong>agere</strong></span> <span class='ocrx_word' id='word_1_29' title='bbox 449 663 525 707; x_wconf 89' lang='lat' dir='ltr'><strong>eum</strong></span> <span class='ocrx_word' id='word_1_30' title='bbox 546 645 698 721; x_wconf 90' lang='lat' dir='ltr'><strong>Domino,</strong></span> <span class='ocrx_word' id='word_1_31' title='bbox 718 646 788 711; x_wconf 87' lang='lat' dir='ltr'><strong>vide</strong></span> <span class='ocrx_word' id='word_1_32' title='bbox 807 643 967 732; x_wconf 90' lang='lat' dir='ltr'><strong>quomodo</strong></span> <span class='ocrx_word' id='word_1_33' title='bbox 984 647 1132 721; x_wconf 86' lang='lat' dir='ltr'><strong>semines,</strong></span> 
     </span>
    </p>
   </div>
   <div class='ocr_carea' id='block_1_4' title="bbox 101 749 1138 1279">
    <p class='ocr_par' dir='ltr' id='par_1_4' title="bbox 101 749 1138 1279">
     <span class='ocr_line' id='line_1_5' title="bbox 105 749 1134 840; baseline 0.008 -28"><span class='ocrx_word' id='word_1_34' title='bbox 105 760 159 812; x_wconf 90' lang='lat' dir='ltr'><strong>aut</strong></span> <span class='ocrx_word' id='word_1_35' title='bbox 176 749 230 812; x_wconf 88' lang='lat' dir='ltr'><strong>ubi</strong></span> <span class='ocrx_word' id='word_1_36' title='bbox 252 749 400 822; x_wconf 80' lang='lat' dir='ltr'><strong>semines,</strong></span> <span class='ocrx_word' id='word_1_37' title='bbox 421 762 455 814; x_wconf 91' lang='lat' dir='ltr'><strong>ut</strong></span> <span class='ocrx_word' id='word_1_38' title='bbox 475 753 576 838; x_wconf 88' lang='lat' dir='ltr'><strong>possis</strong></span> <span class='ocrx_word' id='word_1_39' title='bbox 591 753 670 816; x_wconf 83' lang='lat' dir='ltr'><strong>tales</strong></span> <span class='ocrx_word' id='word_1_40' title='bbox 685 765 804 817; x_wconf 86' lang='lat' dir='ltr'><strong>metere</strong></span> <span class='ocrx_word' id='word_1_41' title='bbox 824 753 945 820; x_wconf 89' lang='lat' dir='ltr'><strong>fructus</strong></span> <span class='ocrx_word' id='word_1_42' title='bbox 960 777 999 818; x_wconf 84' lang='lat' dir='ltr'><strong>ex</strong></span> <span class='ocrx_word' id='word_1_43' title='bbox 1019 755 1134 840; x_wconf 89' lang='lat' dir='ltr'><strong>quibus</strong></span> 
     </span>
     <span class='ocr_line' id='line_1_6' title="bbox 104 857 1138 949; baseline 0.009 -29"><span class='ocrx_word' id='word_1_44' title='bbox 104 857 203 924; x_wconf 80' lang='lat' dir='ltr'><strong>laetari</strong></span> <span class='ocrx_word' id='word_1_45' title='bbox 217 859 309 924; x_wconf 79' lang='lat' dir='ltr'><strong>facias</strong></span> <span class='ocrx_word' id='word_1_46' title='bbox 323 859 441 935; x_wconf 87' lang='lat' dir='ltr'><strong>Deum,</strong></span> <span class='ocrx_word' id='word_1_47' title='bbox 458 872 490 924; x_wconf 86' lang='lat' dir='ltr'><strong>et</strong></span> <span class='ocrx_word' id='word_1_48' title='bbox 504 883 598 949; x_wconf 89' lang='lat' dir='ltr'><strong>agere</strong></span> <span class='ocrx_word' id='word_1_49' title='bbox 615 862 698 927; x_wconf 88' lang='lat' dir='ltr'><strong>diem</strong></span> <span class='ocrx_word' id='word_1_50' title='bbox 716 863 842 928; x_wconf 88' lang='lat' dir='ltr'><strong>festum.</strong></span> <span class='ocrx_word' id='word_1_51' title='bbox 862 862 958 943; x_wconf 89' lang='lat' dir='ltr'><strong>Quod</strong></span> <span class='ocrx_word' id='word_1_52' title='bbox 974 863 1064 930; x_wconf 87' lang='lat' dir='ltr'><strong>aliter</strong></span> <span class='ocrx_word' id='word_1_53' title='bbox 1078 865 1138 929; x_wconf 90' lang='lat' dir='ltr'><strong>im-</strong></span> 
     </span>
     <span class='ocr_line' id='line_1_7' title="bbox 104 966 1134 1058; baseline 0.008 -27"><span class='ocrx_word' id='word_1_54' title='bbox 104 966 191 1055; x_wconf 87' lang='lat' dir='ltr'><strong>plere</strong></span> <span class='ocrx_word' id='word_1_55' title='bbox 207 992 268 1034; x_wconf 89' lang='lat' dir='ltr'><strong>non</strong></span> <span class='ocrx_word' id='word_1_56' title='bbox 284 969 416 1057; x_wconf 89' lang='lat' dir='ltr'><strong>poteris,</strong></span> <span class='ocrx_word' id='word_1_57' title='bbox 429 970 489 1035; x_wconf 90' lang='lat' dir='ltr'><strong>nisi</strong></span> <span class='ocrx_word' id='word_1_58' title='bbox 505 969 613 1035; x_wconf 88' lang='lat' dir='ltr'><strong>audias</strong></span> <span class='ocrx_word' id='word_1_59' title='bbox 634 971 822 1058; x_wconf 83' lang='lat' dir='ltr'><strong>Apostolum</strong></span> <span class='ocrx_word' id='word_1_60' title='bbox 843 973 1002 1038; x_wconf 78' lang='lat' dir='ltr'><strong>dicentem</strong></span> <span class='ocrx_word' id='word_1_61' title='bbox 1018 995 1052 1037; x_wconf 77' lang='lat' dir='ltr'><strong>:a</strong></span> <span class='ocrx_word' id='word_1_62' title='bbox 1069 974 1134 1053; x_wconf 91' lang='lat' dir='ltr'><strong>Qui</strong></span> 
     </span>
     <span class='ocr_line' id='line_1_8' title="bbox 103 1077 1133 1166; baseline 0.012 -30"><span class='ocrx_word' id='word_1_63' title='bbox 103 1077 263 1141; x_wconf 74' lang='lat' dir='ltr'><strong>»seminat</strong></span> <span class='ocrx_word' id='word_1_64' title='bbox 276 1077 308 1141; x_wconf 91' lang='lat' dir='ltr'><strong>in</strong></span> <span class='ocrx_word' id='word_1_65' title='bbox 325 1077 449 1164; x_wconf 87' lang='lat' dir='ltr'><strong>spiritu,</strong></span> <span class='ocrx_word' id='word_1_66' title='bbox 468 1079 507 1142; x_wconf 90' lang='lat' dir='ltr'><strong>de</strong></span> <span class='ocrx_word' id='word_1_67' title='bbox 522 1079 634 1166; x_wconf 86' lang='lat' dir='ltr'><strong>spiritu</strong></span> <span class='ocrx_word' id='word_1_68' title='bbox 651 1092 750 1144; x_wconf 86' lang='lat' dir='ltr'><strong>metet</strong></span> <span class='ocrx_word' id='word_1_69' title='bbox 771 1082 867 1147; x_wconf 83' lang='lat' dir='ltr'><strong>vitam</strong></span> <span class='ocrx_word' id='word_1_70' title='bbox 882 1083 1065 1148; x_wconf 82' lang='lat' dir='ltr'><strong>aeternam¹.</strong></span> <span class='ocrx_word' id='word_1_71' title='bbox 1077 1112 1089 1145; x_wconf 77' lang='lat' dir='ltr'><strong>a</strong></span> <span class='ocrx_word' id='word_1_72' title='bbox 1099 1084 1133 1149; x_wconf 90' lang='lat' dir='ltr'><strong>Si</strong></span> 
     </span>
     <span class='ocr_line' id='line_1_9' title="bbox 101 1183 1130 1279; baseline 0.01 -33"><span class='ocrx_word' id='word_1_73' title='bbox 101 1183 146 1248; x_wconf 86' lang='lat' dir='ltr'><strong>sio</strong></span> <span class='ocrx_word' id='word_1_74' title='bbox 160 1185 309 1259; x_wconf 86' lang='lat' dir='ltr'><strong>semines,</strong></span> <span class='ocrx_word' id='word_1_75' title='bbox 322 1196 355 1248; x_wconf 88' lang='lat' dir='ltr'><strong>et</strong></span> <span class='ocrx_word' id='word_1_76' title='bbox 369 1185 415 1249; x_wconf 90' lang='lat' dir='ltr'><strong>sic</strong></span> <span class='ocrx_word' id='word_1_77' title='bbox 430 1197 544 1260; x_wconf 86' lang='lat' dir='ltr'><strong>metas,</strong></span> <span class='ocrx_word' id='word_1_78' title='bbox 557 1209 630 1251; x_wconf 90' lang='lat' dir='ltr'><strong>vere</strong></span> <span class='ocrx_word' id='word_1_79' title='bbox 645 1187 730 1253; x_wconf 85' lang='lat' dir='ltr'><strong>diem</strong></span> <span class='ocrx_word' id='word_1_80' title='bbox 741 1187 858 1255; x_wconf 87' lang='lat' dir='ltr'><strong>festum</strong></span> <span class='ocrx_word' id='word_1_81' title='bbox 869 1212 942 1279; x_wconf 88' lang='lat' dir='ltr'><strong>ages</strong></span> <span class='ocrx_word' id='word_1_82' title='bbox 958 1191 1130 1257; x_wconf 88' lang='lat' dir='ltr'><strong>Noverum.</strong></span> 
     </span>
    </p>
   </div>
   <div class='ocr_carea' id='block_1_5' title="bbox 1 1289 1134 1381">
    <p class='ocr_par' dir='ltr' id='par_1_5' title="bbox 1 1289 1134 1381">
     <span class='ocr_line' id='line_1_10' title="bbox 1 1289 1134 1381; baseline 0.011 -28"><span class='ocrx_word' id='word_1_83' title='bbox 1 1317 2 1352; x_wconf 58' lang='grc' dir='ltr'><em>τ</em></span> <span class='ocrx_word' id='word_1_84' title='bbox 99 1289 271 1380; x_wconf 86' lang='lat' dir='ltr'><strong>Propterea</strong></span> <span class='ocrx_word' id='word_1_85' title='bbox 282 1293 420 1380; x_wconf 86' lang='lat' dir='ltr'><strong>denique</strong></span> <span class='ocrx_word' id='word_1_86' title='bbox 433 1305 464 1358; x_wconf 92' lang='lat' dir='ltr'><strong>et</strong></span> <span class='ocrx_word' id='word_1_87' title='bbox 475 1294 633 1381; x_wconf 82' lang='lat' dir='ltr'><strong>Propheta</strong></span> <span class='ocrx_word' id='word_1_88' title='bbox 646 1297 809 1372; x_wconf 88' lang='lat' dir='ltr'><strong>admonet,</strong></span> <span class='ocrx_word' id='word_1_89' title='bbox 822 1298 930 1364; x_wconf 89' lang='lat' dir='ltr'><strong>dicens</strong></span> <span class='ocrx_word' id='word_1_90' title='bbox 943 1323 950 1364; x_wconf 90' lang='lat'>:</span> <span class='ocrx_word' id='word_1_91' title='bbox 963 1301 1134 1366; x_wconf 79' lang='lat' dir='ltr'><strong>«Innovate</strong></span> 
     </span>
    </p>
   </div>
   <div class='ocr_carea' id='block_1_6' title="bbox 99 1399 1238 2364">
    <p class='ocr_par' dir='ltr' id='par_1_6' title="bbox 99 1399 1238 2364">
     <span class='ocr_line' id='line_1_11' title="bbox 102 1399 1134 1498; baseline 0.011 -35"><span class='ocrx_word' id='word_1_92' title='bbox 102 1427 116 1459; x_wconf 81' lang='lat' dir='ltr'><strong>r</strong></span> <span class='ocrx_word' id='word_1_93' title='bbox 129 1400 216 1465; x_wconf 84' lang='lat' dir='ltr'><strong>vobis</strong></span> <span class='ocrx_word' id='word_1_94' title='bbox 231 1400 368 1476; x_wconf 90' lang='lat' dir='ltr'><strong>novalia,</strong></span> <span class='ocrx_word' id='word_1_95' title='bbox 381 1414 412 1466; x_wconf 91' lang='lat' dir='ltr'><strong>et</strong></span> <span class='ocrx_word' id='word_1_96' title='bbox 429 1399 526 1466; x_wconf 88' lang='lat' dir='ltr'><strong>nolite</strong></span> <span class='ocrx_word' id='word_1_97' title='bbox 537 1405 693 1468; x_wconf 86' lang='lat' dir='ltr'><strong>seminare</strong></span> <span class='ocrx_word' id='word_1_98' title='bbox 706 1429 800 1492; x_wconf 86' lang='lat' dir='ltr'><strong>super</strong></span> <span class='ocrx_word' id='word_1_99' title='bbox 812 1407 915 1494; x_wconf 85' lang='lat' dir='ltr'><strong>spinas</strong></span> <span class='ocrx_word' id='word_1_100' title='bbox 925 1407 947 1472; x_wconf 87' lang='lat'><strong>².</strong></span> <span class='ocrx_word' id='word_1_101' title='bbox 960 1409 1047 1487; x_wconf 79' lang='lat' dir='ltr'><strong>»Qui</strong></span> <span class='ocrx_word' id='word_1_102' title='bbox 1058 1431 1134 1498; x_wconf 91' lang='lat' dir='ltr'><strong>ergo</strong></span> 
     </span>
     <span class='ocr_line' id='line_1_12' title="bbox 103 1510 1154 1594; baseline 0.011 -23"><span class='ocrx_word' id='word_1_103' title='bbox 103 1529 162 1572; x_wconf 87' lang='lat' dir='ltr'><strong>cor</strong></span> <span class='ocrx_word' id='word_1_104' title='bbox 183 1532 273 1574; x_wconf 90' lang='lat' dir='ltr'><strong>suum</strong></span> <span class='ocrx_word' id='word_1_105' title='bbox 289 1523 321 1573; x_wconf 92' lang='lat' dir='ltr'><strong>et</strong></span> <span class='ocrx_word' id='word_1_106' title='bbox 340 1510 524 1576; x_wconf 87' lang='lat' dir='ltr'><strong>interiorem</strong></span> <span class='ocrx_word' id='word_1_107' title='bbox 539 1512 702 1577; x_wconf 88' lang='lat' dir='ltr'><strong>hominem</strong></span> <span class='ocrx_word' id='word_1_108' title='bbox 720 1527 849 1580; x_wconf 85' lang='lat' dir='ltr'><strong>renovet</strong></span> <span class='ocrx_word' id='word_1_109' title='bbox 864 1517 904 1583; x_wconf 88' lang='lat' dir='ltr'><strong>de</strong></span> <span class='ocrx_word' id='word_1_110' title='bbox 919 1516 971 1583; x_wconf 89' lang='lat' dir='ltr'><strong>die</strong></span> <span class='ocrx_word' id='word_1_111' title='bbox 984 1519 1017 1584; x_wconf 93' lang='lat' dir='ltr'><strong>in</strong></span> <span class='ocrx_word' id='word_1_112' title='bbox 1034 1519 1133 1594; x_wconf 85' lang='lat' dir='ltr'><strong>diem,</strong></span> <span class='ocrx_word' id='word_1_113' title='bbox 1149 1577 1154 1583; x_wconf 91' lang='lat'><em>.</em></span> 
     </span>
     <span class='ocr_line' id='line_1_13' title="bbox 103 1616 1134 1712; baseline 0.012 -32"><span class='ocrx_word' id='word_1_114' title='bbox 103 1617 163 1681; x_wconf 83' lang='lat' dir='ltr'><strong>iste</strong></span> <span class='ocrx_word' id='word_1_115' title='bbox 185 1617 241 1680; x_wconf 89' lang='lat' dir='ltr'><strong>sihi</strong></span> <span class='ocrx_word' id='word_1_116' title='bbox 261 1617 391 1682; x_wconf 84' lang='lat' dir='ltr'><strong>innovat</strong></span> <span class='ocrx_word' id='word_1_117' title='bbox 406 1616 543 1695; x_wconf 87' lang='lat' dir='ltr'><strong>novalia,</strong></span> <span class='ocrx_word' id='word_1_118' title='bbox 555 1631 588 1684; x_wconf 88' lang='lat' dir='ltr'><strong>et</strong></span> <span class='ocrx_word' id='word_1_119' title='bbox 604 1644 668 1686; x_wconf 90' lang='lat' dir='ltr'><strong>non</strong></span> <span class='ocrx_word' id='word_1_120' title='bbox 684 1622 818 1687; x_wconf 69' lang='lat' dir='ltr'><strong>sentinat</strong></span> <span class='ocrx_word' id='word_1_121' title='bbox 837 1645 933 1710; x_wconf 89' lang='lat' dir='ltr'><strong>super</strong></span> <span class='ocrx_word' id='word_1_122' title='bbox 948 1627 1065 1712; x_wconf 87' lang='lat' dir='ltr'><strong>spinas,</strong></span> <span class='ocrx_word' id='word_1_123' title='bbox 1078 1627 1134 1692; x_wconf 89' lang='lat' dir='ltr'><strong>sed</strong></span> 
     </span>
     <span class='ocr_line' id='line_1_14' title="bbox 102 1728 1134 1814; baseline 0.013 -26"><span class='ocrx_word' id='word_1_124' title='bbox 102 1736 329 1812; x_wconf 86' lang='lat' dir='ltr'><strong>superterram</strong></span> <span class='ocrx_word' id='word_1_125' title='bbox 344 1728 475 1802; x_wconf 90' lang='lat' dir='ltr'><strong>bonam,</strong></span> <span class='ocrx_word' id='word_1_126' title='bbox 493 1751 564 1814; x_wconf 82' lang='lat' dir='ltr'><strong>quaa</strong></span> <span class='ocrx_word' id='word_1_127' title='bbox 580 1729 691 1793; x_wconf 88' lang='lat' dir='ltr'><strong>reddat</strong></span> <span class='ocrx_word' id='word_1_128' title='bbox 711 1730 739 1793; x_wconf 85' lang='lat' dir='ltr'><strong>ei</strong></span> <span class='ocrx_word' id='word_1_129' title='bbox 761 1729 902 1796; x_wconf 88' lang='lat' dir='ltr'><strong>fructum</strong></span> <span class='ocrx_word' id='word_1_130' title='bbox 926 1735 1134 1811; x_wconf 87' lang='lat' dir='ltr'><strong>tricesimum,</strong></span> 
     </span>
     <span class='ocr_line' id='line_1_15' title="bbox 100 1835 1136 1930; baseline 0.008 -32"><span class='ocrx_word' id='word_1_131' title='bbox 100 1846 156 1899; x_wconf 90' lang='lat' dir='ltr'><strong>aut</strong></span> <span class='ocrx_word' id='word_1_132' title='bbox 167 1835 409 1923; x_wconf 78' lang='lat' dir='ltr'><strong>sexagesimum,</strong></span> <span class='ocrx_word' id='word_1_133' title='bbox 422 1846 478 1900; x_wconf 91' lang='lat' dir='ltr'><strong>aut</strong></span> <span class='ocrx_word' id='word_1_134' title='bbox 489 1837 710 1902; x_wconf 89' lang='lat' dir='ltr'><strong>centesimum.</strong></span> <span class='ocrx_word' id='word_1_135' title='bbox 726 1838 790 1903; x_wconf 87' lang='lat' dir='ltr'><strong>lste</strong></span> <span class='ocrx_word' id='word_1_136' title='bbox 802 1861 877 1927; x_wconf 88' lang='lat' dir='ltr'><strong>ergo</strong></span> <span class='ocrx_word' id='word_1_137' title='bbox 887 1851 949 1916; x_wconf 88' lang='lat' dir='ltr'><strong>est,</strong></span> <span class='ocrx_word' id='word_1_138' title='bbox 962 1841 1015 1928; x_wconf 89' lang='lat' dir='ltr'><strong>qui</strong></span> <span class='ocrx_word' id='word_1_139' title='bbox 1032 1844 1064 1908; x_wconf 92' lang='lat' dir='ltr'><strong>in</strong></span> <span class='ocrx_word' id='word_1_140' title='bbox 1076 1844 1136 1930; x_wconf 88' lang='lat' dir='ltr'><strong>spi-</strong></span> 
     </span>
     <span class='ocr_line' id='line_1_16' title="bbox 99 1942 1142 2040; baseline 0.011 -34"><span class='ocrx_word' id='word_1_141' title='bbox 99 1943 164 2008; x_wconf 90' lang='lat' dir='ltr'><strong>ritu</strong></span> <span class='ocrx_word' id='word_1_142' title='bbox 176 1943 324 2019; x_wconf 88' lang='lat' dir='ltr'><strong>seminat,</strong></span> <span class='ocrx_word' id='word_1_143' title='bbox 333 1956 365 2010; x_wconf 94' lang='lat' dir='ltr'><strong>et</strong></span> <span class='ocrx_word' id='word_1_144' title='bbox 377 1942 496 2033; x_wconf 80' lang='lat' dir='ltr'><strong>colligit</strong></span> <span class='ocrx_word' id='word_1_145' title='bbox 507 1945 648 2011; x_wconf 87' lang='lat' dir='ltr'><strong>fructum</strong></span> <span class='ocrx_word' id='word_1_146' title='bbox 659 1947 798 2035; x_wconf 87' lang='lat' dir='ltr'><strong>spiritus.</strong></span> <span class='ocrx_word' id='word_1_147' title='bbox 810 1947 947 2014; x_wconf 83' lang='lat' dir='ltr'><strong>Fructus</strong></span> <span class='ocrx_word' id='word_1_148' title='bbox 959 1961 1065 2016; x_wconf 88' lang='lat' dir='ltr'><strong>autem</strong></span> <span class='ocrx_word' id='word_1_149' title='bbox 1078 1949 1142 2040; x_wconf 57' lang='lat' dir='ltr'><strong>spiss</strong></span> 
     </span>
     <span class='ocr_line' id='line_1_17' title="bbox 99 2053 1139 2144; baseline 0.009 -28"><span class='ocrx_word' id='word_1_150' title='bbox 99 2054 193 2129; x_wconf 84' lang='lat' dir='ltr'><strong>ritus,</strong></span> <span class='ocrx_word' id='word_1_151' title='bbox 206 2053 345 2140; x_wconf 90' lang='lat' dir='ltr'><strong>primum</strong></span> <span class='ocrx_word' id='word_1_152' title='bbox 361 2055 505 2120; x_wconf 91' lang='lat' dir='ltr'><strong>omnium</strong></span> <span class='ocrx_word' id='word_1_153' title='bbox 520 2067 568 2120; x_wconf 90' lang='lat' dir='ltr'><strong>est</strong></span> <span class='ocrx_word' id='word_1_154' title='bbox 583 2057 768 2144; x_wconf 81' lang='lat' dir='ltr'><strong>gaudium⁸.</strong></span> <span class='ocrx_word' id='word_1_155' title='bbox 785 2059 825 2122; x_wconf 90' lang='lat' dir='ltr'><strong>Et</strong></span> <span class='ocrx_word' id='word_1_156' title='bbox 841 2058 955 2123; x_wconf 86' lang='lat' dir='ltr'><strong>merite</strong></span> <span class='ocrx_word' id='word_1_157' title='bbox 975 2061 1058 2124; x_wconf 90' lang='lat' dir='ltr'><strong>diem</strong></span> <span class='ocrx_word' id='word_1_158' title='bbox 1074 2061 1139 2126; x_wconf 87' lang='lat' dir='ltr'><strong>fes-</strong></span> 
     </span>
     <span class='ocr_line' id='line_1_18' title="bbox 99 2163 1139 2257; baseline 0.008 -32"><span class='ocrx_word' id='word_1_159' title='bbox 99 2174 173 2227; x_wconf 92' lang='lat' dir='ltr'><strong>tum</strong></span> <span class='ocrx_word' id='word_1_160' title='bbox 184 2185 338 2228; x_wconf 89' lang='lat' dir='ltr'><strong>novorum</strong></span> <span class='ocrx_word' id='word_1_161' title='bbox 351 2163 513 2230; x_wconf 87' lang='lat' dir='ltr'><strong>fructuum</strong></span> <span class='ocrx_word' id='word_1_162' title='bbox 529 2166 606 2254; x_wconf 88' lang='lat' dir='ltr'><strong>agit,</strong></span> <span class='ocrx_word' id='word_1_163' title='bbox 619 2168 672 2253; x_wconf 89' lang='lat' dir='ltr'><strong>qui</strong></span> <span class='ocrx_word' id='word_1_164' title='bbox 686 2166 839 2254; x_wconf 88' lang='lat' dir='ltr'><strong>gaudium</strong></span> <span class='ocrx_word' id='word_1_165' title='bbox 851 2167 942 2231; x_wconf 87' lang='lat' dir='ltr'><strong>metit</strong></span> <span class='ocrx_word' id='word_1_166' title='bbox 955 2190 964 2231; x_wconf 75' lang='grc' dir='ltr'><em>τ</em></span> <span class='ocrx_word' id='word_1_167' title='bbox 978 2170 1139 2257; x_wconf 73' lang='lat' dir='ltr'><strong>praecipue</strong></span> 
     </span>
     <span class='ocr_line' id='line_1_19' title="bbox 103 2271 1238 2364; baseline 0.005 -29"><span class='ocrx_word' id='word_1_168' title='bbox 103 2273 130 2336; x_wconf 93' lang='lat' dir='ltr'><strong>si</strong></span> <span class='ocrx_word' id='word_1_169' title='bbox 145 2271 240 2336; x_wconf 88' lang='lat' dir='ltr'><strong>simul</strong></span> <span class='ocrx_word' id='word_1_170' title='bbox 257 2285 352 2338; x_wconf 87' lang='lat' dir='ltr'><strong>metat</strong></span> <span class='ocrx_word' id='word_1_171' title='bbox 374 2286 406 2339; x_wconf 89' lang='lat' dir='ltr'><strong>et</strong></span> <span class='ocrx_word' id='word_1_172' title='bbox 430 2297 556 2362; x_wconf 87' lang='lat' dir='ltr'><strong>pacem,</strong></span> <span class='ocrx_word' id='word_1_173' title='bbox 577 2288 612 2339; x_wconf 88' lang='lat' dir='ltr'><strong>et</strong></span> <span class='ocrx_word' id='word_1_174' title='bbox 632 2274 831 2364; x_wconf 88' lang='lat' dir='ltr'><strong>patientiam,</strong></span> <span class='ocrx_word' id='word_1_175' title='bbox 847 2285 880 2339; x_wconf 92' lang='lat' dir='ltr'><strong>et</strong></span> <span class='ocrx_word' id='word_1_176' title='bbox 902 2275 1090 2351; x_wconf 87' lang='lat' dir='ltr'><strong>bonitatem,</strong></span> <span class='ocrx_word' id='word_1_177' title='bbox 1106 2287 1139 2340; x_wconf 90' lang='lat' dir='ltr'><strong>et</strong></span> <span class='ocrx_word' id='word_1_178' title='bbox 1235 2355 1238 2362; x_wconf 33' lang='grc' dir='ltr'>Ι</span> 
     </span>
    </p>
   </div>
   <div class='ocr_carea' id='block_1_7' title="bbox 1 2383 1139 2583">
    <p class='ocr_par' dir='ltr' id='par_1_7' title="bbox 1 2383 1139 2583">
     <span class='ocr_line' id='line_1_20' title="bbox 1 2383 1139 2473; baseline 0.003 -27"><span class='ocrx_word' id='word_1_179' title='bbox 1 2427 2 2462; x_wconf 20' lang='lat' dir='ltr'><strong>p</strong></span> <span class='ocrx_word' id='word_1_180' title='bbox 102 2383 394 2458; x_wconf 89' lang='lat' dir='ltr'><strong>mansuetudinem,</strong></span> <span class='ocrx_word' id='word_1_181' title='bbox 409 2383 550 2472; x_wconf 85' lang='lat' dir='ltr'><strong>aliosque</strong></span> <span class='ocrx_word' id='word_1_182' title='bbox 562 2385 678 2451; x_wconf 91' lang='lat' dir='ltr'><strong>horum</strong></span> <span class='ocrx_word' id='word_1_183' title='bbox 691 2383 808 2449; x_wconf 89' lang='lat' dir='ltr'><strong>similes</strong></span> <span class='ocrx_word' id='word_1_184' title='bbox 822 2383 945 2448; x_wconf 88' lang='lat' dir='ltr'><strong>fructus</strong></span> <span class='ocrx_word' id='word_1_185' title='bbox 957 2384 982 2449; x_wconf 87' lang='lat' dir='ltr'><strong>si</strong></span> <span class='ocrx_word' id='word_1_186' title='bbox 997 2383 1139 2473; x_wconf 87' lang='lat' dir='ltr'><strong>colligat,</strong></span> 
     </span>
     <span class='ocr_line' id='line_1_21' title="bbox 1 2492 1103 2583; baseline 0.001 -25"><span class='ocrx_word' id='word_1_187' title='bbox 1 2559 2 2572; x_wconf 21' lang='lat'>¹</span> <span class='ocrx_word' id='word_1_188' title='bbox 100 2492 289 2581; x_wconf 85' lang='lat' dir='ltr'><strong>dignissime</strong></span> <span class='ocrx_word' id='word_1_189' title='bbox 303 2518 458 2561; x_wconf 86' lang='lat' dir='ltr'><strong>novorum</strong></span> <span class='ocrx_word' id='word_1_190' title='bbox 474 2496 637 2564; x_wconf 87' lang='lat' dir='ltr'><strong>fructuum</strong></span> <span class='ocrx_word' id='word_1_191' title='bbox 654 2495 856 2560; x_wconf 85' lang='lat' dir='ltr'><strong>festivitatem</strong></span> <span class='ocrx_word' id='word_1_192' title='bbox 870 2494 1006 2560; x_wconf 87' lang='lat' dir='ltr'><strong>Domine</strong></span> <span class='ocrx_word' id='word_1_193' title='bbox 1022 2507 1103 2583; x_wconf 88' lang='lat' dir='ltr'><strong>aget.</strong></span> 
     </span>
    </p>
   </div>
   <div class='ocr_carea' id='block_1_8' title="bbox 101 2600 1140 2802">
    <p class='ocr_par' dir='ltr' id='par_1_8' title="bbox 101 2600 1140 2802">
     <span class='ocr_line' id='line_1_22' title="bbox 148 2600 1140 2692; baseline 0.004 -26"><span class='ocrx_word' id='word_1_194' title='bbox 148 2600 209 2666; x_wconf 90' lang='lat' dir='ltr'><strong>lX.</strong></span> <span class='ocrx_word' id='word_1_195' title='bbox 224 2600 314 2668; x_wconf 89' lang='lat' dir='ltr'><strong>Tunc</strong></span> <span class='ocrx_word' id='word_1_196' title='bbox 332 2603 445 2668; x_wconf 89' lang='lat' dir='ltr'><strong>deiude</strong></span> <span class='ocrx_word' id='word_1_197' title='bbox 468 2605 611 2692; x_wconf 85' lang='lat' dir='ltr'><strong>sequitur</strong></span> <span class='ocrx_word' id='word_1_198' title='bbox 633 2605 783 2680; x_wconf 81' lang='lat' dir='ltr'><strong>festivitas</strong></span> <span class='ocrx_word' id='word_1_199' title='bbox 805 2603 1030 2692; x_wconf 80' lang='lat' dir='ltr'><strong>septimorum.</strong></span> <span class='ocrx_word' id='word_1_200' title='bbox 1049 2603 1140 2670; x_wconf 86' lang='lat' dir='ltr'><strong>Sicut</strong></span> 
     </span>
     <span class='ocr_line' id='line_1_23' title="bbox 101 2709 1139 2802; baseline 0.003 -27"><span class='ocrx_word' id='word_1_201' title='bbox 101 2709 192 2776; x_wconf 88' lang='lat' dir='ltr'><strong>enim</strong></span> <span class='ocrx_word' id='word_1_202' title='bbox 215 2711 297 2776; x_wconf 87' lang='lat' dir='ltr'><strong>iuter</strong></span> <span class='ocrx_word' id='word_1_203' title='bbox 318 2712 385 2777; x_wconf 88' lang='lat' dir='ltr'><strong>dies</strong></span> <span class='ocrx_word' id='word_1_204' title='bbox 404 2715 555 2801; x_wconf 86' lang='lat' dir='ltr'><strong>septimus</strong></span> <span class='ocrx_word' id='word_1_205' title='bbox 578 2715 712 2802; x_wconf 85' lang='lat' dir='ltr'><strong>quisque</strong></span> <span class='ocrx_word' id='word_1_206' title='bbox 736 2714 801 2778; x_wconf 89' lang='lat' dir='ltr'><strong>dies</strong></span> <span class='ocrx_word' id='word_1_207' title='bbox 823 2715 1008 2778; x_wconf 84' lang='lat' dir='ltr'><strong>observatur</strong></span> <span class='ocrx_word' id='word_1_208' title='bbox 1029 2713 1139 2779; x_wconf 87' lang='lat' dir='ltr'><strong>sabba-</strong></span> 
     </span>
    </p>
   </div>
   <div class='ocr_carea' id='block_1_9' title="bbox 1 2821 1140 2911">
    <p class='ocr_par' dir='ltr' id='par_1_9' title="bbox 1 2821 1140 2911">
     <span class='ocr_line' id='line_1_24' title="bbox 1 2821 1140 2911; baseline 0.004 -27"><span class='ocrx_word' id='word_1_209' title='bbox 1 2870 2 2874; x_wconf 23' lang='lat'><strong>,</strong></span> <span class='ocrx_word' id='word_1_210' title='bbox 102 2834 190 2896; x_wconf 90' lang='lat' dir='ltr'><strong>tum,</strong></span> <span class='ocrx_word' id='word_1_211' title='bbox 205 2832 239 2887; x_wconf 87' lang='lat' dir='ltr'><strong>et</strong></span> <span class='ocrx_word' id='word_1_212' title='bbox 254 2834 304 2887; x_wconf 89' lang='lat' dir='ltr'><strong>est</strong></span> <span class='ocrx_word' id='word_1_213' title='bbox 318 2821 481 2900; x_wconf 83' lang='lat' dir='ltr'><strong>festivitas,</strong></span> <span class='ocrx_word' id='word_1_214' title='bbox 498 2825 540 2890; x_wconf 87' lang='lat' dir='ltr'><strong>ita</strong></span> <span class='ocrx_word' id='word_1_215' title='bbox 556 2836 588 2890; x_wconf 88' lang='lat' dir='ltr'><strong>et</strong></span> <span class='ocrx_word' id='word_1_216' title='bbox 605 2825 687 2890; x_wconf 89' lang='lat' dir='ltr'><strong>inter</strong></span> <span class='ocrx_word' id='word_1_217' title='bbox 702 2846 826 2889; x_wconf 89' lang='lat' dir='ltr'><strong>menses</strong></span> <span class='ocrx_word' id='word_1_218' title='bbox 841 2824 992 2911; x_wconf 89' lang='lat' dir='ltr'><strong>septimos</strong></span> <span class='ocrx_word' id='word_1_219' title='bbox 1007 2823 1140 2911; x_wconf 87' lang='lat' dir='ltr'><strong>quisque</strong></span> 
     </span>
    </p>
   </div>
   <div class='ocr_carea' id='block_1_10' title="bbox 82 2930 1143 3891">
    <p class='ocr_par' dir='ltr' id='par_1_10' title="bbox 82 2930 1143 3891">
     <span class='ocr_line' id='line_1_25' title="bbox 100 2930 1139 3024; baseline 0 -29"><span class='ocrx_word' id='word_1_220' title='bbox 100 2930 224 2995; x_wconf 89' lang='lat' dir='ltr'><strong>mensis</strong></span> <span class='ocrx_word' id='word_1_221' title='bbox 236 2930 407 2995; x_wconf 84' lang='lat' dir='ltr'><strong>sabbatum</strong></span> <span class='ocrx_word' id='word_1_222' title='bbox 417 2944 465 2996; x_wconf 88' lang='lat' dir='ltr'><strong>est</strong></span> <span class='ocrx_word' id='word_1_223' title='bbox 481 2932 649 3024; x_wconf 81' lang='lat' dir='ltr'><strong>mensium.</strong></span> <span class='ocrx_word' id='word_1_224' title='bbox 665 2932 779 3017; x_wconf 83' lang='lat' dir='ltr'><strong>Agitur</strong></span> <span class='ocrx_word' id='word_1_225' title='bbox 793 2953 871 3019; x_wconf 88' lang='lat' dir='ltr'><strong>ergo</strong></span> <span class='ocrx_word' id='word_1_226' title='bbox 880 2930 913 2994; x_wconf 91' lang='lat' dir='ltr'><strong>in</strong></span> <span class='ocrx_word' id='word_1_227' title='bbox 924 2953 963 2994; x_wconf 90' lang='lat' dir='ltr'><strong>eo</strong></span> <span class='ocrx_word' id='word_1_228' title='bbox 976 2930 1139 3005; x_wconf 81' lang='lat' dir='ltr'><strong>festivitas,</strong></span> 
     </span>
     <span class='ocr_line' id='line_1_26' title="bbox 99 3038 1139 3129; baseline 0 -27"><span class='ocrx_word' id='word_1_229' title='bbox 99 3061 177 3129; x_wconf 78' lang='lat' dir='ltr'><strong>quae</strong></span> <span class='ocrx_word' id='word_1_230' title='bbox 189 3038 306 3104; x_wconf 87' lang='lat' dir='ltr'><strong>dicitur</strong></span> <span class='ocrx_word' id='word_1_231' title='bbox 317 3040 446 3104; x_wconf 85' lang='lat' dir='ltr'><strong>sabbata</strong></span> <span class='ocrx_word' id='word_1_232' title='bbox 462 3041 680 3114; x_wconf 86' lang='lat' dir='ltr'><strong>sabbatorum,</strong></span> <span class='ocrx_word' id='word_1_233' title='bbox 693 3051 726 3102; x_wconf 89' lang='lat' dir='ltr'><strong>et</strong></span> <span class='ocrx_word' id='word_1_234' title='bbox 740 3038 777 3104; x_wconf 88' lang='lat' dir='ltr'><strong>fit</strong></span> <span class='ocrx_word' id='word_1_235' title='bbox 793 3039 824 3102; x_wconf 95' lang='lat' dir='ltr'><strong>in</strong></span> <span class='ocrx_word' id='word_1_236' title='bbox 841 3038 891 3102; x_wconf 88' lang='lat' dir='ltr'><strong>die</strong></span> <span class='ocrx_word' id='word_1_237' title='bbox 906 3039 1006 3127; x_wconf 84' lang='lat' dir='ltr'><strong>prime</strong></span> <span class='ocrx_word' id='word_1_238' title='bbox 1023 3039 1139 3104; x_wconf 89' lang='lat' dir='ltr'><strong>mensis</strong></span> 
     </span>
     <span class='ocr_line' id='line_1_27' title="bbox 98 3146 1141 3240; baseline -0.004 -26"><span class='ocrx_word' id='word_1_239' title='bbox 98 3149 257 3214; x_wconf 88' lang='lat' dir='ltr'><strong>tubarum</strong></span> <span class='ocrx_word' id='word_1_240' title='bbox 274 3147 437 3212; x_wconf 87' lang='lat' dir='ltr'><strong>memoria.</strong></span> <span class='ocrx_word' id='word_1_241' title='bbox 454 3146 518 3212; x_wconf 89' lang='lat' dir='ltr'><strong>Sed</strong></span> <span class='ocrx_word' id='word_1_242' title='bbox 532 3147 603 3234; x_wconf 86' lang='lat' dir='ltr'><strong>quis</strong></span> <span class='ocrx_word' id='word_1_243' title='bbox 618 3159 666 3210; x_wconf 86' lang='lat' dir='ltr'><strong>est</strong></span> <span class='ocrx_word' id='word_1_244' title='bbox 681 3147 734 3240; x_wconf 84' lang='lat' dir='ltr'><strong>qui</strong></span> <span class='ocrx_word' id='word_1_245' title='bbox 751 3147 952 3211; x_wconf 84' lang='lat' dir='ltr'><strong>festivitatem</strong></span> <span class='ocrx_word' id='word_1_246' title='bbox 966 3159 1054 3234; x_wconf 88' lang='lat' dir='ltr'><strong>gerat</strong></span> <span class='ocrx_word' id='word_1_247' title='bbox 1072 3169 1141 3212; x_wconf 90' lang='lat' dir='ltr'><strong>me-</strong></span> 
     </span>
     <span class='ocr_line' id='line_1_28' title="bbox 98 3253 1141 3343; baseline -0.003 -22"><span class='ocrx_word' id='word_1_248' title='bbox 98 3257 215 3322; x_wconf 80' lang='lat' dir='ltr'><strong>moriae</strong></span> <span class='ocrx_word' id='word_1_249' title='bbox 237 3257 402 3330; x_wconf 87' lang='lat' dir='ltr'><strong>tubarum,</strong></span> <span class='ocrx_word' id='word_1_250' title='bbox 420 3255 479 3320; x_wconf 88' lang='lat' dir='ltr'><strong>nisi</strong></span> <span class='ocrx_word' id='word_1_251' title='bbox 498 3258 552 3342; x_wconf 85' lang='lat' dir='ltr'><strong>qui</strong></span> <span class='ocrx_word' id='word_1_252' title='bbox 575 3266 679 3343; x_wconf 90' lang='lat' dir='ltr'><strong>potest</strong></span> <span class='ocrx_word' id='word_1_253' title='bbox 700 3255 871 3342; x_wconf 89' lang='lat' dir='ltr'><strong>scripturas</strong></span> <span class='ocrx_word' id='word_1_254' title='bbox 890 3253 1093 3342; x_wconf 85' lang='lat' dir='ltr'><strong>Propheticas</strong></span> <span class='ocrx_word' id='word_1_255' title='bbox 1108 3267 1141 3320; x_wconf 89' lang='lat' dir='ltr'><strong>et</strong></span> 
     </span>
     <span class='ocr_line' id='line_1_29' title="bbox 98 3362 1141 3452; baseline -0.002 -22"><span class='ocrx_word' id='word_1_256' title='bbox 98 3362 325 3451; x_wconf 80' lang='lat' dir='ltr'><strong>Evangelicas,</strong></span> <span class='ocrx_word' id='word_1_257' title='bbox 344 3387 414 3452; x_wconf 78' lang='lat' dir='ltr'><strong>quae</strong></span> <span class='ocrx_word' id='word_1_258' title='bbox 435 3362 529 3430; x_wconf 87' lang='lat' dir='ltr'><strong>veluti</strong></span> <span class='ocrx_word' id='word_1_259' title='bbox 546 3363 682 3429; x_wconf 89' lang='lat' dir='ltr'><strong>coelestis</strong></span> <span class='ocrx_word' id='word_1_260' title='bbox 698 3362 843 3449; x_wconf 80' lang='lat' dir='ltr'><strong>quaedam</strong></span> <span class='ocrx_word' id='word_1_261' title='bbox 858 3375 1029 3452; x_wconf 88' lang='lat' dir='ltr'><strong>personant</strong></span> <span class='ocrx_word' id='word_1_262' title='bbox 1050 3365 1141 3440; x_wconf 89' lang='lat' dir='ltr'><strong>tuba,</strong></span> 
     </span>
     <span class='ocr_line' id='line_1_30' title="bbox 98 3471 1142 3548; baseline -0.001 -10"><span class='ocrx_word' id='word_1_263' title='bbox 98 3471 261 3538; x_wconf 84' lang='lat' dir='ltr'><strong>mandare</strong></span> <span class='ocrx_word' id='word_1_264' title='bbox 281 3473 455 3548; x_wconf 70' lang='lat' dir='ltr'><strong>memoriae,</strong></span> <span class='ocrx_word' id='word_1_265' title='bbox 474 3484 506 3537; x_wconf 92' lang='lat' dir='ltr'><strong>et</strong></span> <span class='ocrx_word' id='word_1_266' title='bbox 529 3473 609 3538; x_wconf 88' lang='lat' dir='ltr'><strong>intra</strong></span> <span class='ocrx_word' id='word_1_267' title='bbox 633 3471 818 3536; x_wconf 86' lang='lat' dir='ltr'><strong>thesaurum</strong></span> <span class='ocrx_word' id='word_1_268' title='bbox 840 3471 943 3536; x_wconf 89' lang='lat' dir='ltr'><strong>cordis</strong></span> <span class='ocrx_word' id='word_1_269' title='bbox 963 3471 1010 3536; x_wconf 93' lang='lat' dir='ltr'><strong>sui</strong></span> <span class='ocrx_word' id='word_1_270' title='bbox 1027 3493 1142 3538; x_wconf 88' lang='lat' dir='ltr'><strong>recca·</strong></span> 
     </span>
     <span class='ocr_line' id='line_1_31' title="bbox 95 3577 1142 3670; baseline 0 -25"><span class='ocrx_word' id='word_1_271' title='bbox 95 3579 208 3646; x_wconf 76' lang='lat' dir='ltr'><strong>clere?</strong></span> <span class='ocrx_word' id='word_1_272' title='bbox 222 3581 285 3660; x_wconf 90' lang='lat' dir='ltr'><strong>Qui</strong></span> <span class='ocrx_word' id='word_1_273' title='bbox 302 3606 378 3670; x_wconf 84' lang='lat' dir='ltr'><strong>ergo</strong></span> <span class='ocrx_word' id='word_1_274' title='bbox 392 3582 462 3648; x_wconf 83' lang='lat' dir='ltr'><strong>haec</strong></span> <span class='ocrx_word' id='word_1_275' title='bbox 485 3581 574 3656; x_wconf 92' lang='lat' dir='ltr'><strong>facit,</strong></span> <span class='ocrx_word' id='word_1_276' title='bbox 587 3593 619 3646; x_wconf 89' lang='lat' dir='ltr'><strong>et</strong></span> <span class='ocrx_word' id='word_1_277' title='bbox 642 3581 674 3646; x_wconf 88' lang='lat' dir='ltr'><strong>in</strong></span> <span class='ocrx_word' id='word_1_278' title='bbox 695 3577 763 3668; x_wconf 86' lang='lat' dir='ltr'><strong>lege</strong></span> <span class='ocrx_word' id='word_1_279' title='bbox 778 3580 836 3644; x_wconf 88' lang='lat' dir='ltr'><strong>Dei</strong></span> <span class='ocrx_word' id='word_1_280' title='bbox 852 3579 1024 3644; x_wconf 88' lang='lat' dir='ltr'><strong>meditatur</strong></span> <span class='ocrx_word' id='word_1_281' title='bbox 1038 3579 1088 3644; x_wconf 88' lang='lat' dir='ltr'><strong>dio</strong></span> <span class='ocrx_word' id='word_1_282' title='bbox 1104 3603 1142 3645; x_wconf 83' lang='lat' dir='ltr'><strong>ac</strong></span> 
     </span>
     <span class='ocr_line' id='line_1_32' title="bbox 86 3678 1142 3777; baseline -0.008 -17"><span class='ocrx_word' id='word_1_283' title='bbox 86 3702 213 3768; x_wconf 87' lang='lat' dir='ltr'><strong>noete,</strong></span> <span class='ocrx_word' id='word_1_284' title='bbox 226 3678 293 3756; x_wconf 52' lang='lat' dir='ltr'><strong>&#39;iste</strong></span> <span class='ocrx_word' id='word_1_285' title='bbox 315 3689 519 3756; x_wconf 85' lang='lat' dir='ltr'><strong>festivitatem</strong></span> <span class='ocrx_word' id='word_1_286' title='bbox 534 3690 615 3777; x_wconf 90' lang='lat' dir='ltr'><strong>gerit</strong></span> <span class='ocrx_word' id='word_1_287' title='bbox 631 3689 793 3754; x_wconf 78' lang='lat' dir='ltr'><strong>memoriae</strong></span> <span class='ocrx_word' id='word_1_288' title='bbox 808 3689 969 3754; x_wconf 90' lang='lat' dir='ltr'><strong>tubarum.</strong></span> <span class='ocrx_word' id='word_1_289' title='bbox 989 3687 1052 3752; x_wconf 82' lang='lat' dir='ltr'><strong>Sed</strong></span> <span class='ocrx_word' id='word_1_290' title='bbox 1066 3699 1098 3754; x_wconf 93' lang='lat' dir='ltr'><strong>et</strong></span> <span class='ocrx_word' id='word_1_291' title='bbox 1116 3689 1142 3752; x_wconf 86' lang='lat' dir='ltr'><strong>si</strong></span> 
     </span>
     <span class='ocr_line' id='line_1_33' title="bbox 82 3795 1143 3891; baseline -0.006 -25"><span class='ocrx_word' id='word_1_292' title='bbox 82 3802 172 3891; x_wconf 90' lang='lat' dir='ltr'><strong>quis</strong></span> <span class='ocrx_word' id='word_1_293' title='bbox 195 3811 303 3889; x_wconf 88' lang='lat' dir='ltr'><strong>potest</strong></span> <span class='ocrx_word' id='word_1_294' title='bbox 326 3801 442 3890; x_wconf 76' lang='lat' dir='ltr'><strong>gratias</strong></span> <span class='ocrx_word' id='word_1_295' title='bbox 461 3797 530 3866; x_wconf 86' lang='lat' dir='ltr'><strong>illas</strong></span> <span class='ocrx_word' id='word_1_296' title='bbox 552 3799 653 3865; x_wconf 88' lang='lat' dir='ltr'><strong>sancti</strong></span> <span class='ocrx_word' id='word_1_297' title='bbox 674 3797 810 3887; x_wconf 88' lang='lat' dir='ltr'><strong>Spiritus</strong></span> <span class='ocrx_word' id='word_1_298' title='bbox 830 3797 1003 3886; x_wconf 88' lang='lat' dir='ltr'><strong>promereri</strong></span> <span class='ocrx_word' id='word_1_299' title='bbox 1026 3795 1143 3881; x_wconf 88' lang='lat' dir='ltr'><strong>quihus</strong></span> 
     </span>
    </p>
   </div>
   <div class='ocr_carea' id='block_1_11' title="bbox 129 3923 835 3989">
    <p class='ocr_par' dir='ltr' id='par_1_11' title="bbox 129 3923 835 3989">
     <span class='ocr_line' id='line_1_34' title="bbox 129 3923 835 3989; baseline -0.004 -12"><span class='ocrx_word' id='word_1_300' title='bbox 129 3927 143 3961; x_wconf 83' lang='lat'>¹</span> <span class='ocrx_word' id='word_1_301' title='bbox 155 3926 242 3977; x_wconf 76' lang='lat' dir='ltr'><strong>Galat.</strong></span> <span class='ocrx_word' id='word_1_302' title='bbox 256 3923 644 3989; x_wconf 70' lang='lat' dir='ltr'><strong>v=,e.-²Jersm.1v,a.-¹</strong></span> <span class='ocrx_word' id='word_1_303' title='bbox 658 3925 743 3976; x_wconf 81' lang='lat' dir='ltr'><strong>Galat.</strong></span> <span class='ocrx_word' id='word_1_304' title='bbox 758 3941 782 3985; x_wconf 88' lang='lat' dir='ltr'><strong>v,</strong></span> <span class='ocrx_word' id='word_1_305' title='bbox 795 3941 835 3974; x_wconf 79' lang='lat' dir='ltr'><strong>aa.</strong></span> 
     </span>
    </p>
   </div>
   <div class='ocr_carea' id='block_1_12' title="bbox 0 0 1376 4600">
    <p class='ocr_par' dir='ltr' id='par_1_12' title="bbox 0 0 1376 4600">
     <span class='ocr_line' id='line_1_35' title="bbox 0 0 1376 4600; baseline 0 1"><span class='ocrx_word' id='word_1_306' title='bbox 0 0 1376 4600; x_wconf 95' lang='lat' dir='ltr'><strong> </strong></span> 
     </span>
    </p>
   </div>
  </div>
 </body>
</html>
