2682 4594
239 241 302 306 aab
687 263 829 309 enisurus

233 393 312 457 turis
333 393 514 457 continetur
533 403 658 478 aptare:
675 390 734 456 iste
755 413 827 455 vero
844 391 929 457 dives
952 403 1001 458 cst
1018 394 1050 458 in
1069 392 1156 459 omni
1172 396 1254 462 verbo

229 513 266 564 ct
278 502 310 565 in
325 501 413 566 omni
430 519 525 587 opere
540 501 636 564 bono.
648 499 689 562 Et
704 497 778 562 istas
793 511 871 586 puto
886 522 954 564 esse
970 500 1092 566 divitias
1104 501 1254 589 dequibus

234 610 350 674 dicitur
368 632 375 672 :
394 607 601 694 «Redemptio
618 606 729 671 animae
746 605 802 670 viri
819 608 954 695 propriae
976 608 1091 673 divitiae
1106 610 1183 696 ejus.
1203 610 1254 676 tte
1333 667 1334 678 ,

231 716 313 781 »iius
328 737 405 804 ergo
427 712 587 780 modicum
603 713 688 800 justo
704 735 798 800 super
814 712 936 779 divitias
958 727 1164 803 peccatorum
1183 716 1252 783 mui-

223 823 365 889 atach»
767 812 772 826 ⁸

270 929 340 997 Vll.
353 958 365 990 ι
378 929 672 1012 Quoniambrachia
681 942 886 1018 peccatorum
901 931 1139 998 conterentur².
1153 935 1252 1014 »Quo-

188 1083 192 1089 ·
223 1039 322 1106 modo
334 1051 437 1128 potest
459 1039 519 1104 hoc
534 1039 709 1104 secundum
729 1035 867 1104 litteram
882 1050 983 1115 stare,
996 1040 1093 1106 etiam
1111 1042 1136 1105 si
1155 1040 1251 1129 aliquis

226 1149 289 1213 rim
306 1148 409 1214 facere
425 1157 560 1212 conetur
579 1169 637 1234 per
653 1145 867 1234 imperitiam?
885 1148 968 1213 Sunt
989 1145 1087 1214 multa
1108 1149 1141 1214 in
1157 1150 1251 1237 Scrip-

225 1257 302 1321 turis
316 1257 358 1322 ita
381 1256 504 1344 posita,
523 1277 592 1342 quae
614 1254 709 1319 etiam
735 1276 809 1318 eum
828 1255 882 1340 qui
906 1253 996 1320 valde
1022 1257 1136 1320 brutus
1157 1270 1203 1322 cst
1226 1269 1252 1322 ct
1333 1281 1334 1348 J

224 1366 347 1440 stertit,
378 1385 506 1428 movere
525 1373 680 1451 possunt,
706 1363 772 1426 imo
793 1385 908 1450 cogere
938 1374 974 1427 ut
998 1386 1127 1429 neccsse
1150 1364 1251 1432 habeat
1332 1349 1334 1420 i

215 1474 327 1538 ‘littera
350 1471 499 1536 derelicta
520 1455 569 1535 ¹ad
597 1468 795 1534 intellectum
824 1469 1038 1534 conscendere
1064 1471 1248 1560 spiritalem:
1333 1463 1334 1526 Ϊ

224 1585 304 1646 sicut
320 1593 351 1645 et
363 1603 450 1646 narnc
465 1579 585 1644 iaciunt
612 1577 741 1643 brachia
757 1576 813 1642 ista
826 1579 1016 1666 peccatoris,
1030 1581 1147 1666 quibus
1162 1582 1250 1647 immi·
1333 1639 1334 1671 3

224 1711 298 1753 nere
314 1687 538 1753 contritionem
560 1683 782 1749 comminatur.
802 1685 866 1750 Sed
884 1686 966 1750 etin
986 1685 1046 1751 aiio
1068 1686 1142 1754 loco
1165 1690 1248 1754 dicit:
1333 1705 1334 1744 t

222 1796 383 1858 »Contere
407 1789 570 1856 brachium
593 1791 767 1878 peccatoris
789 1802 822 1875 et
840 1791 1000 1880 maligni’.
1026 1795 1141 1875 »Quid
1165 1797 1251 1885 ergo?

222 1900 389 1968 brachium
404 1899 489 1963 istud
499 1919 688 1985 corporeum
703 1899 878 1986 peccatoris
893 1911 925 1962 et
938 1900 1067 1989 maligni
1080 1904 1251 1990 putabimus

225 2005 479 2074 conterendum?
496 2007 564 2072 Non
581 2003 671 2070 facile
690 2005 750 2070 hoc
767 2005 909 2071 accidere
931 2007 1083 2074 videmus.
1099 2011 1159 2076 Sed
1173 2011 1197 2074 si
1210 2013 1252 2076 in-

225 2130 373 2180 tueamur
384 2113 544 2200 quomodo
559 2136 634 2177 cum
645 2110 718 2176 elati
735 2112 852 2177 suerint
867 2114 899 2179 in
915 2117 1097 2204 superbiam
1110 2129 1247 2205 peccato·

223 2247 273 2288 res
283 2273 291 2298 ,
303 2233 335 2286 et
351 2245 442 2287 arcus
458 2245 531 2284 suos
547 2221 745 2308 paraverint,
761 2231 793 2284 ct
808 2222 935 2309 sagittas
950 2222 1019 2290 ilias
1034 2249 1124 2300 suas,
1137 2226 1173 2291 de
1185 2228 1254 2314 qui·

223 2333 283 2398 bus
303 2330 445 2418 superius
468 2328 619 2403 diximus,
643 2327 836 2392 tetenderint
858 2329 1006 2396 adversus
1030 2334 1130 2419 justos
1156 2357 1165 2398 ε
1188 2357 1257 2400 cun

186 2519 192 2528 ἢ
224 2440 292 2505 haec
307 2438 410 2502 omnis
425 2459 535 2501 eorum
552 2436 686 2500 intentio
701 2435 828 2500 Domini
843 2436 937 2502 suerit
954 2439 1068 2506 virtute
1083 2440 1258 2514 destructa,

224 2548 268 2613 sic
284 2546 397 2612 merito
417 2545 534 2608 dicitur
549 2544 714 2609 brachium
731 2545 906 2630 peccatoris
921 2569 989 2612 esse
1005 2548 1193 2615 contritum.
1208 2549 1258 2616 ta
1331 2539 1332 2615 i

222 2655 319 2721 modo
335 2654 485 2741 quoniam
501 2673 612 2716 manus
627 2661 659 2714 ct
678 2651 844 2716 brachium
864 2655 967 2740 operis
982 2667 1030 2719 cst
1044 2657 1215 2724 indicium.
1234 2659 1262 2724 Si
1330 2619 1332 2728 i

224 2785 300 2849 ergo
315 2759 420 2823 videas
438 2767 641 2844 peccatorem
665 2753 703 2820 ad
721 2778 800 2842 opus
819 2757 958 2834 bonum,
977 2759 1017 2823 ad
1039 2784 1120 2848 opus
1143 2761 1262 2828 miseri·
1330 2799 1331 2847 3

225 2865 342 2931 cordiae
358 2885 422 2927 non
438 2862 662 2926 extendentem
675 2883 806 2925 manum
819 2883 926 2936 suam,
940 2865 1114 2930 absurdum
1127 2891 1196 2933 non
1212 2867 1265 2933 erit
1329 2849 1331 2983 J

227 2969 333 3034 dicere
353 2964 519 3030 brachium
532 2964 601 3050 ejus
615 2985 684 3027 esse
699 2963 882 3028 contritum.
903 2966 964 3032 Sed
981 2966 1171 3055 hujusmodi
1194 2995 1264 3037 con-
1329 2985 1330 3026 t

226 3077 388 3142 tritionem
407 3097 472 3138 non
494 3072 610 3146 aueo,
631 3071 723 3135 seda
747 3069 873 3136 diabolo
896 3071 964 3136 ticri
985 3075 1189 3144 credendum
1211 3091 1262 3144 cst
1327 3037 1330 3124 i

229 3188 299 3274 lpse
314 3196 361 3250 est
376 3183 461 3246 enim
480 3181 532 3268 qui
553 3179 688 3244 conterit
706 3191 738 3242 et
757 3181 944 3268 constringit
965 3183 1094 3250 brachia
1118 3199 1268 3274 peccato-
1329 3169 1330 3210 ³

231 3317 320 3368 rum,
337 3315 377 3358 nc
394 3291 433 3356 ad
450 3287 699 3354 miscricordiam
716 3287 936 3352 extendantur.
956 3289 1007 3354 Fit
1027 3313 1105 3379 ergo
1124 3295 1269 3379 quaedam

232 3401 381 3470 contritio
396 3408 601 3486 peccatorum
617 3419 635 3460 a
649 3395 737 3469 Deo,
754 3417 829 3458 cum
846 3396 1027 3462 insidiantes
1041 3421 1097 3463 eos
1112 3401 1204 3488 justo
1219 3403 1271 3466 de

233 3511 326 3579 struit
340 3521 372 3573 ct
388 3509 524 3572 deterret
543 3529 550 3569 :
568 3504 714 3592 quaedam
730 3526 803 3568 vero
819 3528 836 3570 a
852 3504 998 3583 diabolo,
1014 3529 1090 3572 curn
1108 3512 1188 3576 honi
1204 3533 1275 3598 ope

233 3622 275 3686 ris
297 3616 400 3682 studia
414 3612 501 3680 velut
521 3612 629 3678 sinetis
646 3621 678 3675 et
697 3609 839 3675 contritis
858 3611 1034 3679 infidelium
1054 3617 1200 3683 brachiis
1216 3619 1277 3683 im·
1327 3657 1328 3670 κ

234 3728 331 3820 pedit.
351 3725 391 3790 Et
405 3733 453 3787 est
468 3719 526 3786 alia
542 3719 706 3794 contritio,
723 3739 793 3806 quae
808 3741 825 3783 a
840 3719 908 3784 Deo
924 3721 1051 3807 quidem
1069 3726 1278 3798 conceditur,

271 3865 279 3900 ¹
291 3867 365 3920 Prov.
377 3879 443 3924 2111,
455 3860 479 3912 8.
490 3886 521 3900 -·
532 3855 544 3890 ²
556 3859 642 3911 tualm.
654 3875 746 3920 xxxvi,
762 3872 802 3924 17.
813 3884 846 3896 ·-
857 3851 954 3922 ⁸1a.x,
970 3857 1000 3908 15
