2734 4594
145 263 147 269 ’
228 236 289 312 140
674 249 816 292 onrnurtts

226 389 303 442 snut
318 375 422 441 omnin
433 373 456 438 ¹.
476 373 551 438 »Sic
563 385 704 459 'numque
718 383 752 435 et
764 391 938 460 precessor
951 373 1022 459 ojus
1037 371 1153 437 feceret
1167 371 1241 436 lesus

227 485 331 558 Neve,
348 479 612 573 eumprinoipem
627 476 747 542 militiae
762 476 898 544 eoelestis
916 477 1042 543 vidisset
1058 501 1067 542 ε
1084 477 1205 564 inquirit
1216 491 1242 541 et

184 668 185 672 Ἰ
227 586 373 660 discutit,
387 583 412 648 si
427 594 535 648 noster
548 583 605 656 sit,
622 603 662 647 en
677 579 958 647 adversariorum².
975 582 1044 646 Hoc
1054 579 1151 646 modo
1163 581 1242 646 etium

227 691 441 758 sanctissimus
457 690 587 755 Gedeon
607 688 735 754 discutit
752 686 927 776 angelicam
945 687 1116 762 visionem,
1137 687 1245 752 diversi·

228 809 292 863 tute
307 807 340 860 et
353 796 574 862 immutatione
589 785 761 883 signoium.
867 815 868 820 ¹

271 901 311 970 V.
329 903 393 969 Sed
407 913 440 968 et
454 900 532 967 illud
547 901 634 989 quod
646 903 689 966 ait
704 901 853 976 Gedeon,
869 923 987 990 ponam
999 899 1097 967 vellus
1114 923 1176 966 non
1189 902 1247 966 ubi·
1353 943 1354 956 ι

228 995 385 1098 cumque,
399 1033 463 1076 non
476 1011 508 1076 in
523 1033 638 1097 campo
648 1059 659 1084 ,
670 1031 774 1096 neque
785 1010 818 1074 in
833 1009 932 1084 saltu,
947 1011 1003 1074 sed
1018 1010 1050 1074 in
1068 1033 1158 1086 ures,
1170 1009 1249 1098 qntle

228 1119 285 1183 tibi
298 1116 443 1183 videtur?
454 1118 490 1182 ln
503 1139 574 1182 eres
587 1117 642 1182 uli
655 1117 823 1184 mersisset
836 1139 845 1180 :
856 1143 869 1177 r
880 1116 988 1181 Messis
1000 1116 1129 1204 quidem
1142 1116 1247 1194 multu,

230 1225 386 1314 »operarii
408 1236 513 1288 eutem
534 1223 657 1310 puuci³.
677 1223 816 1298 Ponam,
833 1223 947 1309 inquil,
968 1222 1066 1288 vellus
1085 1226 1141 1289 ubi
1156 1225 1251 1289 messis
1353 1235 1354 1276 t

228 1331 330 1397 seul.
348 1330 777 1410 »Quidmoveretsanctum
795 1331 896 1394 virum
912 1329 1060 1405 Gedeon,
1076 1329 1126 1396 vel
1143 1332 1252 1418 quidsi

229 1439 329 1504 visum
341 1439 444 1501 frunt
455 1448 490 1501 ut
502 1437 565 1501 hoc
575 1433 717 1501 fuceret?
728 1435 924 1502 Praevidebet
934 1436 1019 1500 enim
1030 1439 1252 1525 perspiritum,

230 1544 302 1630 quin
319 1540 464 1606 Christus
477 1540 511 1604 in
531 1559 635 1626 ereum
655 1560 744 1602 suem
759 1537 911 1626 populum
930 1561 1023 1603 suum
1044 1555 1212 1629 congreget
1227 1555 1255 1605 et

108 1723 111 1733 Ι
230 1651 273 1714 ibi
286 1671 363 1714 eum
381 1655 551 1734 expurget,
566 1657 679 1709 teneus
697 1643 905 1711 ventilabrum
922 1646 954 1710 in
970 1667 1066 1711 manu
1083 1671 1159 1722 sus,
1174 1649 1255 1713 otili

229 1754 332 1844 peleos
347 1765 471 1840 sepum
488 1749 711 1817 assumento⁶.
728 1751 796 1817 Non
808 1772 884 1840 erpo
900 1753 966 1818 sine
984 1775 1078 1820 camo
1094 1754 1142 1819 vir
1159 1767 1255 1822 tentus

230 1873 262 1925 et
273 1859 360 1934 tulis,
374 1860 466 1946 cujus
479 1869 513 1922 et
528 1869 654 1923 sanctus
665 1857 834 1944 Apostolus
850 1859 889 1924 ed
899 1860 1049 1925 Hebraeos
1063 1862 1203 1927 scribens
1214 1863 1258 1926 iu-

227 1969 271 2032 cit
289 1968 321 2032 in
337 1967 568 2054 Prophetarum
584 1964 726 2054 catologo
741 1951 956 2042 mentionem,
972 1991 1078 2060 ereum
1095 1968 1203 2058 elegit,
1217 1971 1254 2034 ad

227 2073 325 2140 vellus
346 2072 551 2161 ponendum⁶
572 2096 580 2137 t
596 2096 657 2138 nec
672 2075 739 2138 sine
754 2096 850 2139 ceusu
865 2074 1017 2162 expressit
1031 2074 1130 2141 vellus
1145 2079 1173 2141 in
1187 2075 1251 2164 pel-

227 2181 309 2257 vim,
322 2181 449 2268 quando
459 2192 493 2246 et
504 2178 637 2268 repleuit
651 2203 722 2246 eam
734 2203 826 2267 aquo.
839 2181 1050 2268 dequiramus
1064 2196 1098 2248 et
1109 2183 1148 2248 de
1158 2183 1257 2248 hucin

229 2289 400 2376 Scripturis
421 2288 555 2361 sanetis,
572 2288 597 2352 si
619 2309 690 2374 quae
710 2287 802 2353 nohis
820 2287 917 2352 etium
935 2287 1031 2377 hujus
1050 2287 1261 2378 intelligentie

228 2405 395 2481 praestatur
424 2394 559 2459 oecusio.
588 2392 760 2459 Veniemus
780 2394 821 2458 sd
844 2393 1060 2482 Evmgelium.
1088 2395 1265 2462 invenimus
1353 2479 1354 2484 η

229 2502 272 2567 ibi
289 2502 461 2566 Dominum
474 2511 506 2565 et
521 2499 718 2566 salvotorem
732 2513 877 2566 nostrum
894 2513 1064 2567 exuentem
1082 2503 1267 2568 vestimento

229 2632 303 2682 suu,
317 2619 352 2672 et
367 2607 463 2672 linteo
480 2607 685 2695 praeeinctum
698 2607 823 2672 mittere
838 2631 953 2696 equum
965 2608 997 2672 in
1012 2606 1150 2697 pelvim,
1166 2607 1272 2675 lasere

229 2716 325 2802 pedes
337 2712 564 2801 discipulorum
576 2735 705 2778 tuorum
717 2711 740 2776 ⁷.
750 2714 845 2779 Vides
852 2738 927 2803 ergo
939 2716 1011 2802 quis
1022 2715 1092 2781 hee
1103 2716 1272 2782 udumhrrr

208 2823 308 2886 ·bont
329 2821 514 2908 Prophetae,
538 2843 608 2906 quse
631 2831 721 2886 erent
741 2820 775 2884 iu
797 2822 973 2916 novissimis
995 2825 1197 2911 temporibus
1218 2824 1276 2889 im-

231 2926 345 3016 plenda
360 2949 417 3016 per
433 2927 616 2993 Dominum.
635 2923 692 2991 lllo
710 2947 786 3014 ergo
802 2949 882 3013 aqua
898 2951 994 3014 quum
1013 2929 1162 2994 mittebat
1180 2930 1277 2995 Jesus

231 3038 264 3101 in
279 3036 394 3123 pelvim
409 3059 460 3100 ros
472 3046 541 3101 erut
554 3033 662 3122 grutiae
673 3033 808 3099 cmlestis
821 3058 862 3099 ex
875 3059 941 3123 quo
956 3034 1079 3103 luvslsui
1090 3037 1190 3124 pedes
1201 3039 1279 3103 Dis-

233 3141 410 3230 cipulorum
428 3166 569 3207 suorum.
588 3141 679 3206 Unde
698 3153 731 3205 et
746 3141 860 3206 merito
872 3142 1000 3208 dicebat
1014 3145 1055 3210 od
1077 3167 1159 3209 ees:
1180 3173 1195 3206 r
1212 3145 1283 3211 Vos
1353 3229 1354 3232 Ἴ

234 3261 364 3315 »sutem
379 3247 489 3314 mundi
505 3250 579 3314 estis
598 3258 728 3335 propter
742 3248 875 3313 verbum
895 3250 981 3336 quod
996 3248 1122 3316 locutus
1137 3273 1217 3316 sum
1240 3251 1283 3316 ud

236 3355 343 3421 »vos⁸.
362 3385 374 3418 r
395 3357 457 3422 Sed
477 3356 539 3422 hoc
558 3379 616 3420 nos
636 3355 732 3420 modo
753 3354 778 3419 si
801 3357 997 3443 praelteumus
1013 3359 1109 3446 pedes
1126 3371 1285 3433 nostros,

186 3551 193 3558 ⁸
234 3476 360 3551 perotus
378 3475 425 3528 est
439 3462 594 3527 Dominus
613 3460 705 3526 lesus
723 3459 828 3527 levore
844 3463 941 3550 pedes
958 3464 1071 3530 onimae
1084 3478 1229 3540 nostra,
1251 3477 1289 3530 et

235 3593 369 3659 purgare
380 3592 433 3634 eos
448 3592 520 3634 rore
535 3567 670 3634 coelestis
685 3568 791 3656 gratio
802 3569 937 3657 Spiritus
952 3572 1071 3647 suncti,
1084 3574 1188 3638 verbo
1202 3573 1292 3638 doc-

272 3729 373 3780 ¹1Cor
393 3746 426 3787 ιι,
440 3724 477 3776 15.
493 3755 514 3762 --
531 3725 923 3792 ²J‹›.÷.v,13.-³Marrh.u‚
939 3728 1170 3794 37,—⁴Jud.r1,
1193 3731 1244 3793 37.
1264 3760 1294 3770 ⁴-

237 3821 350 3868 ΒΜιιιιι.
365 3834 404 3866 ιιι.
417 3811 543 3862 -llielu
556 3831 639 3864 ιι.,-
657 3812 748 3866 ⁷Joun.
762 3833 820 3864 xrrr.
837 3845 852 3854 —
874 3815 926 3868 ⁸111
945 3837 986 3880 ιιι,
1006 3817 1030 3868 3.
