2744 4624
244 273 286 338 ott
588 293 609 314 ³
692 291 844 348 ostensus

243 442 256 475 s
273 424 404 488 terram,
420 423 536 500 praeter
556 389 773 477 illamt'amem
793 411 1020 500 prioremquae
1035 409 1116 477 sacta
1131 421 1179 474 est
1194 419 1276 474 tcm-

241 551 254 584 ι
268 523 400 612 poribus
415 522 551 589 Abrahae
561 522 582 587 ¹.
598 550 611 583 ι
626 524 788 588 lntantum
804 535 912 588 autem
931 544 996 587 nou
1015 533 1118 611 potest
1133 523 1276 588 obtinere

240 633 339 698 sames
351 633 451 707 Isaac,
465 645 500 696 ut
512 633 597 698 dicat
609 632 651 697 sd
661 655 735 697 eum
747 631 902 704 Dominus
914 656 922 698 :
934 630 951 693 ι’
959 631 1029 699 Noli
1043 631 1235 698 descendere
1245 632 1275 694 in

241 741 453 830 »AEgyptum
477 741 533 806 sed
556 740 664 805 habita
684 739 718 805 in
739 752 823 806 terra
848 763 1085 828 quamcumque
1105 741 1276 806 ostendero

240 877 253 910 s
269 849 343 921 tibi;
358 860 391 912 et
405 849 437 913 in
448 871 485 912 ea
497 848 617 923 babitu,
630 859 663 912 et
674 871 732 936 ego
743 872 799 913 ero
809 848 942 915 tecum².
956 848 1164 916 »Secundum
1174 849 1274 924 hanc,

205 957 209 970 '
232 969 276 1042 ¹ut
287 957 436 1032 arbitror,
450 957 681 1022 observantium
695 954 786 1044 longe
800 968 872 1045 post
884 959 941 1022 ista
955 969 1098 1045 tempora
1113 957 1272 1046 Propheta
1307 1009 1308 1013 ,

242 1063 386 1130 dicebat:
399 1065 550 1130 rJuvcnis
565 1064 623 1138 ini,
639 1064 757 1128 etenim
766 1066 871 1139 senui,
883 1078 915 1130 et
930 1088 994 1131 non
1008 1065 1069 1130 vidi
1086 1067 1207 1152 justum
1219 1067 1273 1133 de·

239 1201 252 1234 s
267 1173 492 1248 relictum,nec
502 1173 687 1261 semenejus
696 1195 839 1261 quaereus
848 1174 993 1263 panem⁸.
1004 1204 1017 1236 ι
1027 1175 1147 1241 Etalibi
1159 1200 1169 1241 ε
1182 1179 1274 1244 «Non

239 1313 252 1343 r
269 1285 394 1350 occidet
409 1284 563 1349 Dominus
579 1284 662 1349 same
676 1283 815 1348 unimam
829 1284 904 1371 justi
915 1283 935 1348 ⁴.
951 1313 964 1345 r
980 1286 1026 1349 Ex
1041 1286 1154 1371 quibus
1170 1291 1273 1354 omni·

236 1396 296 1461 bus
312 1393 493 1460 declaratur
507 1407 624 1463 terram
641 1393 771 1481 quidem
784 1416 876 1482 posse
887 1395 952 1482 pati
964 1393 1093 1470 samem,
1105 1408 1138 1459 et
1149 1419 1205 1462 eos
1217 1401 1270 1485 qui

234 1517 360 1571 terrena
377 1506 514 1594 sapiunt.
536 1505 685 1583 Quorum
705 1507 813 1569 'autem
834 1505 893 1568 iste
913 1504 1004 1569 cibus
1027 1516 1075 1569 est
1097 1517 1133 1571 ut
1156 1505 1270 1573 iaciant

235 1614 432 1678 voluntatem
445 1611 545 1678 Patris
560 1613 615 1699 qui
635 1612 669 1676 in
683 1609 771 1675 coelis
785 1621 845 1685 est,
866 1622 898 1676 et
913 1635 1050 1699 quorum
1066 1615 1202 1680 animam
1216 1639 1270 1704 pa·

233 1724 281 1788 nis
294 1722 345 1788 ille
360 1721 415 1787 alit
429 1723 483 1809 qui
499 1721 538 1786 de
561 1719 643 1787 ceto
659 1720 836 1796 descendit,
853 1743 1017 1808 nunquam
1032 1737 1163 1810 possunt
1176 1724 1262 1788 samis

232 1833 335 1897 inedia
351 1830 504 1896 laborare.
525 1829 649 1895 Idcirco
663 1851 740 1916 crgo
759 1831 965 1894 observantor
982 1829 1145 1920 Scriptura
1162 1832 1257 1897 divina

232 1964 297 2006 non
319 1939 396 2004 dicit
417 1914 575 2029 cos'lirmc
593 1938 744 2014 obtineri,
769 1939 883 2024 quibus
904 1938 992 2003 novit
1013 1963 1080 2004 csso
1104 1939 1263 2005 scientiam

231 2050 303 2126 Dei,
326 2063 358 2114 et
374 2049 486 2114 'cibum
502 2047 647 2114 coelestis.
658 2049 792 2135 praeberi
808 2047 980 2134 sapientise.
1000 2049 1111 2113 Sedet
1126 2051 1158 2114 in
1175 2050 1265 2114 tertio

230 2157 412 2245 Regnorum
430 2154 513 2221 libro
531 2153 667 2220 similem
683 2155 723 2220 dc
740 2153 892 2221 relatione
908 2156 999 2221 samis
1015 2157 1155 2223 invenies
1174 2158 1266 2224 habi-

230 2282 295 2333 tum
308 2291 376 2333 esse
388 2265 557 2342 cautelam,
571 2265 624 2331 ubi
637 2288 712 2332 cum
724 2267 821 2331 fumos
836 2264 1016 2332 invaluisset
1027 2290 1122 2355 super
1134 2280 1263 2344 terram,

231 2377 391 2444 dicentem
407 2379 495 2445 audis
512 2376 635 2444 Heliam
652 2377 693 2442 ad
709 2377 820 2444 Achab
839 2400 847 2441 :
865 2403 877 2436 ι
896 2376 981 2443 Vivit
1003 2378 1158 2443 Dominus
1181 2379 1263 2445 Deus

232 2516 245 2548 ι
261 2488 431 2566 virtutum,
450 2491 533 2554 Deus
554 2487 663 2560 lsrael.
679 2488 712 2551 in
729 2488 821 2573 cujus
843 2498 1016 2574 conspectu
1032 2497 1094 2560 sto,
1115 2487 1140 2551 si
1163 2487 1198 2552 in
1219 2488 1264 2553 his

230 2612 243 2662 t
259 2603 348 2666 annis
364 2624 415 2664 ros
432 2598 480 2664 vel
496 2597 601 2686 pluvia
618 2596 714 2661 luerit
728 2619 822 2683 super
837 2609 974 2676 terram„
989 2597 1049 2660 nisi
1065 2619 1123 2684 per
1144 2619 1264 2662 sermo·
1365 2575 1366 2636 l

203 2747 206 2754 -
233 2739 246 2771 s
262 2709 412 2776 nemoris
427 2707 521 2772 mei⁶.
540 2708 605 2772 »Et
621 2717 692 2793 post
707 2704 774 2770 haec
791 2703 959 2771 mandatur
974 2729 991 2770 a
1009 2707 1146 2772 Domino
1162 2707 1264 2772 corvis

231 2833 267 2884 ut
282 2830 414 2908 pascant
430 2815 635 2904 Prophetam‚
652 2827 685 2879 ct
699 2827 735 2878 ut
751 2837 865 2902 aquam
879 2816 966 2879 bibat
978 2815 1017 2879 de
1033 2827 1169 2883 torrente
1187 2817 1263 2879 Gor·
1365 2809 1366 2816 '

228 2930 313 2994 rath.
331 2929 370 2993 Et
386 2928 502 2992 iterum
522 2925 555 2990 iu
571 2924 702 3012 Sarepta
726 2923 864 2989 Sidonios
886 2923 1056 2990 mandatur
1071 2923 1194 2990 mulieri
1218 2925 1262 2989 vi-

229 3039 300 3104 duae
319 3057 449 3125 poscere
472 3033 677 3122 Prophetam,
694 3045 729 3098 ut
749 3035 801 3099 cui
823 3056 887 3098 non
904 3033 1037 3123 amplius
1053 3059 1148 3122 quum
1171 3036 1264 3100 unius

229 3148 290 3212 diei
306 3155 470 3233 supererat
486 3144 600 3218 rictus,
614 3142 775 3230 largiendo
790 3142 976 3209 indeficiens
992 3143 1095 3218 fieret,
1112 3156 1145 3208 et
1161 3143 1265 3210 multi·

228 3253 352 3344 pliciter
371 3252 549 3318 abundaret
566 3252 746 3317 exhaustus.
767 3251 886 3338 Hydria
905 3253 991 3317 enim
1013 3253 1119 3319 sarinae
1142 3265 1174 3319 et
1193 3277 1265 3342 eap-

229 3387 316 3428 soces
326 3361 401 3438 olei,
415 3351 592 3428 secundum
604 3361 736 3426 verbum
748 3362 889 3438 Domini,
900 3386 965 3428 non
978 3363 1094 3428 defecit
1105 3365 1265 3452 pascendo

228 3471 430 3561 Prophctom.
450 3470 570 3546 Similia
592 3493 717 3559 quoque
739 3472 878 3537 invenies
897 3474 993 3537 etiam
1016 3473 1047 3538 in
1069 3475 1268 3561 temporibus

227 3580 363 3656 Helisaei,
381 3603 456 3645 cum
472 3579 555 3644 lilius
575 3580 660 3645 Ader
675 3603 730 3643 rex
745 3580 845 3666 Syriae
866 3581 1009 3647 ascendit
1026 3581 1194 3646 aduersum
1212 3583 1267 3647 Sn-

227 3691 370 3764 mariam‚
383 3703 415 3754 et
424 3690 547 3755 obsedit
559 3711 628 3754 eam
641 3711 648 3752 :
662 3691 723 3753 «Et
735 3689 816 3755 sacta
828 3703 888 3766 est,
902 3693 1025 3778 inquit,
1037 3690 1134 3756 lomes
1149 3715 1266 3780 magna

259 3853 343 3903 1(ὶιιιι.
357 3869 401 3910 ιιι,
414 3867 536 3912 ιοςιιιι,
549 3849 1179 3911 1.·-21ὺίι1.α,5.-3Ιίιι1.κικνι,95.-*Ρτοι’,
1196 3867 1219 3908 x,
1235 3851 1259 3900 5.

226 3930 485 3993 -⁵51teg.rvn‚r.
