<?xml version="1.0" encoding="UTF-8"?>
<!DOCTYPE html PUBLIC "-//W3C//DTD XHTML 1.0 Transitional//EN"
    "http://www.w3.org/TR/xhtml1/DTD/xhtml1-transitional.dtd">
<html xmlns="http://www.w3.org/1999/xhtml" xml:lang="en" lang="en">
 <head>
  <title>
</title>
<meta http-equiv="Content-Type" content="text/html;charset=utf-8" />
  <meta name='ocr-system' content='tesseract 3.04.00' />
  <meta name='ocr-capabilities' content='ocr_page ocr_carea ocr_par ocr_line ocrx_word'/>
</head>
<body>
  <div class='ocr_page' id='page_1' title='image "./collectioselect01guilgoog_0314.png"; bbox 0 0 2706 4624; ppageno 0'>
   <div class='ocr_carea' id='block_1_1' title="bbox 198 243 786 324">
    <p class='ocr_par' dir='ltr' id='par_1_1' title="bbox 198 243 786 324">
     <span class='ocr_line' id='line_1_1' title="bbox 198 243 786 324; baseline -0.002 -2"><span class='ocrx_word' id='word_1_1' title='bbox 198 259 260 323; x_wconf 82' lang='lat'><strong>518</strong></span> <span class='ocrx_word' id='word_1_2' title='bbox 642 243 786 324; x_wconf 78' lang='lat' dir='ltr'><strong>onronnrs</strong></span> 
     </span>
    </p>
   </div>
   <div class='ocr_carea' id='block_1_2' title="bbox 196 389 1352 703">
    <p class='ocr_par' dir='ltr' id='par_1_2' title="bbox 196 389 1352 703">
     <span class='ocr_line' id='line_1_2' title="bbox 196 389 1236 482; baseline 0 -26"><span class='ocrx_word' id='word_1_3' title='bbox 196 391 276 482; x_wconf 78' lang='lat' dir='ltr'><strong>geli-a</strong></span> <span class='ocrx_word' id='word_1_4' title='bbox 291 393 421 481; x_wconf 88' lang='lat' dir='ltr'><strong>quidem</strong></span> <span class='ocrx_word' id='word_1_5' title='bbox 433 391 593 478; x_wconf 76' lang='lat' dir='ltr'><strong>suscipere</strong></span> <span class='ocrx_word' id='word_1_6' title='bbox 609 391 767 465; x_wconf 88' lang='lat' dir='ltr'><strong>videntur,</strong></span> <span class='ocrx_word' id='word_1_7' title='bbox 783 390 935 478; x_wconf 88' lang='lat' dir='ltr'><strong>derogant</strong></span> <span class='ocrx_word' id='word_1_8' title='bbox 947 399 1054 454; x_wconf 88' lang='lat' dir='ltr'><strong>autem</strong></span> <span class='ocrx_word' id='word_1_9' title='bbox 1068 389 1181 479; x_wconf 88' lang='lat' dir='ltr'><strong>Moysi,</strong></span> <span class='ocrx_word' id='word_1_10' title='bbox 1200 403 1236 455; x_wconf 78' lang='lat' dir='ltr'><strong>et</strong></span> 
     </span>
     <span class='ocr_line' id='line_1_3' title="bbox 197 497 1234 590; baseline -0.002 -22"><span class='ocrx_word' id='word_1_11' title='bbox 197 504 312 568; x_wconf 88' lang='lat' dir='ltr'><strong>merito</strong></span> <span class='ocrx_word' id='word_1_12' title='bbox 328 513 516 589; x_wconf 86' lang='lat' dir='ltr'><strong>arguuntur,</strong></span> <span class='ocrx_word' id='word_1_13' title='bbox 532 501 605 587; x_wconf 89' lang='lat' dir='ltr'><strong>quia</strong></span> <span class='ocrx_word' id='word_1_14' title='bbox 622 524 697 567; x_wconf 90' lang='lat' dir='ltr'><strong>cum</strong></span> <span class='ocrx_word' id='word_1_15' title='bbox 713 501 837 566; x_wconf 88' lang='lat' dir='ltr'><strong>discant</strong></span> <span class='ocrx_word' id='word_1_16' title='bbox 850 523 909 587; x_wconf 90' lang='lat' dir='ltr'><strong>per</strong></span> <span class='ocrx_word' id='word_1_17' title='bbox 923 497 1128 588; x_wconf 87' lang='lat' dir='ltr'><strong>Evangelium</strong></span> <span class='ocrx_word' id='word_1_18' title='bbox 1142 501 1234 590; x_wconf 93' lang='lat' dir='ltr'><strong>quod</strong></span> 
     </span>
     <span class='ocr_line' id='line_1_4' title="bbox 196 610 1352 703; baseline 0.002 -25"><span class='ocrx_word' id='word_1_19' title='bbox 196 614 320 702; x_wconf 81' lang='lat' dir='ltr'><strong>Moyses</strong></span> <span class='ocrx_word' id='word_1_20' title='bbox 333 635 394 677; x_wconf 89' lang='lat' dir='ltr'><strong>una</strong></span> <span class='ocrx_word' id='word_1_21' title='bbox 407 635 481 679; x_wconf 89' lang='lat' dir='ltr'><strong>cum</strong></span> <span class='ocrx_word' id='word_1_22' title='bbox 495 610 560 677; x_wconf 88' lang='lat' dir='ltr'><strong>Elia</strong></span> <span class='ocrx_word' id='word_1_23' title='bbox 572 612 650 677; x_wconf 91' lang='lat' dir='ltr'><strong>vidit</strong></span> <span class='ocrx_word' id='word_1_24' title='bbox 661 611 793 700; x_wconf 88' lang='lat' dir='ltr'><strong>gloriam</strong></span> <span class='ocrx_word' id='word_1_25' title='bbox 806 611 947 685; x_wconf 86' lang='lat' dir='ltr'><strong>Domini,</strong></span> <span class='ocrx_word' id='word_1_26' title='bbox 960 611 1034 699; x_wconf 86' lang='lat' dir='ltr'><strong>Legi</strong></span> <span class='ocrx_word' id='word_1_27' title='bbox 1046 624 1078 678; x_wconf 89' lang='lat' dir='ltr'><strong>ct</strong></span> <span class='ocrx_word' id='word_1_28' title='bbox 1090 611 1236 703; x_wconf 87' lang='lat' dir='ltr'><strong>Prophe·</strong></span> <span class='ocrx_word' id='word_1_29' title='bbox 1348 623 1352 633; x_wconf 93' lang='grc'><strong><em>’</em></strong></span> 
     </span>
    </p>
   </div>
   <div class='ocr_carea' id='block_1_3' title="bbox 194 722 1352 926">
    <p class='ocr_par' dir='ltr' id='par_1_3' title="bbox 194 722 1352 926">
     <span class='ocr_line' id='line_1_5' title="bbox 194 722 1351 814; baseline -0.002 -24"><span class='ocrx_word' id='word_1_30' title='bbox 194 727 235 790; x_wconf 92' lang='lat' dir='ltr'><strong>tis</strong></span> <span class='ocrx_word' id='word_1_31' title='bbox 249 725 316 789; x_wconf 91' lang='lat' dir='ltr'><strong>ausi</strong></span> <span class='ocrx_word' id='word_1_32' title='bbox 331 735 406 788; x_wconf 85' lang='lat' dir='ltr'><strong>sunt</strong></span> <span class='ocrx_word' id='word_1_33' title='bbox 420 723 583 812; x_wconf 80' lang='lat' dir='ltr'><strong>derogare.</strong></span> <span class='ocrx_word' id='word_1_34' title='bbox 602 725 643 788; x_wconf 90' lang='lat' dir='ltr'><strong>Et</strong></span> <span class='ocrx_word' id='word_1_35' title='bbox 657 724 730 789; x_wconf 92' lang='lat' dir='ltr'><strong>ideo</strong></span> <span class='ocrx_word' id='word_1_36' title='bbox 745 747 803 790; x_wconf 88' lang='lat' dir='ltr'><strong>nos</strong></span> <span class='ocrx_word' id='word_1_37' title='bbox 819 745 883 788; x_wconf 92' lang='lat' dir='ltr'><strong>non</strong></span> <span class='ocrx_word' id='word_1_38' title='bbox 899 722 1102 788; x_wconf 77' lang='lat' dir='ltr'><strong>detrahamus</strong></span> <span class='ocrx_word' id='word_1_39' title='bbox 1112 723 1232 814; x_wconf 82' lang='lat' dir='ltr'><strong>Moysi,</strong></span> <span class='ocrx_word' id='word_1_40' title='bbox 1347 741 1351 774; x_wconf 73' lang='lat'><em>³</em></span> 
     </span>
     <span class='ocr_line' id='line_1_6' title="bbox 196 820 1352 926; baseline -0.001 -27"><span class='ocrx_word' id='word_1_41' title='bbox 196 858 257 901; x_wconf 89' lang='lat' dir='ltr'><strong>nec</strong></span> <span class='ocrx_word' id='word_1_42' title='bbox 272 834 460 922; x_wconf 83' lang='lat' dir='ltr'><strong>derogemus</strong></span> <span class='ocrx_word' id='word_1_43' title='bbox 474 833 562 922; x_wconf 84' lang='lat' dir='ltr'><strong>Legi,</strong></span> <span class='ocrx_word' id='word_1_44' title='bbox 579 833 635 898; x_wconf 90' lang='lat' dir='ltr'><strong>sed</strong></span> <span class='ocrx_word' id='word_1_45' title='bbox 651 835 748 900; x_wconf 89' lang='lat' dir='ltr'><strong>simus</strong></span> <span class='ocrx_word' id='word_1_46' title='bbox 760 857 824 900; x_wconf 91' lang='lat' dir='ltr'><strong>non</strong></span> <span class='ocrx_word' id='word_1_47' title='bbox 836 831 938 898; x_wconf 89' lang='lat' dir='ltr'><strong>solum</strong></span> <span class='ocrx_word' id='word_1_48' title='bbox 950 834 1111 900; x_wconf 80' lang='lat' dir='ltr'><strong>auditores</strong></span> <span class='ocrx_word' id='word_1_49' title='bbox 1122 835 1230 926; x_wconf 85' lang='lat' dir='ltr'><strong>Legis,</strong></span> <span class='ocrx_word' id='word_1_50' title='bbox 1339 820 1352 884; x_wconf 55' lang='grc' dir='ltr'><strong>’ἦ</strong></span> 
     </span>
    </p>
   </div>
   <div class='ocr_carea' id='block_1_4' title="bbox 191 943 1229 1901">
    <p class='ocr_par' dir='ltr' id='par_1_4' title="bbox 191 943 1229 1901">
     <span class='ocr_line' id='line_1_7' title="bbox 194 943 1229 1032; baseline 0.003 -23"><span class='ocrx_word' id='word_1_51' title='bbox 194 946 250 1010; x_wconf 90' lang='lat' dir='ltr'><strong>sed</strong></span> <span class='ocrx_word' id='word_1_52' title='bbox 265 958 298 1009; x_wconf 91' lang='lat' dir='ltr'><strong>et</strong></span> <span class='ocrx_word' id='word_1_53' title='bbox 312 944 460 1018; x_wconf 82' lang='lat' dir='ltr'><strong>factores,</strong></span> <span class='ocrx_word' id='word_1_54' title='bbox 478 956 513 1008; x_wconf 88' lang='lat' dir='ltr'><strong>ut</strong></span> <span class='ocrx_word' id='word_1_55' title='bbox 535 945 696 1032; x_wconf 89' lang='lat' dir='ltr'><strong>cumipse</strong></span> <span class='ocrx_word' id='word_1_56' title='bbox 718 943 826 1032; x_wconf 85' lang='lat' dir='ltr'><strong>Moyse</strong></span> <span class='ocrx_word' id='word_1_57' title='bbox 848 943 1079 1032; x_wconf 84' lang='lat' dir='ltr'><strong>conglorificari</strong></span> <span class='ocrx_word' id='word_1_58' title='bbox 1102 969 1229 1012; x_wconf 85' lang='lat' dir='ltr'><strong>merea-</strong></span> 
     </span>
     <span class='ocr_line' id='line_1_8' title="bbox 194 1051 1225 1142; baseline 0.002 -23"><span class='ocrx_word' id='word_1_59' title='bbox 194 1079 276 1120; x_wconf 86' lang='lat' dir='ltr'><strong>mur.</strong></span> <span class='ocrx_word' id='word_1_60' title='bbox 297 1055 363 1142; x_wconf 90' lang='lat' dir='ltr'><strong>Ego</strong></span> <span class='ocrx_word' id='word_1_61' title='bbox 384 1065 492 1118; x_wconf 90' lang='lat' dir='ltr'><strong>autem</strong></span> <span class='ocrx_word' id='word_1_62' title='bbox 506 1064 585 1142; x_wconf 93' lang='lat' dir='ltr'><strong>puto</strong></span> <span class='ocrx_word' id='word_1_63' title='bbox 602 1053 687 1139; x_wconf 89' lang='lat' dir='ltr'><strong>quod</strong></span> <span class='ocrx_word' id='word_1_64' title='bbox 707 1063 739 1117; x_wconf 87' lang='lat' dir='ltr'><strong>et</strong></span> <span class='ocrx_word' id='word_1_65' title='bbox 760 1051 805 1118; x_wconf 92' lang='lat' dir='ltr'><strong>illi</strong></span> <span class='ocrx_word' id='word_1_66' title='bbox 825 1053 991 1118; x_wconf 89' lang='lat' dir='ltr'><strong>materiam</strong></span> <span class='ocrx_word' id='word_1_67' title='bbox 1012 1067 1163 1142; x_wconf 75' lang='lat' dir='ltr'><strong>prestant</strong></span> <span class='ocrx_word' id='word_1_68' title='bbox 1184 1057 1225 1120; x_wconf 87' lang='lat' dir='ltr'><strong>ad</strong></span> 
     </span>
     <span class='ocr_line' id='line_1_9' title="bbox 194 1158 1219 1253; baseline -0.001 -22"><span class='ocrx_word' id='word_1_69' title='bbox 194 1162 410 1253; x_wconf 89' lang='lat' dir='ltr'><strong>derogandum</strong></span> <span class='ocrx_word' id='word_1_70' title='bbox 427 1161 539 1249; x_wconf 86' lang='lat' dir='ltr'><strong>Moysi,</strong></span> <span class='ocrx_word' id='word_1_71' title='bbox 552 1163 618 1250; x_wconf 95' lang='lat' dir='ltr'><strong>qui,</strong></span> <span class='ocrx_word' id='word_1_72' title='bbox 631 1162 719 1228; x_wconf 87' lang='lat' dir='ltr'><strong>verbi</strong></span> <span class='ocrx_word' id='word_1_73' title='bbox 734 1185 841 1238; x_wconf 89' lang='lat' dir='ltr'><strong>causa,</strong></span> <span class='ocrx_word' id='word_1_74' title='bbox 855 1183 928 1226; x_wconf 92' lang='lat' dir='ltr'><strong>cum</strong></span> <span class='ocrx_word' id='word_1_75' title='bbox 943 1158 1061 1250; x_wconf 87' lang='lat' dir='ltr'><strong>legitur</strong></span> <span class='ocrx_word' id='word_1_76' title='bbox 1075 1161 1150 1230; x_wconf 90' lang='lat' dir='ltr'><strong>liber</strong></span> <span class='ocrx_word' id='word_1_77' title='bbox 1162 1165 1219 1230; x_wconf 84' lang='lat' dir='ltr'><strong>Le-</strong></span> 
     </span>
     <span class='ocr_line' id='line_1_10' title="bbox 193 1270 1214 1360; baseline 0 -20"><span class='ocrx_word' id='word_1_78' title='bbox 193 1276 293 1351; x_wconf 91' lang='lat' dir='ltr'><strong>vitici,</strong></span> <span class='ocrx_word' id='word_1_79' title='bbox 311 1270 358 1338; x_wconf 89' lang='lat' dir='ltr'><strong>vel</strong></span> <span class='ocrx_word' id='word_1_80' title='bbox 374 1271 468 1338; x_wconf 87' lang='lat' dir='ltr'><strong>lectio</strong></span> <span class='ocrx_word' id='word_1_81' title='bbox 484 1272 509 1338; x_wconf 89' lang='grc' dir='ltr'><strong>Ν</strong></span> <span class='ocrx_word' id='word_1_82' title='bbox 515 1294 710 1348; x_wconf 88' lang='lat' dir='ltr'><strong>umerorum,</strong></span> <span class='ocrx_word' id='word_1_83' title='bbox 724 1294 787 1336; x_wconf 88' lang='lat' dir='ltr'><strong>non</strong></span> <span class='ocrx_word' id='word_1_84' title='bbox 800 1271 973 1336; x_wconf 87' lang='lat' dir='ltr'><strong>ostendunt</strong></span> <span class='ocrx_word' id='word_1_85' title='bbox 984 1275 1138 1360; x_wconf 92' lang='lat' dir='ltr'><strong>quomodo</strong></span> <span class='ocrx_word' id='word_1_86' title='bbox 1149 1273 1214 1340; x_wconf 75' lang='lat' dir='ltr'><strong>bec</strong></span> 
     </span>
     <span class='ocr_line' id='line_1_11' title="bbox 192 1379 1219 1473; baseline -0.001 -23"><span class='ocrx_word' id='word_1_87' title='bbox 192 1410 262 1473; x_wconf 81' lang='lat' dir='ltr'><strong>quae</strong></span> <span class='ocrx_word' id='word_1_88' title='bbox 274 1385 305 1449; x_wconf 93' lang='lat' dir='ltr'><strong>in</strong></span> <span class='ocrx_word' id='word_1_89' title='bbox 317 1385 482 1472; x_wconf 83' lang='lat' dir='ltr'><strong>aenigmate</strong></span> <span class='ocrx_word' id='word_1_90' title='bbox 494 1383 610 1470; x_wconf 88' lang='lat' dir='ltr'><strong>scripta</strong></span> <span class='ocrx_word' id='word_1_91' title='bbox 622 1393 696 1446; x_wconf 90' lang='lat' dir='ltr'><strong>sunt</strong></span> <span class='ocrx_word' id='word_1_92' title='bbox 708 1379 838 1470; x_wconf 78' lang='lat' dir='ltr'><strong>intelligi</strong></span> <span class='ocrx_word' id='word_1_93' title='bbox 851 1405 909 1471; x_wconf 91' lang='lat' dir='ltr'><strong>pcr</strong></span> <span class='ocrx_word' id='word_1_94' title='bbox 921 1383 1059 1470; x_wconf 88' lang='lat' dir='ltr'><strong>speciem</strong></span> <span class='ocrx_word' id='word_1_95' title='bbox 1072 1384 1219 1459; x_wconf 88' lang='lat' dir='ltr'><strong>debeant,</strong></span> 
     </span>
     <span class='ocr_line' id='line_1_12' title="bbox 191 1490 1226 1586; baseline 0.001 -24"><span class='ocrx_word' id='word_1_96' title='bbox 191 1499 223 1562; x_wconf 96' lang='lat' dir='ltr'><strong>id</strong></span> <span class='ocrx_word' id='word_1_97' title='bbox 239 1508 299 1571; x_wconf 89' lang='lat' dir='ltr'><strong>est,</strong></span> <span class='ocrx_word' id='word_1_98' title='bbox 315 1495 369 1582; x_wconf 93' lang='lat' dir='ltr'><strong>qui</strong></span> <span class='ocrx_word' id='word_1_99' title='bbox 385 1517 448 1559; x_wconf 92' lang='lat' dir='ltr'><strong>non</strong></span> <span class='ocrx_word' id='word_1_100' title='bbox 464 1490 667 1582; x_wconf 79' lang='lat' dir='ltr'><strong>spiritualiter</strong></span> <span class='ocrx_word' id='word_1_101' title='bbox 681 1517 718 1558; x_wconf 88' lang='lat' dir='ltr'><strong>ea</strong></span> <span class='ocrx_word' id='word_1_102' title='bbox 735 1517 804 1580; x_wconf 82' lang='lat' dir='ltr'><strong>quae</strong></span> <span class='ocrx_word' id='word_1_103' title='bbox 820 1493 851 1557; x_wconf 94' lang='lat' dir='ltr'><strong>in</strong></span> <span class='ocrx_word' id='word_1_104' title='bbox 868 1492 951 1581; x_wconf 86' lang='lat' dir='ltr'><strong>Lege</strong></span> <span class='ocrx_word' id='word_1_105' title='bbox 964 1492 1115 1583; x_wconf 90' lang='lat' dir='ltr'><strong>leguntur</strong></span> <span class='ocrx_word' id='word_1_106' title='bbox 1131 1519 1226 1586; x_wconf 87' lang='lat' dir='ltr'><strong>expo·</strong></span> 
     </span>
     <span class='ocr_line' id='line_1_13' title="bbox 191 1602 1225 1688; baseline 0 -16"><span class='ocrx_word' id='word_1_107' title='bbox 191 1618 282 1672; x_wconf 88' lang='lat' dir='ltr'><strong>nunt.</strong></span> <span class='ocrx_word' id='word_1_108' title='bbox 301 1603 484 1672; x_wconf 87' lang='lat' dir='ltr'><strong>Necessario</strong></span> <span class='ocrx_word' id='word_1_109' title='bbox 496 1602 580 1666; x_wconf 91' lang='lat' dir='ltr'><strong>enim</strong></span> <span class='ocrx_word' id='word_1_110' title='bbox 593 1603 646 1688; x_wconf 93' lang='lat' dir='ltr'><strong>qui</strong></span> <span class='ocrx_word' id='word_1_111' title='bbox 663 1603 796 1668; x_wconf 86' lang='lat' dir='ltr'><strong>audiunt</strong></span> <span class='ocrx_word' id='word_1_112' title='bbox 809 1603 906 1667; x_wconf 91' lang='lat' dir='ltr'><strong>ritum</strong></span> <span class='ocrx_word' id='word_1_113' title='bbox 918 1604 1163 1682; x_wconf 85' lang='lat' dir='ltr'><strong>sacrificiorum,</strong></span> <span class='ocrx_word' id='word_1_114' title='bbox 1176 1605 1225 1673; x_wconf 87' lang='lat' dir='ltr'><strong>rel</strong></span> 
     </span>
     <span class='ocr_line' id='line_1_14' title="bbox 192 1710 1225 1786; baseline -0.001 -3"><span class='ocrx_word' id='word_1_115' title='bbox 192 1719 398 1783; x_wconf 84' lang='lat' dir='ltr'><strong>sabbatorum</strong></span> <span class='ocrx_word' id='word_1_116' title='bbox 413 1712 658 1786; x_wconf 79' lang='lat' dir='ltr'><strong>observantiam,</strong></span> <span class='ocrx_word' id='word_1_117' title='bbox 677 1710 725 1776; x_wconf 88' lang='lat' dir='ltr'><strong>vel</strong></span> <span class='ocrx_word' id='word_1_118' title='bbox 742 1724 930 1777; x_wconf 75' lang='lat' dir='ltr'><strong>caeterorum</strong></span> <span class='ocrx_word' id='word_1_119' title='bbox 950 1713 1099 1780; x_wconf 90' lang='lat' dir='ltr'><strong>similium</strong></span> <span class='ocrx_word' id='word_1_120' title='bbox 1121 1717 1157 1780; x_wconf 91' lang='lat' dir='ltr'><strong>in</strong></span> <span class='ocrx_word' id='word_1_121' title='bbox 1170 1739 1225 1782; x_wconf 86' lang='lat' dir='ltr'><strong>ec-</strong></span> 
     </span>
     <span class='ocr_line' id='line_1_15' title="bbox 191 1821 1223 1901; baseline -0.001 -10"><span class='ocrx_word' id='word_1_122' title='bbox 191 1827 284 1893; x_wconf 88' lang='lat' dir='ltr'><strong>clesia</strong></span> <span class='ocrx_word' id='word_1_123' title='bbox 305 1825 442 1899; x_wconf 89' lang='lat' dir='ltr'><strong>recitari,</strong></span> <span class='ocrx_word' id='word_1_124' title='bbox 467 1822 686 1897; x_wconf 82' lang='lat' dir='ltr'><strong>offenduntur,</strong></span> <span class='ocrx_word' id='word_1_125' title='bbox 703 1833 735 1886; x_wconf 91' lang='lat' dir='ltr'><strong>et</strong></span> <span class='ocrx_word' id='word_1_126' title='bbox 754 1821 889 1887; x_wconf 88' lang='lat' dir='ltr'><strong>dicunt:</strong></span> <span class='ocrx_word' id='word_1_127' title='bbox 910 1822 996 1901; x_wconf 90' lang='lat' dir='ltr'><strong>Quid</strong></span> <span class='ocrx_word' id='word_1_128' title='bbox 1015 1824 1079 1889; x_wconf 91' lang='lat' dir='ltr'><strong>hoc</strong></span> <span class='ocrx_word' id='word_1_129' title='bbox 1094 1847 1223 1891; x_wconf 84' lang='lat' dir='ltr'><strong>neeesse</strong></span> 
     </span>
    </p>
   </div>
   <div class='ocr_carea' id='block_1_5' title="bbox 52 1913 1222 2022">
    <p class='ocr_par' dir='ltr' id='par_1_5' title="bbox 52 1913 1222 2022">
     <span class='ocr_line' id='line_1_16' title="bbox 52 1913 1222 2022; baseline -0.001 -21"><span class='ocrx_word' id='word_1_130' title='bbox 52 1913 54 1918; x_wconf 17' lang='grc' dir='ltr'>Ι</span> <span class='ocrx_word' id='word_1_131' title='bbox 96 1983 98 1987; x_wconf 29' lang='grc' dir='ltr'><em>ψ</em></span> <span class='ocrx_word' id='word_1_132' title='bbox 191 1950 238 2002; x_wconf 89' lang='lat' dir='ltr'><strong>cst</strong></span> <span class='ocrx_word' id='word_1_133' title='bbox 254 1939 285 2002; x_wconf 92' lang='lat' dir='ltr'><strong>in</strong></span> <span class='ocrx_word' id='word_1_134' title='bbox 304 1934 436 2001; x_wconf 84' lang='lat' dir='ltr'><strong>eeclesia</strong></span> <span class='ocrx_word' id='word_1_135' title='bbox 452 1933 537 2021; x_wconf 74' lang='lat' dir='ltr'><strong>legi?</strong></span> <span class='ocrx_word' id='word_1_136' title='bbox 553 1933 626 2012; x_wconf 92' lang='lat' dir='ltr'><strong>Quo</strong></span> <span class='ocrx_word' id='word_1_137' title='bbox 646 1933 737 1998; x_wconf 87' lang='lat' dir='ltr'><strong>nobis</strong></span> <span class='ocrx_word' id='word_1_138' title='bbox 753 1945 886 2020; x_wconf 89' lang='lat' dir='ltr'><strong>prosunt</strong></span> <span class='ocrx_word' id='word_1_139' title='bbox 900 1945 1058 2022; x_wconf 76' lang='lat' dir='ltr'><strong>praccepta</strong></span> <span class='ocrx_word' id='word_1_140' title='bbox 1072 1935 1092 2000; x_wconf 85' lang='lat' dir='ltr'>J</span> <span class='ocrx_word' id='word_1_141' title='bbox 1096 1935 1222 2012; x_wconf 86' lang='lat' dir='ltr'><strong>udaica,</strong></span> 
     </span>
    </p>
   </div>
   <div class='ocr_carea' id='block_1_6' title="bbox 185 2041 1288 3445">
    <p class='ocr_par' dir='ltr' id='par_1_6' title="bbox 185 2041 1288 3445">
     <span class='ocr_line' id='line_1_17' title="bbox 189 2041 1224 2133; baseline 0.001 -23"><span class='ocrx_word' id='word_1_142' title='bbox 189 2060 221 2110; x_wconf 89' lang='lat' dir='ltr'><strong>et</strong></span> <span class='ocrx_word' id='word_1_143' title='bbox 233 2044 329 2133; x_wconf 91' lang='lat' dir='ltr'><strong>spreti</strong></span> <span class='ocrx_word' id='word_1_144' title='bbox 340 2041 449 2132; x_wconf 90' lang='lat' dir='ltr'><strong>populi</strong></span> <span class='ocrx_word' id='word_1_145' title='bbox 462 2043 689 2107; x_wconf 74' lang='lat' dir='ltr'><strong>observantie?</strong></span> <span class='ocrx_word' id='word_1_146' title='bbox 700 2044 777 2108; x_wconf 84' lang='lat' dir='ltr'><strong>Haec</strong></span> <span class='ocrx_word' id='word_1_147' title='bbox 786 2041 969 2108; x_wconf 83' lang='lat' dir='ltr'><strong>Judaeorum</strong></span> <span class='ocrx_word' id='word_1_148' title='bbox 980 2056 1067 2120; x_wconf 86' lang='lat' dir='ltr'><strong>sunt,</strong></span> <span class='ocrx_word' id='word_1_149' title='bbox 1076 2059 1109 2110; x_wconf 87' lang='lat' dir='ltr'><strong>et</strong></span> <span class='ocrx_word' id='word_1_150' title='bbox 1120 2046 1224 2113; x_wconf 78' lang='lat' dir='ltr'><strong>Judaet</strong></span> 
     </span>
     <span class='ocr_line' id='line_1_18' title="bbox 192 2150 1288 2246; baseline 0 -24"><span class='ocrx_word' id='word_1_151' title='bbox 192 2157 232 2222; x_wconf 89' lang='lat' dir='ltr'><strong>de</strong></span> <span class='ocrx_word' id='word_1_152' title='bbox 246 2155 283 2219; x_wconf 90' lang='lat' dir='ltr'><strong>iis</strong></span> <span class='ocrx_word' id='word_1_153' title='bbox 299 2153 445 2218; x_wconf 87' lang='lat' dir='ltr'><strong>viderint.</strong></span> <span class='ocrx_word' id='word_1_154' title='bbox 463 2152 599 2246; x_wconf 68' lang='lat' dir='ltr'><strong>Neergo</strong></span> <span class='ocrx_word' id='word_1_155' title='bbox 616 2151 799 2240; x_wconf 87' lang='lat' dir='ltr'><strong>hujusmodi</strong></span> <span class='ocrx_word' id='word_1_156' title='bbox 815 2150 1006 2219; x_wconf 83' lang='lat' dir='ltr'><strong>offendicula</strong></span> <span class='ocrx_word' id='word_1_157' title='bbox 1024 2154 1223 2222; x_wconf 84' lang='lat' dir='ltr'><strong>auditoribus</strong></span> <span class='ocrx_word' id='word_1_158' title='bbox 1281 2181 1288 2194; x_wconf 77' lang='grc'><em>’</em></span> 
     </span>
     <span class='ocr_line' id='line_1_19' title="bbox 192 2260 1222 2352; baseline 0.003 -23"><span class='ocrx_word' id='word_1_159' title='bbox 192 2263 351 2338; x_wconf 89' lang='lat' dir='ltr'><strong>accidant,</strong></span> <span class='ocrx_word' id='word_1_160' title='bbox 363 2262 467 2327; x_wconf 89' lang='lat' dir='ltr'><strong>danda</strong></span> <span class='ocrx_word' id='word_1_161' title='bbox 481 2283 576 2349; x_wconf 88' lang='lat' dir='ltr'><strong>opera</strong></span> <span class='ocrx_word' id='word_1_162' title='bbox 592 2274 642 2328; x_wconf 88' lang='lat' dir='ltr'><strong>est</strong></span> <span class='ocrx_word' id='word_1_163' title='bbox 655 2262 696 2326; x_wconf 90' lang='lat' dir='ltr'><strong>ad</strong></span> <span class='ocrx_word' id='word_1_164' title='bbox 707 2260 871 2326; x_wconf 88' lang='lat' dir='ltr'><strong>seientiam</strong></span> <span class='ocrx_word' id='word_1_165' title='bbox 882 2262 986 2352; x_wconf 83' lang='lat' dir='ltr'><strong>Legis,</strong></span> <span class='ocrx_word' id='word_1_166' title='bbox 1000 2275 1033 2327; x_wconf 88' lang='lat' dir='ltr'><strong>et</strong></span> <span class='ocrx_word' id='word_1_167' title='bbox 1044 2266 1222 2332; x_wconf 86' lang='lat' dir='ltr'><strong>secundum</strong></span> 
     </span>
     <span class='ocr_line' id='line_1_20' title="bbox 191 2372 1219 2465; baseline -0.001 -22"><span class='ocrx_word' id='word_1_168' title='bbox 191 2378 253 2443; x_wconf 89' lang='lat' dir='ltr'><strong>boc</strong></span> <span class='ocrx_word' id='word_1_169' title='bbox 265 2375 351 2465; x_wconf 89' lang='lat' dir='ltr'><strong>quod</strong></span> <span class='ocrx_word' id='word_1_170' title='bbox 359 2374 528 2464; x_wconf 88' lang='lat' dir='ltr'><strong>spiritualis</strong></span> <span class='ocrx_word' id='word_1_171' title='bbox 537 2385 584 2440; x_wconf 87' lang='lat' dir='ltr'><strong>est</strong></span> <span class='ocrx_word' id='word_1_172' title='bbox 596 2373 671 2450; x_wconf 87' lang='lat' dir='ltr'><strong>Lex,</strong></span> <span class='ocrx_word' id='word_1_173' title='bbox 686 2372 886 2462; x_wconf 85' lang='lat' dir='ltr'><strong>intelligenda</strong></span> <span class='ocrx_word' id='word_1_174' title='bbox 898 2385 931 2438; x_wconf 88' lang='lat' dir='ltr'><strong>et</strong></span> <span class='ocrx_word' id='word_1_175' title='bbox 942 2372 1140 2463; x_wconf 84' lang='lat' dir='ltr'><strong>explananda</strong></span> <span class='ocrx_word' id='word_1_176' title='bbox 1149 2391 1219 2445; x_wconf 89' lang='lat' dir='ltr'><strong>sunt</strong></span> 
     </span>
     <span class='ocr_line' id='line_1_21' title="bbox 190 2481 1211 2572; baseline 0 -22"><span class='ocrx_word' id='word_1_177' title='bbox 190 2485 295 2551; x_wconf 87' lang='lat' dir='ltr'><strong>omnia</strong></span> <span class='ocrx_word' id='word_1_178' title='bbox 310 2507 379 2572; x_wconf 85' lang='lat' dir='ltr'><strong>quae</strong></span> <span class='ocrx_word' id='word_1_179' title='bbox 402 2481 561 2572; x_wconf 83' lang='lat' dir='ltr'><strong>leguntur,</strong></span> <span class='ocrx_word' id='word_1_180' title='bbox 579 2507 619 2548; x_wconf 90' lang='lat' dir='ltr'><strong>ne</strong></span> <span class='ocrx_word' id='word_1_181' title='bbox 642 2482 812 2548; x_wconf 87' lang='lat' dir='ltr'><strong>doctorum</strong></span> <span class='ocrx_word' id='word_1_182' title='bbox 834 2507 942 2560; x_wconf 87' lang='lat' dir='ltr'><strong>causa,</strong></span> <span class='ocrx_word' id='word_1_183' title='bbox 959 2485 1023 2551; x_wconf 89' lang='lat' dir='ltr'><strong>imo</strong></span> <span class='ocrx_word' id='word_1_184' title='bbox 1048 2487 1162 2554; x_wconf 85' lang='lat' dir='ltr'><strong>desidia</strong></span> <span class='ocrx_word' id='word_1_185' title='bbox 1181 2499 1211 2551; x_wconf 87' lang='lat' dir='ltr'><strong>et</strong></span> 
     </span>
     <span class='ocr_line' id='line_1_22' title="bbox 189 2589 1208 2684; baseline 0 -24"><span class='ocrx_word' id='word_1_186' title='bbox 189 2592 391 2683; x_wconf 88' lang='lat' dir='ltr'><strong>negligentia,</strong></span> <span class='ocrx_word' id='word_1_187' title='bbox 406 2593 446 2657; x_wconf 90' lang='lat' dir='ltr'><strong>ab</strong></span> <span class='ocrx_word' id='word_1_188' title='bbox 462 2591 615 2680; x_wconf 87' lang='lat' dir='ltr'><strong>imperitis</strong></span> <span class='ocrx_word' id='word_1_189' title='bbox 631 2603 663 2655; x_wconf 90' lang='lat' dir='ltr'><strong>et</strong></span> <span class='ocrx_word' id='word_1_190' title='bbox 677 2589 813 2656; x_wconf 83' lang='lat' dir='ltr'><strong>indoctis</strong></span> <span class='ocrx_word' id='word_1_191' title='bbox 829 2591 1000 2680; x_wconf 84' lang='lat' dir='ltr'><strong>derogetur</strong></span> <span class='ocrx_word' id='word_1_192' title='bbox 1019 2593 1141 2684; x_wconf 87' lang='lat' dir='ltr'><strong>Moysi:</strong></span> <span class='ocrx_word' id='word_1_193' title='bbox 1157 2595 1208 2660; x_wconf 86' lang='lat' dir='ltr'><strong>sed</strong></span> 
     </span>
     <span class='ocr_line' id='line_1_23' title="bbox 189 2698 1216 2774; baseline 0.003 -7"><span class='ocrx_word' id='word_1_194' title='bbox 189 2712 413 2768; x_wconf 83' lang='lat' dir='ltr'><strong>convertamur</strong></span> <span class='ocrx_word' id='word_1_195' title='bbox 428 2701 467 2765; x_wconf 88' lang='lat' dir='ltr'><strong>ad</strong></span> <span class='ocrx_word' id='word_1_196' title='bbox 482 2700 667 2774; x_wconf 91' lang='lat' dir='ltr'><strong>Dominum,</strong></span> <span class='ocrx_word' id='word_1_197' title='bbox 681 2711 716 2763; x_wconf 93' lang='lat' dir='ltr'><strong>ut</strong></span> <span class='ocrx_word' id='word_1_198' title='bbox 732 2698 853 2766; x_wconf 79' lang='lat' dir='ltr'><strong>auferat</strong></span> <span class='ocrx_word' id='word_1_199' title='bbox 867 2725 884 2764; x_wconf 93' lang='lat' dir='ltr'><strong>a</strong></span> <span class='ocrx_word' id='word_1_200' title='bbox 901 2704 992 2768; x_wconf 89' lang='lat' dir='ltr'><strong>nobis</strong></span> <span class='ocrx_word' id='word_1_201' title='bbox 1009 2703 1154 2774; x_wconf 81' lang='lat' dir='ltr'><strong>velamen</strong></span> <span class='ocrx_word' id='word_1_202' title='bbox 1169 2704 1216 2771; x_wconf 88' lang='lat' dir='ltr'><strong>lit·</strong></span> 
     </span>
     <span class='ocr_line' id='line_1_24' title="bbox 188 2807 1221 2904; baseline 0.008 -28"><span class='ocrx_word' id='word_1_203' title='bbox 188 2813 278 2884; x_wconf 76' lang='lat' dir='ltr'><strong>terra3</strong></span> <span class='ocrx_word' id='word_1_204' title='bbox 296 2821 330 2874; x_wconf 94' lang='lat' dir='ltr'><strong>ut</strong></span> <span class='ocrx_word' id='word_1_205' title='bbox 343 2833 409 2876; x_wconf 92' lang='lat' dir='ltr'><strong>non</strong></span> <span class='ocrx_word' id='word_1_206' title='bbox 425 2811 516 2876; x_wconf 87' lang='lat' dir='ltr'><strong>nobis</strong></span> <span class='ocrx_word' id='word_1_207' title='bbox 532 2809 682 2875; x_wconf 82' lang='lat' dir='ltr'><strong>deformis</strong></span> <span class='ocrx_word' id='word_1_208' title='bbox 697 2807 800 2874; x_wconf 90' lang='lat' dir='ltr'><strong>vultus</strong></span> <span class='ocrx_word' id='word_1_209' title='bbox 815 2810 929 2898; x_wconf 91' lang='lat' dir='ltr'><strong>Moysi,</strong></span> <span class='ocrx_word' id='word_1_210' title='bbox 946 2813 1001 2878; x_wconf 87' lang='lat' dir='ltr'><strong>sed</strong></span> <span class='ocrx_word' id='word_1_211' title='bbox 1017 2812 1172 2904; x_wconf 88' lang='lat' dir='ltr'><strong>gloriosus</strong></span> <span class='ocrx_word' id='word_1_212' title='bbox 1183 2841 1221 2884; x_wconf 82' lang='lat' dir='ltr'><strong>ac</strong></span> 
     </span>
     <span class='ocr_line' id='line_1_25' title="bbox 187 2918 1221 3008; baseline 0.007 -22"><span class='ocrx_word' id='word_1_213' title='bbox 187 2923 321 2986; x_wconf 88' lang='lat' dir='ltr'><strong>decorus</strong></span> <span class='ocrx_word' id='word_1_214' title='bbox 337 2930 498 3008; x_wconf 85' lang='lat' dir='ltr'><strong>appareat,</strong></span> <span class='ocrx_word' id='word_1_215' title='bbox 514 2920 556 2984; x_wconf 82' lang='lat' dir='ltr'><strong>ita</strong></span> <span class='ocrx_word' id='word_1_216' title='bbox 573 2931 609 2984; x_wconf 91' lang='lat' dir='ltr'><strong>ut</strong></span> <span class='ocrx_word' id='word_1_217' title='bbox 629 2943 693 2984; x_wconf 92' lang='lat' dir='ltr'><strong>non</strong></span> <span class='ocrx_word' id='word_1_218' title='bbox 710 2918 812 2986; x_wconf 87' lang='lat' dir='ltr'><strong>solum</strong></span> <span class='ocrx_word' id='word_1_219' title='bbox 829 2944 894 3006; x_wconf 86' lang='lat' dir='ltr'><strong>non</strong></span> <span class='ocrx_word' id='word_1_220' title='bbox 916 2923 1148 3002; x_wconf 84' lang='lat' dir='ltr'><strong>obtrectemus,</strong></span> <span class='ocrx_word' id='word_1_221' title='bbox 1165 2929 1221 2994; x_wconf 89' lang='lat' dir='ltr'><strong>sed</strong></span> 
     </span>
     <span class='ocr_line' id='line_1_26' title="bbox 185 3027 1222 3121; baseline 0.008 -26"><span class='ocrx_word' id='word_1_222' title='bbox 185 3043 217 3096; x_wconf 90' lang='lat' dir='ltr'><strong>et</strong></span> <span class='ocrx_word' id='word_1_223' title='bbox 233 3053 290 3118; x_wconf 90' lang='lat' dir='ltr'><strong>pro</strong></span> <span class='ocrx_word' id='word_1_224' title='bbox 310 3030 526 3118; x_wconf 87' lang='lat' dir='ltr'><strong>magnitudine</strong></span> <span class='ocrx_word' id='word_1_225' title='bbox 541 3051 703 3104; x_wconf 89' lang='lat' dir='ltr'><strong>sensuum,</strong></span> <span class='ocrx_word' id='word_1_226' title='bbox 718 3027 844 3094; x_wconf 90' lang='lat' dir='ltr'><strong>laudem</strong></span> <span class='ocrx_word' id='word_1_227' title='bbox 860 3031 888 3095; x_wconf 87' lang='lat' dir='ltr'><strong>ei</strong></span> <span class='ocrx_word' id='word_1_228' title='bbox 905 3044 937 3096; x_wconf 91' lang='lat' dir='ltr'><strong>et</strong></span> <span class='ocrx_word' id='word_1_229' title='bbox 959 3030 1091 3121; x_wconf 88' lang='lat' dir='ltr'><strong>gloriam</strong></span> <span class='ocrx_word' id='word_1_230' title='bbox 1115 3037 1222 3103; x_wconf 86' lang='lat' dir='ltr'><strong>confe-</strong></span> 
     </span>
     <span class='ocr_line' id='line_1_27' title="bbox 185 3138 1222 3230; baseline 0.007 -25"><span class='ocrx_word' id='word_1_231' title='bbox 185 3163 303 3206; x_wconf 83' lang='lat' dir='ltr'><strong>ramus.</strong></span> <span class='ocrx_word' id='word_1_232' title='bbox 324 3139 390 3203; x_wconf 81' lang='lat' dir='ltr'><strong>«Et</strong></span> <span class='ocrx_word' id='word_1_233' title='bbox 404 3140 451 3205; x_wconf 88' lang='lat' dir='ltr'><strong>ira</strong></span> <span class='ocrx_word' id='word_1_234' title='bbox 466 3138 579 3204; x_wconf 90' lang='lat' dir='ltr'><strong>luroris</strong></span> <span class='ocrx_word' id='word_1_235' title='bbox 593 3139 720 3205; x_wconf 89' lang='lat' dir='ltr'><strong>Domini</strong></span> <span class='ocrx_word' id='word_1_236' title='bbox 736 3138 818 3203; x_wconf 89' lang='lat' dir='ltr'><strong>lacta</strong></span> <span class='ocrx_word' id='word_1_237' title='bbox 835 3152 883 3204; x_wconf 90' lang='lat' dir='ltr'><strong>est</strong></span> <span class='ocrx_word' id='word_1_238' title='bbox 898 3164 994 3230; x_wconf 90' lang='lat' dir='ltr'><strong>super</strong></span> <span class='ocrx_word' id='word_1_239' title='bbox 1008 3141 1089 3219; x_wconf 90' lang='lat' dir='ltr'><strong>illos,</strong></span> <span class='ocrx_word' id='word_1_240' title='bbox 1110 3157 1143 3210; x_wconf 91' lang='lat' dir='ltr'><strong>et</strong></span> <span class='ocrx_word' id='word_1_241' title='bbox 1160 3146 1222 3212; x_wconf 89' lang='lat' dir='ltr'><strong>dis-</strong></span> 
     </span>
     <span class='ocr_line' id='line_1_28' title="bbox 186 3249 1218 3327; baseline 0.007 -12"><span class='ocrx_word' id='word_1_242' title='bbox 186 3282 199 3315; x_wconf 78' lang='lat'><strong>»</strong></span> <span class='ocrx_word' id='word_1_243' title='bbox 214 3262 391 3326; x_wconf 87' lang='lat' dir='ltr'><strong>cesserunt,</strong></span> <span class='ocrx_word' id='word_1_244' title='bbox 403 3262 435 3314; x_wconf 85' lang='lat' dir='ltr'><strong>et</strong></span> <span class='ocrx_word' id='word_1_245' title='bbox 447 3251 548 3316; x_wconf 86' lang='lat' dir='ltr'><strong>nubes</strong></span> <span class='ocrx_word' id='word_1_246' title='bbox 564 3249 693 3315; x_wconf 83' lang='lat' dir='ltr'><strong>recessit</strong></span> <span class='ocrx_word' id='word_1_247' title='bbox 707 3272 724 3313; x_wconf 93' lang='lat' dir='ltr'><strong>a</strong></span> <span class='ocrx_word' id='word_1_248' title='bbox 740 3249 961 3327; x_wconf 85' lang='lat' dir='ltr'><strong>tabernaculo,</strong></span> <span class='ocrx_word' id='word_1_249' title='bbox 980 3264 1013 3316; x_wconf 88' lang='lat' dir='ltr'><strong>et</strong></span> <span class='ocrx_word' id='word_1_250' title='bbox 1028 3274 1104 3320; x_wconf 89' lang='lat' dir='ltr'><strong>ecce</strong></span> <span class='ocrx_word' id='word_1_251' title='bbox 1120 3253 1218 3322; x_wconf 85' lang='lat' dir='ltr'><strong>Maria</strong></span> 
     </span>
     <span class='ocr_line' id='line_1_29' title="bbox 187 3341 1220 3445; baseline 0.008 -23"><span class='ocrx_word' id='word_1_252' title='bbox 187 3390 199 3422; x_wconf 75' lang='lat' dir='ltr'><strong>s</strong></span> <span class='ocrx_word' id='word_1_253' title='bbox 215 3359 297 3424; x_wconf 87' lang='lat' dir='ltr'><strong>lacta</strong></span> <span class='ocrx_word' id='word_1_254' title='bbox 313 3369 361 3422; x_wconf 87' lang='lat' dir='ltr'><strong>est</strong></span> <span class='ocrx_word' id='word_1_255' title='bbox 376 3353 499 3445; x_wconf 87' lang='lat' dir='ltr'><strong>leprosa</strong></span> <span class='ocrx_word' id='word_1_256' title='bbox 516 3341 598 3422; x_wconf 87' lang='lat' dir='ltr'><strong>sicut</strong></span> <span class='ocrx_word' id='word_1_257' title='bbox 611 3356 723 3421; x_wconf 81' lang='lat' dir='ltr'><strong>nix¹.»</strong></span> <span class='ocrx_word' id='word_1_258' title='bbox 742 3357 791 3421; x_wconf 90' lang='lat' dir='ltr'><strong>lra</strong></span> <span class='ocrx_word' id='word_1_259' title='bbox 808 3355 922 3422; x_wconf 88' lang='lat' dir='ltr'><strong>suroris</strong></span> <span class='ocrx_word' id='word_1_260' title='bbox 936 3358 1064 3425; x_wconf 87' lang='lat' dir='ltr'><strong>Domini</strong></span> <span class='ocrx_word' id='word_1_261' title='bbox 1079 3361 1220 3429; x_wconf 87' lang='lat' dir='ltr'><strong>efficitur</strong></span> 
     </span>
    </p>
   </div>
   <div class='ocr_carea' id='block_1_7' title="bbox 182 3457 1218 3888">
    <p class='ocr_par' dir='ltr' id='par_1_7' title="bbox 182 3457 1218 3888">
     <span class='ocr_line' id='line_1_30' title="bbox 184 3457 1218 3556; baseline 0.007 -23"><span class='ocrx_word' id='word_1_262' title='bbox 184 3490 278 3556; x_wconf 90' lang='lat' dir='ltr'><strong>super</strong></span> <span class='ocrx_word' id='word_1_263' title='bbox 300 3466 425 3553; x_wconf 87' lang='lat' dir='ltr'><strong>eosqui</strong></span> <span class='ocrx_word' id='word_1_264' title='bbox 446 3464 528 3532; x_wconf 90' lang='lat' dir='ltr'><strong>male</strong></span> <span class='ocrx_word' id='word_1_265' title='bbox 546 3457 720 3554; x_wconf 87' lang='lat' dir='ltr'><strong>loquuntur</strong></span> <span class='ocrx_word' id='word_1_266' title='bbox 739 3477 772 3530; x_wconf 90' lang='lat' dir='ltr'><strong>et</strong></span> <span class='ocrx_word' id='word_1_267' title='bbox 792 3466 972 3532; x_wconf 87' lang='lat' dir='ltr'><strong>detrahunt.</strong></span> <span class='ocrx_word' id='word_1_268' title='bbox 988 3466 1218 3540; x_wconf 86' lang='lat' dir='ltr'><strong>Verumtamen</strong></span> 
     </span>
     <span class='ocr_line' id='line_1_31' title="bbox 184 3575 1217 3668; baseline 0.011 -26"><span class='ocrx_word' id='word_1_269' title='bbox 184 3577 271 3668; x_wconf 91' lang='lat' dir='ltr'><strong>quod</strong></span> <span class='ocrx_word' id='word_1_270' title='bbox 286 3575 382 3642; x_wconf 89' lang='lat' dir='ltr'><strong>dicit:</strong></span> <span class='ocrx_word' id='word_1_271' title='bbox 395 3579 457 3642; x_wconf 84' lang='lat' dir='ltr'><strong>«Et</strong></span> <span class='ocrx_word' id='word_1_272' title='bbox 474 3578 574 3644; x_wconf 86' lang='lat' dir='ltr'><strong>nubes</strong></span> <span class='ocrx_word' id='word_1_273' title='bbox 586 3578 714 3643; x_wconf 86' lang='lat' dir='ltr'><strong>recessit</strong></span> <span class='ocrx_word' id='word_1_274' title='bbox 727 3602 744 3643; x_wconf 85' lang='lat' dir='ltr'><strong>a</strong></span> <span class='ocrx_word' id='word_1_275' title='bbox 756 3579 973 3656; x_wconf 88' lang='lat' dir='ltr'><strong>tabernaculo,</strong></span> <span class='ocrx_word' id='word_1_276' title='bbox 986 3593 1018 3645; x_wconf 91' lang='lat' dir='ltr'><strong>et</strong></span> <span class='ocrx_word' id='word_1_277' title='bbox 1030 3604 1107 3647; x_wconf 87' lang='lat' dir='ltr'><strong>ecoe</strong></span> <span class='ocrx_word' id='word_1_278' title='bbox 1118 3584 1217 3652; x_wconf 85' lang='lat' dir='ltr'><strong>Maria</strong></span> 
     </span>
     <span class='ocr_line' id='line_1_32' title="bbox 185 3685 1217 3783; baseline 0.014 -33"><span class='ocrx_word' id='word_1_279' title='bbox 185 3688 294 3754; x_wconf 75' lang='lat' dir='ltr'><strong>»lacta</strong></span> <span class='ocrx_word' id='word_1_280' title='bbox 317 3698 364 3751; x_wconf 86' lang='lat' dir='ltr'><strong>est</strong></span> <span class='ocrx_word' id='word_1_281' title='bbox 385 3685 506 3774; x_wconf 88' lang='lat' dir='ltr'><strong>leprosa</strong></span> <span class='ocrx_word' id='word_1_282' title='bbox 529 3689 612 3752; x_wconf 85' lang='lat' dir='ltr'><strong>siout</strong></span> <span class='ocrx_word' id='word_1_283' title='bbox 634 3689 722 3762; x_wconf 76' lang='lat' dir='ltr'><strong>nix,s</strong></span> <span class='ocrx_word' id='word_1_284' title='bbox 744 3689 1011 3756; x_wconf 85' lang='lat' dir='ltr'><strong>considerandum</strong></span> <span class='ocrx_word' id='word_1_285' title='bbox 1035 3691 1217 3783; x_wconf 86' lang='lat' dir='ltr'><strong>diligentius</strong></span> 
     </span>
     <span class='ocr_line' id='line_1_33' title="bbox 182 3795 1217 3888; baseline 0.014 -28"><span class='ocrx_word' id='word_1_286' title='bbox 182 3812 241 3873; x_wconf 87' lang='lat' dir='ltr'><strong>est,</strong></span> <span class='ocrx_word' id='word_1_287' title='bbox 260 3797 346 3884; x_wconf 90' lang='lat' dir='ltr'><strong>quod</strong></span> <span class='ocrx_word' id='word_1_288' title='bbox 360 3796 446 3884; x_wconf 89' lang='lat' dir='ltr'><strong>prius</strong></span> <span class='ocrx_word' id='word_1_289' title='bbox 462 3795 582 3862; x_wconf 91' lang='lat' dir='ltr'><strong>recedit</strong></span> <span class='ocrx_word' id='word_1_290' title='bbox 597 3799 710 3874; x_wconf 90' lang='lat' dir='ltr'><strong>nubes,</strong></span> <span class='ocrx_word' id='word_1_291' title='bbox 726 3808 758 3863; x_wconf 88' lang='lat' dir='ltr'><strong>et</strong></span> <span class='ocrx_word' id='word_1_292' title='bbox 774 3798 815 3862; x_wconf 90' lang='lat' dir='ltr'><strong>ita</strong></span> <span class='ocrx_word' id='word_1_293' title='bbox 832 3796 918 3887; x_wconf 90' lang='lat' dir='ltr'><strong>lepra</strong></span> <span class='ocrx_word' id='word_1_294' title='bbox 934 3799 1074 3888; x_wconf 88' lang='lat' dir='ltr'><strong>repletur</strong></span> <span class='ocrx_word' id='word_1_295' title='bbox 1090 3827 1098 3868; x_wconf 91' lang='lat'><strong>:</strong></span> <span class='ocrx_word' id='word_1_296' title='bbox 1113 3816 1150 3870; x_wconf 88' lang='lat' dir='ltr'><strong>ut</strong></span> <span class='ocrx_word' id='word_1_297' title='bbox 1170 3831 1217 3874; x_wconf 86' lang='lat' dir='ltr'><strong>os-</strong></span> 
     </span>
    </p>
   </div>
   <div class='ocr_carea' id='block_1_8' title="bbox 216 3922 458 3985">
    <p class='ocr_par' dir='ltr' id='par_1_8' title="bbox 216 3922 458 3985">
     <span class='ocr_line' id='line_1_34' title="bbox 216 3922 458 3985; baseline -0.017 -13"><span class='ocrx_word' id='word_1_298' title='bbox 216 3922 314 3972; x_wconf 66' lang='grc' dir='ltr'><strong>’ΝυιηΙ</strong></span> <span class='ocrx_word' id='word_1_299' title='bbox 326 3939 406 3985; x_wconf 63' lang='lat' dir='ltr'><strong>xmp,</strong></span> <span class='ocrx_word' id='word_1_300' title='bbox 423 3937 458 3969; x_wconf 86' lang='lat' dir='ltr'><strong>ro.</strong></span> 
     </span>
    </p>
   </div>
   <div class='ocr_carea' id='block_1_9' title="bbox 0 0 1358 4624">
    <p class='ocr_par' dir='ltr' id='par_1_9' title="bbox 0 0 1358 4624">
     <span class='ocr_line' id='line_1_35' title="bbox 0 0 1358 4624; baseline 0 5"><span class='ocrx_word' id='word_1_301' title='bbox 0 0 1358 4624; x_wconf 95' lang='lat' dir='ltr'><strong> </strong></span> 
     </span>
    </p>
   </div>
  </div>
 </body>
</html>
