2706 4624
423 247 454 292 ιιι
480 245 619 295 nouenos
642 254 770 296 somma
795 255 842 296 ιιι.
1088 241 1150 324 295

121 377 174 428 tur
184 387 224 428 ex
238 365 312 435 Liat
331 364 450 452 primus
466 387 604 452 nomque
618 373 666 431 est
682 367 808 440 Ruben,
822 367 962 454 Symeon
975 371 1147 443 secundus,
1276 391 1280 402 “

119 474 231 537 tertius
245 473 319 538 Levi
339 495 348 536 s
365 483 396 536 et
416 485 619 538 assumuntur
636 475 667 539 in
682 476 909 564 primogenitos
925 477 945 540 ii
963 479 1016 564 qui
1035 491 1145 543 natura

119 605 182 646 non
202 595 278 646 sunt
300 581 512 670 primogeniti.
537 583 698 670 Numquid
717 585 786 648 haee
807 585 840 648 in
863 581 945 672 Lege
966 585 1023 650 Dei
1046 587 1145 650 otiose
1233 575 1235 580 ’

117 691 233 778 scripta
243 715 313 756 esse
325 689 521 765 eredendum
533 691 659 758 estidn
671 691 748 756 iilud
760 692 873 757 edooet
885 715 955 767 uos,
964 694 1050 781 qnod
1061 695 1146 782 apud

116 799 218 864 Deum
236 823 300 863 non
317 797 359 863 ilii
374 801 575 887 primogeniti
595 800 785 873 habeantur,
797 801 851 886 qui
866 821 1018 887 corporea
1035 801 1143 866 nativi·

1 979 2 1000 ζ
113 917 178 970 tate
190 907 388 994 praeoedunt,
400 907 455 970 sed
467 907 487 969 ii
500 929 579 993 quos
590 907 753 994 proposito
765 907 878 970 mentis
891 908 1044 994 inspooto,
1058 909 1144 974 Deus

1 1003 2 1042 ss
114 1014 179 1100 ipse
206 1017 244 1078 in'
263 1015 406 1080 ordinem
434 1015 666 1102 primitivorum
692 1016 815 1102 judicat
841 1017 1068 1081 assumendos?
1088 1018 1142 1082 Sie

111 1126 197 1188 enim
213 1125 298 1211 apud
313 1125 417 1188 Deum
434 1123 534 1188 Jacob
552 1125 708 1212 posterior
721 1136 798 1190 notu
814 1123 1040 1212 primogenitus
1056 1127 1140 1212 judi·
1160 1157 1165 1162 ·

113 1247 201 1298 catus
215 1244 278 1304 est.
290 1242 323 1296 et
336 1230 574 1296 benedictiones
586 1231 797 1318 primitivatus
808 1243 977 1318 procurata
993 1233 1141 1298 divinitus

113 1341 249 1429 parentis
277 1341 418 1406 caecitate
443 1339 613 1427 susoopit¹.
643 1341 688 1404 Ex
714 1339 875 1427 proposito
898 1341 1014 1406 etenim
1037 1343 1141 1407 cordis

114 1450 196 1537 quod
207 1450 276 1514 Deo
289 1450 391 1538 patuit
402 1450 498 1514 etism
513 1449 698 1536 priusquam
713 1449 747 1513 in
761 1450 823 1515 hoo
838 1451 959 1514 mundo
975 1473 1140 1516 nasceren-

113 1571 177 1634 tur,
189 1573 242 1625 aut
257 1557 377 1648 aliquid
392 1570 522 1645 agerent
533 1557 610 1621 boni
625 1555 673 1621 vei
687 1555 775 1632 mali,
788 1559 973 1645 pronuntiat
984 1558 1138 1624 Dominus

111 1669 149 1732 de
160 1669 218 1743 eis,
234 1668 305 1755 quia
320 1667 446 1731 «duoob
459 1663 567 1737 dilexi,
581 1664 664 1732 Esau
677 1677 783 1732 autem
800 1666 873 1730 odio
889 1665 985 1730 habui
1000 1665 1022 1730 ².
1038 1695 1051 1728 s
1067 1668 1137 1732 Filii

108 1800 184 1865 ergo
196 1776 270 1841 Lori
282 1773 483 1862 primogeniti
497 1773 626 1861 quidem
640 1797 704 1838 nou
717 1786 790 1839 suut
806 1776 981 1840 seeundum
994 1781 1135 1852 earnem,

106 1884 162 1950 sed
180 1881 396 1971 primogenitis
419 1893 623 1974 assumuntur
647 1892 710 1944 tut
728 1881 768 1945 sit
789 1880 924 1969 amplius
944 1881 1061 1970 aliquid
1077 1907 1136 1972 pro

1 2073 2 2078 γ
106 1993 316 2082 primogenito
337 1992 467 2065 assumi,
490 2013 584 2078 quam
606 1991 852 2078 primogenitum
875 1995 972 2059 nasei.
1002 2019 1015 2054 ι
1037 1995 1132 2068 Eece.

1 2167 2 2172 ,
104 2103 261 2187 stupuit,
279 2099 431 2187 assumpsi
448 2099 570 2164 Levitae
590 2122 630 2162 ex
645 2099 750 2164 medio
766 2099 903 2165 filiorum
920 2101 1025 2166 lsrael.
1046 2131 1058 2164 ι
1076 2105 1134 2170 Diu

106 2207 302 2296 simpliciter,
314 2207 477 2293 Assumpsi
490 2205 612 2270 Levitae
623 2228 663 2268 ex
678 2205 872 2272 fiiiis'lsraid.
888 2209 974 2285 Quid
987 2223 1034 2274 est
1047 2212 1133 2295 quod

106 2317 211 2390 addis,
227 2326 257 2380 et
275 2314 313 2378 de
329 2315 434 2382 medio
456 2311 595 2378 {iliorum
617 2311 735 2377 lsradli
758 2313 799 2376 de
818 2337 885 2399 quo
908 2316 1034 2382 medios
1053 2318 1132 2383 Ter.

102 2429 164 2492 tius
179 2437 228 2490 est
241 2424 314 2489 Lori
334 2425 496 2511 (utsupra
512 2421 667 2509 diximus)
689 2421 773 2486 inter
787 2419 868 2485 iiiios
884 2423 989 2488 lsrae'i.
1009 2427 1057 2489 De
1068 2450 1131 2513 quo

101 2559 176 2623 ergo
196 2533 301 2598 medio
314 2545 516 2598 assumantur
535 2531 651 2596 Levitoe
673 2552 822 2618 euperem
840 2531 931 2596 seire.
951 2532 1079 2598 Invenio
1098 2538 1130 2600 iu

104 2642 273 2730 seripturis
301 2645 427 2706 beatam
454 2639 539 2705 iiiam
566 2640 810 2712 sunamitidem,
835 2664 904 2727 quae
927 2641 1045 2708 aluerat
1074 2644 1130 2710 sti-
1163 2671 1166 2676 ·

106 2752 228 2838 quaudo
247 2751 451 2838 Prophetam.
478 2749 724 2837 respondentem
749 2771 823 2814 oum
849 2749 968 2815 fiducia
990 2753 1054 2840 regi
1084 2755 1131 2818 is·

102 2859 163 2925 raet
184 2859 301 2926 volenti
327 2859 385 2924 sibi
404 2857 524 2944 aliquid
545 2857 690 2924 conferre
712 2856 872 2933 beneficii,
888 2868 920 2922 et
939 2858 1098 2925 dicentem
1118 2885 1125 2924 τ

106 2971 171 3034 aiu
195 2971 300 3035 medio
323 2967 431 3058 popuii
454 2968 516 3033 moi
539 2991 598 3057 ego
615 2967 752 3032 hobito⁸.
769 2965 939 3055 »Amplius
960 2981 1079 3045 autem,
1097 2985 1129 3036 et

100 3077 350 3168 magnificentius
368 3078 400 3141 in
415 3073 586 3163 Evangelio
606 3076 696 3139 video
718 3079 871 3164 seriptum
887 3077 927 3140 de
942 3078 1078 3144 Domino
1095 3093 1129 3145 et

97 3187 258 3254 Salvatore
274 3197 395 3258 nostro,
415 3185 541 3250 dicente
555 3184 679 3249 doaune
701 3207 709 3247 ε
728 3211 740 3242 ι
755 3183 877 3250 Medius
895 3197 1034 3252 vestrum
1053 3200 1126 3265 stat,

96 3320 220 3384 »quem
237 3318 292 3360 vos
310 3292 468 3362 nescitis&
485 3291 587 3356 ‚Puto
603 3315 678 3378 ergo
693 3313 770 3356 enm
786 3292 838 3378 qui
855 3315 1018 3380 nunquam
1032 3296 1132 3362 deoii-

1 3415 2 3418 ’
93 3407 214 3474 usserit
225 3407 266 3471 ad
278 3405 434 3478 dextram,
446 3424 550 3489 aeque
565 3401 606 3465 ad
621 3400 790 3475 sinistram,
804 3400 865 3467 disi
879 3425 969 3489 posse
983 3405 1124 3471 medium

90 3527 187 3589 stare,
207 3513 284 3600 «qui
301 3524 469 3601 peceatum
488 3532 552 3575 non
569 3509 656 3582 iecit,
673 3531 733 3575 neo
753 3509 897 3575 inventus
912 3524 960 3577 est
975 3513 1066 3579 dolus
1089 3516 1122 3578 iu

92 3621 284 3710 ‚oreejust
300 3620 362 3684 »Et
376 3621 448 3685 ideo
463 3617 515 3683 iiie
527 3617 667 3704 quidem,
684 3618 756 3704 quia
773 3641 897 3706 semper
908 3631 982 3695 stat,
998 3623 1121 3686 medius

121 3785 128 3816 ¹
141 3785 205 3833 (iun.
226 3799 294 3830 xxvi.
306 3809 335 3818 -
346 3780 356 3812 ²
368 3779 477 3828 dioiuch,
490 3799 507 3839 ι,
523 3797 544 3837 ι,
596 3806 626 3815 -
636 3778 668 3836 ³4
685 3779 744 3843 tte-g.
757 3793 790 3839 rr,
807 3779 844 3826 ιδ.
859 3807 888 3816 -
902 3777 910 3810 ⁶
922 3779 997 3828 Juan.
1011 3797 1029 3837 ι,
1042 3778 1078 3826 ²6.
1091 3805 1121 3815 -

1 3887 2 3892 =
86 3861 97 3890 ⁵
112 3878 121 3907 ι
138 3859 191 3906 Per.
206 3876 234 3914 ιι,
249 3872 287 3904 ιι,
