2744 4600
391 289 422 332 m
446 287 586 332 uuuueos
611 285 741 333 ιιοιιιιιι
765 269 847 334 ιιιιιι.
1062 274 1124 340 5ιό

52 385 57 394 ’
100 395 137 466 ub
149 403 217 489 ipso
231 405 359 494 spiritus
376 391 562 476 castitatem.
581 410 621 474 Et
636 411 661 476 si
677 410 847 476 offeremus
859 410 888 475 ci
907 433 1034 480 sensum
1050 433 1125 482 uos-

99 523 194 588 trum‚
212 515 404 604 accipiemus
421 520 460 582 ob
476 519 544 606 ipso
559 541 686 587 sensum
703 520 799 607 ipsius
806 543 815 591 ;
841 520 923 585 sicut
936 531 968 587 et
988 524 1126 612 Aposto-

97 621 145 686 lus
167 623 314 689 dicebat:
335 650 348 683 ι
366 625 428 690 Nos
452 639 558 690 eutem
586 627 713 692 Domini
740 625 856 691 Christi
877 646 1004 694 sensum
1026 631 1125 698 hehe-

99 759 112 792 ι
126 753 197 795 mus
210 731 233 796 ¹.
249 761 261 793 ι
283 731 365 796 Cum
387 743 494 798 eutem
516 757 572 798 nos
589 733 797 799 obtulerimus
813 733 881 799 Deo
896 753 966 824 qute
985 737 1017 802 in
1033 740 1124 804 uobis

97 853 182 916 suut,
199 853 231 906 et
245 839 295 905 ille
311 841 480 907 contulerit
495 843 526 906 iu
546 865 602 923 nos
618 865 690 931 que
708 854 861 917 suasum,
879 855 957 908 tunc
973 867 1044 910 rere
1058 847 1124 933 jem

98 973 161 1015 nou
174 949 269 1014 honio
284 949 398 1024 seium,
415 951 471 1015 sed
487 952 582 1015 homo
600 952 696 1017 homo
713 953 866 1017 dicemur.
883 951 1021 1041 Uterque
1036 956 1124 1020 cuim

96 1059 192 1124 homo
215 1057 359 1123 vocabuli
380 1061 427 1123 sui
448 1059 640 1148 perfectione
662 1061 811 1127 decenter
830 1075 958 1129 ornatus
981 1075 1038 1128 est.
1060 1064 1122 1129 iste

95 1180 167 1234 sunt
182 1191 258 1256 ergo
273 1181 344 1232 roto
358 1190 428 1254 quse
444 1169 538 1234 debet
554 1169 714 1234 exscivere
729 1171 755 1234 is
772 1171 824 1257 qui
842 1171 938 1236 home
953 1172 1049 1237 hemo
1066 1195 1123 1261 ep-

93 1277 240 1368 pclletur.
257 1277 331 1342 Scio
349 1276 469 1343 diverse
485 1290 556 1343 vete
572 1280 604 1344 iu
621 1278 793 1367 Scripturis
806 1279 924 1345 referri.
944 1283 1035 1347 Anna
1051 1283 1124 1369 qui-

95 1387 170 1452 dem
188 1388 269 1452 revit
283 1385 351 1453 Deo
372 1387 512 1453 fructum
532 1389 648 1452 ventris
670 1388 731 1465 sui,
753 1401 784 1452 et
806 1389 986 1455 Samuelem
1010 1410 1123 1456 conse-·

95 1495 196 1560 crevit
216 1495 248 1560 in
267 1494 417 1584 templo².
440 1496 528 1563 Alius
548 1499 773 1586 quodcumque
791 1497 849 1562 sibi
869 1511 940 1586 pest
959 1499 1123 1565 victoriam

94 1607 242 1673 redeunti
257 1607 446 1673 occurrisset
469 1607 553 1671 verit
573 1606 655 1683 Deo,
679 1617 867 1670 occurrente
886 1605 964 1682 filio,
983 1619 1055 1671 vota
1077 1606 1125 1673 la·

92 1718 264 1805 erymuuda
288 1714 437 1805 persolvit
450 1716 472 1779 ⁸.
493 1715 553 1782 Atii
571 1713 697 1791 vitulos,
716 1728 770 1781 aut
785 1715 910 1789 arietes.
928 1728 983 1780 eut
998 1717 1122 1793 domos.

90 1838 147 1894 eut
161 1825 221 1892 elia
237 1825 421 1914 hujusmodi
435 1825 556 1889 ratione
568 1825 721 1899 carentia,
736 1836 805 1888 voto
819 1823 956 1890 offerunt
970 1826 1048 1892 Deo.
1067 1825 1125 1893 Ille

90 1960 168 2004 vero
187 1937 241 2024 qui
263 1934 440 2024 appellatur
461 1933 639 2007 Nazaraeos,
662 1933 867 2020 semetipsum
891 1932 1016 1999 devovit
1040 1934 1118 2000 Deo.

89 2049 164 2114 Hoc
178 2059 226 2112 est
240 2046 325 2112 enim
337 2045 593 2136 rotumNazeraei
604 2035 693 2130 quod
711 2052 758 2108 est
776 2065 871 2130 super
889 2066 985 2109 omne
999 2055 1119 2110 votum.

90 2155 177 2222 Nam
195 2153 296 2219 tilium
320 2153 447 2228 offerre,
470 2151 519 2218 vei
542 2151 654 2227 filium,
679 2161 733 2218 aut
751 2175 862 2240 pecus,
884 2166 938 2218 aut
956 2155 1123 2241 praedium,

91 2265 163 2330 hec
176 2274 278 2328 tetum
293 2276 379 2330 extre
397 2285 454 2330 nos
473 2276 530 2328 est.
557 2262 769 2350 Semetipsum
785 2263 852 2327 Dee
868 2262 996 2336 offerre,
1012 2274 1045 2326 et
1061 2287 1124 2329 nen

90 2373 202 2439 alieno
224 2371 341 2447 labore,
364 2372 419 2438 sed
439 2372 569 2460 proprie
592 2369 731 2458 placere,
755 2370 816 2435 hoc
837 2381 884 2434 cst
902 2370 1072 2458 perfectius
1093 2385 1125 2436 et

87 2485 286 2552 eminentius
306 2483 453 2548 omnibus
480 2483 559 2547 rotis
579 2503 587 2545 t
611 2479 698 2568 qued
719 2480 774 2568 qui
799 2479 886 2553 fucit,
914 2480 1052 2546 imitator
1078 2487 1126 2544 est

83 2597 223 2662 Christi.
240 2593 295 2660 tlte
305 2594 392 2660 enim
406 2592 492 2658 dedit
504 2592 624 2657 homiui
639 2601 769 2664 terram,
782 2611 880 2666 mere,
894 2601 927 2655 et
938 2592 1042 2656 omniu
1055 2613 1125 2679 quae

80 2709 123 2773 in
135 2706 183 2770 eis
196 2715 282 2778 sunt,
297 2705 338 2768 ed
353 2701 540 2788 obsequium
553 2701 640 2765 dedit
652 2713 683 2765 et
698 2698 829 2776 coelum,
842 2699 941 2766 sotem
953 2723 1078 2789 queque
1093 2713 1125 2766 et

78 2817 201 2884 lunam
221 2837 258 2879 ec
280 2811 384 2878 stelias
406 2811 572 2878 hominum
596 2811 771 2876 ministerio
796 2812 969 2884 concessit:
989 2811 1122 2899 pluvios,

76 2937 216 3002 ventos,
229 2937 261 2989 et
276 2945 370 2988 omne
382 2918 537 3009 quidquid
551 2920 584 2982 in
600 2919 721 2983 mundo
737 2930 784 2982 est
799 2918 982 2984 hominibus
993 2918 1124 3008 largitus
1176 2979 1179 2986 .

77 3051 161 3104 est:
177 3034 232 3100 sed
245 3043 317 3122 post
329 3032 399 3097 haec
413 3030 532 3104 omnio,
544 3029 752 3118 semetipsum
765 3026 861 3091 dedit.
886 3049 898 3086 ι
913 3026 966 3093 Sic
980 3029 1066 3094 euim
1079 3031 1124 3096 di-

74 3177 95 3213 »
118 3145 198 3211 lexit
211 3143 297 3208 Deus
309 3140 477 3212 muudum,
493 3149 527 3202 ut
538 3135 654 3202 Filium
667 3153 760 3202 suum
773 3136 969 3224 unigenitum
983 3137 1114 3204 daret&

71 3278 149 3349 pro
167 3251 278 3317 mundi
294 3250 388 3338 hujus
404 3249 476 3312 vita.
496 3246 583 3325 Quid
599 3269 675 3335 ergo
696 3265 846 3332 magnum
863 3243 957 3310 societ
971 3246 1079 3324 homo,
1097 3251 1122 3315 si

76 3362 298 3448 semetipsum
312 3357 424 3423 offeret
437 3356 519 3432 Deo,
539 3356 596 3421 cui·
607 3355 674 3443 ipse
689 3377 722 3418 se
737 3356 823 3442 prior
837 3353 952 3419 obtulit
967 3355 1074 3420 Deus?
1089 3356 1123 3422 Si

73 3492 173 3560 ergo
190 3467 276 3533 telios
290 3487 421 3534 crucem
442 3477 542 3540 tuem,
561 3471 600 3528 'et
617 3462 756 3552 sequaris
772 3462 951 3536 Christum
972 3464 997 3529 si
1013 3464 1119 3531 dicost'

50 3646 59 3654 ,
87 3608 111 3643 ι
122 3579 208 3648 Viro
223 3588 341 3652 autem,
358 3576 423 3662 jam
439 3595 502 3638 non
518 3567 590 3661 eg'o,
607 3567 772 3638 vivit-vero
784 3571 816 3637 in
830 3591 883 3638 me
898 3572 1041 3662 Christus
1057 3573 1114 3647 ⁶3»

65 3692 112 3761 si
142 3685 368 3753 desideraret·
384 3683 468 3749 sitiet
493 3682 596 3747 animo
620 3665 726 3748 nostru
752 3680 869 3756 redire,
895 3666 928 3747 οἰ
952 3699 1021 3748 csse
1046 3705 1122 3749 cum

116 3849 126 3884 ¹
144 3869 152 3899 ι
168 3849 288 3898 Corinth.
300 3864 327 3908 ιι,
341 3849 377 3897 ro.
391 3876 421 3885 -
432 3844 443 3878 ²
456 3863 464 3894 ι
482 3846 543 3911 Reg.
556 3827 576 3894 i.
594 3875 623 3886 -
635 3843 644 3878 ⁸
657 3833 789 3907 lodicum,
801 3863 834 3894 ιιι.
846 3844 894 3882 ..t
905 3845 980 3894 doun.
992 3862 1029 3902 ιιι,
1044 3844 1123 3892 16.—

57 3930 74 3962 ⁵
98 3923 197 3975 Galat.
215 3941 243 3982 tr,
257 3937 294 3970 ιο.

938 4003 990 4065 55.
