2644 4612
283 303 290 322 ⁸
326 305 359 349 ιιι
385 304 545 349 cuurrcmr
569 303 771 350 cuurrcnnuu
794 305 854 347 ιιι.
882 305 929 346 ιιι.
1083 283 1143 366 491

107 431 282 516 unicnique
294 432 326 496 iu
343 431 430 499 omni
447 431 500 518 (ut
512 431 667 518 diximus)
682 430 825 496 castitute
837 429 1008 496 deserendo
1019 425 1147 496 ‹lilectio

106 550 166 604 ost.
194 538 378 609 seeundum
394 537 465 608 haec
481 541 577 607 etium
598 539 639 608 de
654 549 762 626 putre,
781 536 828 602 vel
845 537 957 612 fratre,
970 549 1065 623 atque
1076 532 1150 602 eliis

108 645 294 734 propinquis
328 648 576 716 observavimus.
601 647 683 734 Erga
705 657 830 712 sanetus
853 668 928 712 roro
954 644 1009 733 qui
1028 667 1092 710 nos
1115 644 1148 708 iu

110 753 238 821 Christo
251 767 429 842 genuerunt
443 802 452 830 ,
474 755 531 820 'sed
549 767 583 820 et
605 765 746 842 pastores
758 803 767 828 ,
778 766 882 840 *utque
896 753 1079 841 episcopos,
1101 747 1149 814 rel

109 862 163 949 qui
175 863 273 928 verbo
284 862 343 928 Dei
359 874 499 951 presunt
515 861 712 950 presbyteri,
731 874 785 927 aut
800 861 853 949 qui
873 861 955 926 bene
969 859 1150 925 ministrant

109 969 142 1034 in
153 967 317 1044 Ecclesia,
333 969 383 1035 vel
403 971 459 1058 qui
479 971 514 1035 in
530 969 592 1036 lide
605 967 792 1060 praeeelluut
809 981 962 1044 ceteros,
987 966 1152 1056 quomodo

105 1099 170 1142 non
183 1099 242 1164 pro
255 1077 504 1166 uuiuscujusque
517 1078 636 1144 meritis
652 1078 778 1144 silentio
788 1078 973 1166 pensabitur
985 1074 1150 1140 charitatis

105 1181 199 1272 longe
215 1185 406 1251 eminentior
421 1190 519 1273 quam
528 1207 601 1275 erga
617 1209 672 1252 eos
687 1185 797 1251 haberi
811 1197 936 1274 potest,
953 1185 1007 1273 qui
1023 1195 1077 1249 aut
1092 1183 1145 1247 ui-

103 1289 150 1358 hil
166 1290 304 1367 horum,
320 1305 454 1361 autnon
469 1295 589 1383 integre
604 1293 758 1384 egerunt?
775 1293 837 1359 Sed
853 1306 885 1359 et
901 1294 983 1358 inter
997 1303 1142 1382 parentes

104 1398 216 1467 fideles
234 1412 267 1466 et
287 1398 448 1477 infideles,
465 1403 619 1467 etsratres
635 1401 761 1478 fideles,
774 1425 811 1467 ec
827 1399 989 1477 infideles,
1008 1423 1144 1466 sorores·
1169 1463 1174 1472 ,

104 1531 188 1595 que,
201 1517 346 1596 potestne
362 1509 430 1575 fieri
448 1519 483 1574 ut
502 1533 567 1576 non
580 1533 654 1598 erga
673 1509 731 1576 hos
749 1508 888 1599 siugulos
905 1510 1045 1576 diversus
1064 1509 1143 1574 ordo

108 1617 262 1683 habeatur
280 1617 467 1698 eharitatis?
491 1619 578 1699 Ques
600 1617 794 1684 diversitates
814 1618 940 1682 intuens
959 1637 1092 1706 sponse,
1112 1628 1144 1680 et

110 1722 219 1788 videns
236 1723 273 1788 de
289 1724 338 1788 bis
353 1725 502 1791 omnibus
515 1727 627 1792 anime
643 1725 920 1814 ed'persectionem
934 1725 1077 1790 tendenti
1092 1747 1144 1789 ne-

108 1830 274 1898 cessariam
290 1831 387 1898 rideri
401 1833 564 1900 scientiam
579 1856 690 1900 eurum
703 1833 830 1907 rerum,
848 1844 883 1897 ut
895 1833 1144 1920 uniuscujusque

104 1934 168 2002 loci
188 1949 221 2002 et
243 1939 363 2006 ordinis
380 1962 542 2008 mensurus
562 1941 659 2031 possit
682 1951 791 2006 tenere
811 1940 992 2015 charitatis,
1010 1940 1086 2006 dicit
1105 1939 1146 2005 nd

104 2049 230 2115 amieos
252 2052 377 2138 sponsi,
396 2075 451 2117 eos
472 2051 618 2118 videlicet
636 2055 689 2140 qui
712 2055 843 2119 verbum
865 2055 922 2120 Dei
940 2053 1143 2120 ministrantr

110 2183 124 2217 s
140 2155 299 2220 Ordiuute
318 2157 350 2220 iu
362 2179 415 2223 me
430 2159 634 2232 charitatem,
648 2185 661 2218 ι
676 2159 737 2224 hoe
755 2173 803 2224 est
822 2163 935 2226 docete
951 2183 1018 2236 me,
1034 2174 1067 2226 et
1082 2173 1147 2226 tra·
1206 2166 1209 2172 ’

103 2261 175 2326 dite
185 2259 264 2326 mihi
276 2261 437 2350 quomodo
448 2261 709 2351 perbnensiugulu
722 2264 866 2330 ordinem
875 2285 1000 2331 servare
1013 2266 1146 2332 debeam

103 2369 281 2437 charitatis.
297 2370 417 2435 Omnes
428 2371 512 2436 enim
525 2370 668 2437 homines
684 2372 784 2458 (sieut
797 2374 862 2461 jam
871 2374 1006 2440 diximus
1015 2376 1026 2463 )
1036 2395 1146 2439 seeun-

1 2523 3 2546 ι
104 2477 186 2544 dum
197 2475 261 2542 hoo
271 2477 359 2566 quod
376 2477 493 2544 similes
506 2477 596 2543 nobis
613 2491 706 2555 sunt,
723 2477 865 2546 similiter
882 2477 1031 2570 diligendi
1049 2495 1145 2548 suutz

105 2587 175 2654 imo
187 2585 290 2650 omnis
303 2584 495 2651 rationabilis
507 2598 651 2652 ereatura
667 2611 682 2651 u
696 2587 808 2663 nobis,
827 2601 946 2677 utpote
957 2586 1148 2655 rationabili·
1262 2635 1268 2644 -

104 2696 190 2771 bus,
204 2690 366 2779 :equaliter
381 2693 538 2782 diligende
553 2707 609 2760 est.
629 2691 853 2783 Adjioiendum
873 2709 981 2762 tamen
1000 2697 1032 2767 in
1047 2697 1148 2763 cheri—

8 2856 10 2864 .
105 2814 179 2870 tate
192 2813 239 2867 est
255 2801 428 2889 unicuique
438 2803 480 2868 ud
490 2803 553 2868 hoe
568 2805 729 2892 quomodo
740 2814 806 2881 est,
822 2817 854 2869 et
870 2805 910 2871 ad
921 2805 984 2870 boo
994 2805 1082 2892 quod
1096 2829 1149 2873 ra-

104 2907 268 2975 tionabilis
283 2919 331 2972 est
346 2932 353 2973 :
372 2909 396 2973 si
407 2912 492 2974 verbi
505 2911 621 2998 gmtie,
636 2924 688 2976 aut
704 2912 736 2976 in
748 2914 910 2988 moribus,
925 2925 979 2978 unt
995 2914 1147 3004 inopere,

2 3083 4 3088 ,
106 3025 165 3085 a'ut
180 3017 213 3081 in
224 3018 386 3104 proposito
397 3067 406 3093 ,
419 3018 516 3081 autin
528 3018 658 3086 seientia
670 3071 679 3095 ‚
694 3020 791 3084 autin
807 3020 919 3084 studiis
933 3034 1061 3086 eeteros
1073 3041 1149 3110 prae·

108 3123 217 3192 cellit:
235 3136 268 3190 et
283 3125 406 3213 probis
421 3123 550 3213 siugulis
571 3127 747 3191 secundum
764 3149 857 3192 suum
872 3129 988 3218 cuique
1000 3131 1150 3196 meritum

110 3235 153 3298 ad
168 3232 346 3322 generalem
360 3232 563 3316 dilectionem
577 3232 757 3300 addendum
770 3237 923 3304 estetiem
936 3239 1077 3327 specialis
1093 3239 1148 3305 ali·

0 3332 11 3416 s
111 3341 192 3430 quid
203 3342 372 3408 charitatis.
391 3340 511 3407 Verum
527 3354 561 3406 ut
572 3343 675 3430 major
687 3343 726 3408 de
737 3339 786 3408 his
797 3344 953 3412 habeatur
965 3347 1149 3422 auotoritas,

112 3451 154 3516 sb
176 3449 241 3538 ipso
265 3451 334 3516 Deo
351 3451 513 3538 cupiamus
534 3449 727 3539 exemplum.
750 3451 820 3540 lpse
841 3455 927 3520 euim
944 3469 1027 3522 amnt
1044 3455 1150 3520 omnia

11 3551 14 3556 ’
109 3581 182 3646 quae
197 3570 272 3622 sunt
282 3555 456 3644 equaliter,
473 3569 507 3620 ut
522 3556 599 3622 nihil
611 3559 712 3623 oderit
728 3581 839 3626 eorum
852 3587 922 3650 qum
934 3565 1009 3629 lecit
1024 3587 1032 3626 ε
1047 3583 1149 3649 neque

108 3664 196 3729 enim
219 3663 295 3729 lecit
311 3663 429 3752 aliquid
446 3664 532 3752 quod
547 3665 620 3730 odio
638 3665 770 3731 heberet
791 3691 798 3732 τ
818 3683 1004 3735 nontamen
1027 3671 1068 3734 ob
1088 3666 1152 3734 hoo

1 3840 13 3869 r
108 3771 255 3836 similiter
274 3771 382 3838 dilexit
408 3772 571 3864 AEgyptios
593 3787 627 3838 ut
649 3776 818 3853 Hebraeos,
843 3790 874 3844 et
898 3777 1095 3844 Pharaonem
1118 3790 1153 3843 ut

108 3881 241 3968 bloysen
257 3895 290 3945 ot
306 3882 421 3948 Aaron.
442 3883 506 3950 Nec
524 3908 630 3950 rursus
644 3883 779 3974 reliquos
799 3885 880 3952 lilios
891 3885 991 3962 ,lsra'el
1009 3888 1152 3964 similiter
