2604 4614
235 341 237 347 Ι
293 279 325 321 m
350 279 510 322 canrrcuu
534 272 732 322 eturrconuu
754 279 827 322 nou.
857 279 877 319 1.
1035 255 1100 341 5²9

63 425 216 490 sponsum
228 402 372 468 cominus
383 397 591 489 loquebatur,
609 425 670 466 nec
686 401 761 466 dum
776 398 1016 467 adolescentulae
1029 393 1110 466 adess

65 523 163 576 rant:
194 510 226 574 in
243 509 355 574 mediis
382 531 456 574 vero
482 510 629 597 precibus
656 509 832 598 ingreditur
861 507 1102 595 juvencularum

68 618 203 692 chorus,
218 631 251 682 et
262 637 384 704 sponsae
395 615 541 682 laudatur
552 615 694 703 eloquiis.
721 617 913 704 «Propterea
926 613 1104 703 juvenculae

71 723 269 790 »dilexerunt
279 736 330 799 te,
348 737 380 789 et
396 735 591 790 attraxerunt
601 722 685 788 tet·
705 722 1021 811 Adulescentulaeque
1036 747 1104 788 res·
1207 775 1209 781 s

70 832 235 922 pendent:
266 831 368 896 «Post
382 843 415 896 te
436 831 469 897 in
485 832 582 898 odore
598 843 833 920 unguentorum
849 844 978 896 tuorum
993 853 1104 896 curre-

1 983 2 988 1
71 963 200 1005 »muca
231 938 336 1018 Quam
357 937 491 1027 pulchre
510 960 632 1028 sponsae
652 939 845 1028 pedissequae
865 939 1006 1004 necdum
1026 937 1107 1003 lidu-

1 1057 2 1094 ³
67 1047 150 1112 ciam
161 1045 283 1112 habent
294 1067 426 1133 sponsae.
441 1047 562 1134 Sponsa
578 1069 643 1112 nou
655 1059 725 1135 post
736 1059 861 1135 turgum
874 1047 1034 1135 sequitur:
1049 1047 1104 1111 sed

66 1153 368 1242 ingrediturjuncta
379 1153 495 1232 latere,
516 1153 787 1244 apprehenditque
803 1155 966 1220 dexteram
978 1154 1104 1244 sponsi,

67 1273 99 1325 et
112 1283 227 1326 manus
242 1261 313 1349 ejus
328 1262 434 1350 sponsi
450 1262 577 1328 dextera
594 1263 786 1328 continetur.
806 1259 947 1328 Famulae
968 1283 1044 1326 vero
1059 1261 1106 1326 iu·

71 1369 253 1458 grediuntur
276 1380 348 1456 post
369 1391 450 1436 eam.
475 1370 642 1459 Sexaginta
666 1382 739 1435 sunt
760 1370 875 1458 reginae
892 1381 925 1434 et
945 1369 1104 1457 octoginta

75 1477 255 1548 concubinae
267 1489 298 1542 et
314 1477 512 1566 juvenculas,
528 1501 661 1566 quarum
684 1489 812 1544 nonest
832 1476 1015 1546 numerus¹.
1037 1478 1118 1543 Une·

78 1596 122 1650 cst
131 1583 279 1652 columba
289 1607 379 1662 mea,
391 1585 532 1675 perlecta
543 1608 631 1661 mea,
647 1609 710 1652 uua
721 1597 768 1651 est
779 1585 872 1651 matri
885 1609 968 1661 suae,
984 1607 1046 1654 una
1056 1596 1106 1649 est

76 1693 102 1758 ei
120 1717 188 1780 quae
211 1693 352 1782 concipit
365 1692 462 1760 illam.
480 1695 554 1760 Post
568 1706 600 1759 te
616 1715 692 1783 ergo
707 1695 738 1759 in
755 1695 854 1759 odore
869 1703 1104 1783 unguentorum

70 1813 195 1866 tuorum
220 1823 397 1867 curremus.
422 1803 506 1867 Cum
530 1803 616 1868 omni
638 1802 804 1878 honestate
828 1800 1107 1868 deambulantibus

68 1907 190 1974 dictum
207 1920 272 1974 est:
296 1909 394 1974 «Post
404 1921 437 1974 te
451 1909 589 1978 inodore
606 1923 841 1999 unguentorum
857 1921 986 1975 tuorum
1001 1929 1107 1975 curre-

68 2039 181 2091 amus,
196 2045 209 2077 a
224 2018 402 2085 secundum
414 2015 512 2083 illud:
542 2017 704 2084 «Cursum
717 2017 933 2084 consummavi
943 2017 952 2054 ¹
964 2067 972 2095 ,
986 2045 999 2078 s
1018 2029 1052 2083 et
1067 2016 1107 2082 il-

69 2123 145 2190 lud:
164 2151 174 2186 a
187 2124 254 2204 Qui
265 2124 299 2190 iu
314 2125 418 2190 studio
431 2137 582 2201 currunt,
595 2149 705 2190 omnes
716 2127 844 2213 quidem
856 2138 1010 2200 currunt,
1026 2148 1106 2191 unus

73 2245 196 2300 »nutem
221 2232 341 2321 accipit
351 2233 552 2300 bravium⁴.r
573 2233 722 2300 Bravium
746 2235 891 2299 Christus
906 2246 963 2298 est.
983 2235 1023 2298 Et
1037 2233 1106 2300 brec

76 2339 198 2426 quidem
212 2339 480 2417 adoloscentulae,
494 2365 570 2429 quas
582 2353 712 2430 propter
725 2343 839 2407 amoris
850 2341 1015 2408 exordium
1030 2341 1106 2409 foris

71 2458 152 2512 stare
167 2449 409 2536 cognoscimus,
425 2451 514 2538 juxta
529 2449 608 2515 illud
620 2449 819 2538 exemplum:
837 2449 987 2516 «Amicus
1000 2461 1106 2515 autem

69 2555 197 2643 »spond
213 2567 299 2622 stans
310 2568 343 2621 et
358 2557 487 2623 audieus
499 2579 575 2624 cum
586 2557 702 2646 gaudie
716 2558 833 2645 gaudet
848 2569 978 2647 propter
993 2577 1108 2623 recem

66 2662 254 2752 »spanum
279 2663 355 2730 Tale
377 2665 529 2754 quiddam
545 2677 577 2730 et
593 2663 835 2732 adolescentulae
855 2664 1032 2730 sustinent:
1055 2664 1108 2729 in-

67 2783 217 2839 trecente
244 2794 360 2860 sponso
384 2773 558 2840 lorinsecus
584 2786 770 2849 remanent,
793 2795 907 2862 sponsu
940 2795 1012 2837 rere
1039 2793 1110 2860 spe·

65 2881 177 2955 ciusa,
193 2880 355 2967 perlecta,
372 2882 440 2946 siue
454 2880 599 2956 macula,
617 2883 684 2947 sine
695 2905 789 2970 ruga,
810 2882 841 2946 in
859 2882 965 2969 sponsi
978 2879 1108 2945 cubicu-

64 2986 157 3062 lum,
175 2987 208 3052 iu
221 2987 342 3076 regium
358 2987 520 3076 penetrale
531 2988 846 3076 ingressarerertitur
857 2986 1104 3076 adjurenculas,

62 3107 97 3160 et
113 3095 248 3163 nunciat
263 3096 308 3162 eis
323 3118 394 3184 quoe
408 3095 474 3161 sola
488 3096 704 3184 conspexerit,
722 3096 880 3185 dicitque:
903 3093 1107 3162 «Introduxit

63 3225 143 3270 nme
170 3225 227 3268 rex
246 3203 280 3270 in
306 3201 492 3269 cubiculum
514 3203 663 3268 suum‘.»
691 3205 761 3270 Non
777 3203 838 3281 ait,
856 3203 1031 3269 introduxit
1049 3227 1107 3269 nos

65 3309 175 3399 plures
195 3311 229 3376 iu
245 3309 428 3378 cubiculum
452 3334 565 3378 suum:
582 3310 689 3400 plures
707 3312 983 3386 soris-remanent,
1000 3312 1033 3377 in
1048 3335 1109 3377 cu-

63 3415 213 3487 biculum
229 3418 295 3486 sola
311 3419 486 3508 ingreditur
509 3443 641 3509 sponsa,
667 3432 702 3484 ut
728 3422 830 3488 rideat
852 3421 1017 3486 thesauros
1033 3421 1108 3516 pbs-

60 3527 216 3594 conditos
232 3538 265 3592 et
288 3531 492 3604 tenebrosos,
514 3529 740 3617 renuncietque
763 3527 958 3618 juvenculis:
978 3527 1107 3593 «Intro-

59 3663 72 3695 a
83 3635 182 3701 duxit
197 3657 251 3700 me
263 3658 317 3700 rex
329 3635 361 3702 in
373 3636 559 3703 cubiculum
571 3661 675 3702 suum.
686 3667 698 3699 r
715 3639 834 3704 Rursus
847 3629 1103 3710 adolescentulas,

96 3796 270 3858 mantnt,
285 3805 353 3861 4.-
372 3795 408 3848 ²3
425 3805 483 3866 lleg.
498 3818 533 3848 xr.
548 3830 577 3836 -
592 3798 601 3830 ²
616 3819 628 3849 n
643 3803 751 3861 Titum,
765 3821 786 3862 ςΔ
801 3798 852 3838 „t
870 3822 875 3848 r
894 3801 951 3850 Cur.
967 3817 1007 3852 rx,
1021 3808 1060 3854 ad.
1074 3827 1105 3836 -

54 3887 160 3938 ‘Joam
175 3904 222 3944 ιιι,
237 3905 277 3952 29.
290 3917 318 3924 -
333 3883 342 3915 ⁰
355 3887 426 3938 Cant.
443 3907 467 3950 1,
480 3896 500 3948 4.
