2682 4594
253 243 315 286 elo
629 300 631 308 Ι
700 241 841 282 outenttts

250 378 506 440 consumantur,
529 375 560 428 et
581 363 700 428 soenum
722 363 969 452 indignationis,
992 377 1024 428 et
1045 366 1158 456 stipula
1173 368 1269 436 urlau-

251 497 321 538 rnm
332 500 348 550 ,·
358 495 471 552 eorum
484 470 630 542 videlicet
647 494 716 558 quse
730 469 911 559 hujusmodi
932 471 1014 536 vitiis
1025 474 1171 562 exagitati
1180 489 1271 564 protu

250 579 354 645 limus.
380 580 501 646 ldcirco
513 601 589 666 ergo
610 605 622 636 u
638 563 746 644 desine
761 578 801 644 ub
814 579 878 654 irs,
896 591 928 644 et
939 577 1083 669 relinque
1099 582 1272 672 indignatio-

251 712 345 753 »nenr
358 711 366 751 :
381 714 394 747 ι
412 687 522 760 idest,
536 709 598 750 non
613 685 782 752 satisfacias
798 687 909 752 animis
921 688 1002 763 tuis,
1018 711 1092 754 cum
1109 706 1273 758 commotus

250 795 345 859 lucris
365 795 404 860 ad
425 793 642 870 iracundiam,
660 793 716 858 sad
734 794 860 872 desine,
877 794 1085 884 derelinque,
1103 811 1268 868 contemne.

249 902 312 968 Nos
324 925 400 969 vero
412 925 485 968 cum
497 902 564 967 haec
577 901 725 969 mandata
734 902 961 991 suscipiamus,
975 916 1007 968 et
1018 925 1036 968 e
1047 908 1273 974 contrariocum

247 1010 398 1076 commoti
413 1009 584 1084 fuerimus,
601 1031 667 1074 non
683 1010 723 1073 ab
738 1009 921 1086 iracundia,
939 1011 995 1076 sed
1011 1035 1028 1076 a
1043 1016 1271 1082 mansuetudine

69 1139 73 1146 ’
150 1195 154 1206 1
246 1115 436 1193 desinimus,
454 1139 517 1180 non
531 1115 778 1204 indignationem
794 1115 1021 1206 relinquimus,
1036 1119 1092 1184 sed
1109 1118 1271 1188 lenitatem.

243 1219 362 1288 Verum
385 1245 423 1284 ex
441 1219 503 1286 hoc
521 1219 631 1284 saltem
656 1219 845 1307 incipiamus
860 1221 1037 1289 emendare·
1055 1226 1271 1316 nosmetipsos,

243 1343 275 1394 et
290 1330 441 1418 paulatim
457 1354 514 1420 per
530 1329 759 1396 continentiam
771 1342 803 1393 et
816 1330 973 1396 assiduam
990 1332 1224 1402 meditationem
1237 1338 1271 1402 le

242 1439 366 1514 niente-s
386 1437 601 1512 iracundiam,
625 1437 787 1502 veniamus
809 1437 905 1502 etium
929 1438 960 1502 in
983 1437 1046 1504 hoc
1062 1453 1098 1505 ut
1122 1442 1202 1510 ultra
1216 1469 1270 1512 non

240 1547 437 1612 irascamur:
458 1558 551 1632 atque
570 1543 792 1632 indignationis
811 1566 881 1630 quae
901 1567 959 1634 por
977 1545 1118 1613 furorem
1141 1553 1270 1618 concite-

241 1662 312 1724 tur,
335 1651 489 1737 impetum
506 1647 710 1714 retundentes
734 1646 881 1720 assidue,
895 1649 1115 1736 perveniemus
1133 1678 1227 1742 usque
1245 1659 1271 1722 in

241 1754 318 1820 illud
339 1754 477 1819 neultra
502 1754 725 1840 indignationis
744 1755 959 1820 commotione
980 1759 1159 1826 turbemur.
1182 1763 1270 1830 «Noli

242 1861 405 1927 »aemulari
426 1874 461 1924 ut
480 1860 626 1946 nequiter
640 1858 735 1924 facias
747 1859 769 1923 ¹.
792 1889 805 1920 »
820 1859 908 1936 Noli,
929 1863 1048 1950 inquit,
1062 1866 1093 1930 in
1106 1869 1267 1936 aemulatio

242 1992 314 2033 uem
324 1967 472 2054 nequitiae
489 1977 620 2031 caeteros
630 1968 851 2054 provocando,
866 1969 961 2035 etiam
970 1972 1036 2060 ipse
1045 1997 1180 2062 nequam
1189 1978 1271 2044 lieri:

241 2077 313 2164 qnia
326 2073 484 2140 aemulatio
500 2072 574 2140 meli
590 2075 716 2138 vincere
732 2097 857 2163 semper
872 2077 903 2141 in
921 2078 1039 2146 malitia
1058 2082 1266 2150 aliumstudet.

284 2183 336 2261 lV,
352 2212 363 2244 a
379 2185 461 2264 Quia
474 2183 527 2271 qui
543 2184 688 2268 nequiter
699 2196 795 2271 agunt
807 2235 816 2260 ,
829 2188 1139 2256 exterminabuntur:
1154 2193 1207 2280 qui
1219 2218 1273 2258 au-

241 2304 325 2356 »tem
341 2303 509 2382 expectant
523 2291 714 2366 Dominum,
728 2292 785 2382 ipsi
798 2292 981 2362 hereditate
993 2300 1198 2384 possidebunt
1210 2314 1276 2368 ter-

240 2397 362 2465 »ram².
380 2429 392 2460 ι
413 2397 553 2487 Apparet
576 2398 649 2484 quia
672 2399 810 2484 nequitia
836 2399 894 2466 alin
916 2403 1046 2488 quidem
1061 2407 1183 2496 species
1205 2409 1278 2476 mali

236 2521 284 2572 est
293 2557 302 2583 ,
311 2517 545 2596 prmteremtera
557 2518 700 2594 peccata.
720 2505 810 2572 Unde
822 2520 855 2572 et
867 2508 918 2574 hic
932 2513 1171 2580 sermodivinus
1184 2516 1278 2584 elium

237 2614 387 2680 describit
405 2624 627 2702 peccatorem,
644 2625 679 2676 ct
693 2612 789 2679 alium
806 2638 961 2704 nequam,
978 2619 1059 2684 sicut
1076 2634 1108 2686 et
1124 2623 1170 2688 ibi
1188 2625 1279 2692 simili

238 2725 336 2788 utitur
351 2721 553 2786 distinetione
572 2743 647 2786 cum
664 2720 763 2786 dicit:
790 2751 801 2782 a
821 2724 959 2790 Contere
978 2726 1149 2798 brachium
1165 2756 1280 2820 pecca-

237 2832 336 2895 »turis
357 2841 388 2895 et
412 2826 560 2916 maligni⁸
578 2877 587 2902 ,
608 2857 620 2888 ι
645 2829 739 2892 idest
760 2849 907 2916 nequam.
928 2833 992 2898 Sed
1018 2847 1050 2898 et
1072 2837 1236 2908 Dominus
1253 2845 1279 2908 in

237 2931 407 3021 Evangelio
429 2931 590 2997 diabolum
615 2955 680 2996 non
703 2933 779 2996 dixit
802 2948 1003 3022 peccatorem
1025 2949 1278 3013 tantummodo:

237 3041 292 3106 sed
307 3039 498 3128 malignum,
513 3037 559 3106 vel
572 3037 711 3114 malum,
729 3051 760 3104 et
782 3064 855 3106 cum
880 3044 973 3110 docet
994 3046 1026 3112 in
1049 3052 1221 3130 oratione,
1238 3055 1280 3120 rel

237 3149 332 3214 dicit:
355 3174 366 3206 α
385 3145 448 3211 Sed
462 3145 634 3212 liberanos
653 3171 673 3212 a
690 3146 774 3212 malo
788 3148 809 3212 ⁶.
827 3177 839 3208 s
854 3152 894 3216 Et
910 3151 1003 3219 alibi:
1021 3183 1034 3218 ι
1053 3157 1158 3228 Malus
1184 3165 1280 3232 homo

238 3253 374 3335 nlecit‘,
388 3281 401 3314 r
415 3253 479 3318 sive
490 3251 655 3341 malignus.
675 3254 837 3321 Definiunt
854 3259 981 3346 quidam
997 3281 1144 3352 πονηρίαι,
1162 3273 1203 3338 id
1219 3289 1280 3348 est,

236 3363 437 3458 nequitiam,
466 3375 671 3452 spontaneam
698 3362 747 3429 uel
776 3364 982 3434 voluntariam
1014 3397 1081 3440 esse
1109 3379 1279 3448 malitiam

239 3471 335 3538 Aliud
360 3480 407 3536 est
433 3470 519 3535 enim
539 3494 596 3559 per
620 3472 826 3559 ignorantiam
853 3475 934 3542 mala
962 3503 1076 3568 egere,
1100 3499 1135 3550 ot
1154 3491 1282 3556 vincia

236 3577 320 3647 malo
335 3604 343 3644 ι
362 3578 444 3644 aliud
459 3590 506 3643 est
520 3577 681 3646 volumtate
698 3594 729 3646 et
748 3584 851 3648 studio
866 3583 948 3654 mala
965 3587 1086 3667 lacere,
1101 3608 1134 3660 et
1149 3595 1223 3664 hoc
1239 3615 1283 3662 est

271 3743 493 3808 ¹Psnlnnuxvt,
517 3739 875 3810 8.-²1btu.9.-⁸td.x,
901 3746 939 3799 15.
993 3751 1105 3808 ‘dlrttln
1127 3777 1170 3822 rr,
1201 3763 1284 3814 ,3,-

235 3843 245 3875 ⁵
260 3838 297 3885 Id.
312 3851 372 3894 xnr,
387 3833 427 3884 28.
988 3839 992 3856 ⁸
