2682 4594
175 183 239 250 206
618 199 781 245 onrrusrs.

175 347 254 390 »cus
265 323 287 388 ¹.
306 351 317 382 s
333 322 423 388 Unde
432 313 468 386 ¹et
483 321 515 386 in
528 319 589 385 ulio
599 319 721 408 psalmo
734 319 774 384 ad
789 319 926 384 unimam
943 340 1032 383 suom
1048 316 1218 384 (110111110-

175 434 270 520 pheta
284 453 292 495 :
305 429 555 496 «Verumtamen
564 430 632 493 Deo
646 427 771 493 subdita
786 438 854 490 esto
865 426 970 491 anima
982 447 1054 490 mea
1065 475 1074 500 ,
1087 425 1162 512 quis
1175 424 1216 488 ab

178 540 266 626 »ipso
281 548 329 600 est
344 535 494 625 patientia
510 532 609 600 meu².
631 533 715 600 »Sed
730 544 762 598 et
777 530 945 620 Apostolus
960 555 1074 619 magno
1086 531 1216 618 quidem

177 655 210 708 et
226 642 361 729 mystica
381 639 421 704 de
442 639 639 727 subjectione
658 637 814 726 significat
833 637 941 702 dicens
958 659 991 700 :s
1008 638 1090 700 Cum
1110 646 1218 700 eutem

181 735 345 836 »subjectu
357 747 385 811 ei
398 746 515 824 fuerint
530 747 653 822 omnia,
666 758 743 811 tune
759 757 791 809 et
806 745 873 834 ipso
885 742 1147 831 liliussubjectus
1158 741 1219 805 erit
1276 725 1278 730 ¹

181 857 232 921 »ei
247 856 301 943 qui
316 853 456 920 subdidit
470 849 576 919 omnia
586 853 609 919 ³.
625 881 638 916 s
655 852 736 919 Audi
753 875 828 940 ergo
843 851 920 940 quid
935 851 1011 917 dicit
1025 850 1098 938 quis
1112 848 1219 914 omnia

182 987 309 1029 neeesse
323 974 373 1028 est
386 961 512 1028 Christo
530 985 598 1027 esse
617 961 778 1049 subjecta,
794 971 826 1025 et
844 971 920 1025 tunc
937 959 1039 1047 ipsum
1055 981 1124 1024 esse
1143 959 1221 1022 sub-

181 1076 321 1162 jectum,
338 1073 535 1161 subjectione
554 1070 698 1137 videlicet
718 1067 770 1136 illa
789 1093 884 1157 quarn
902 1071 941 1134 (10
960 1069 1070 1157 spiritu
1086 1065 1220 1154 intelligi

183 1181 313 1269 dignum
332 1190 389 1244 est.
411 1179 541 1244 lnterim
564 1201 692 1245 neccsse
708 1189 756 1243 est
772 1177 878 1242 omnio
900 1176 1026 1242 Christo
1049 1197 1118 1240 esse
1142 1176 1224 1238 sub-

183 1287 286 1374 jecte,
302 1298 338 1350 ut
352 1299 430 1351 tuuc
449 1286 578 1352 demum
594 1287 690 1352 ctiam
705 1285 770 1373 ipse
785 1283 922 1374 impletis
937 1283 1084 1348 omnibus
1100 1294 1134 1346 et
1148 1305 1226 1370 per-

167 1396 274 1460 'seotis
295 1417 352 1482 per
368 1393 619 1481 subjectionem,
637 1405 787 1478 tanquam
802 1392 942 1456 victoriae
957 1413 1021 1455 suae
1037 1389 1122 1454 hune
1142 1388 1226 1453 rele-

186 1525 257 1567 rens
270 1499 407 1589 palmam
420 1501 501 1587 patri
513 1500 637 1567 dicatur
648 1500 771 1565 futurus
786 1522 853 1564 esse
865 1499 1036 1586 subjectus.
1054 1496 1152 1577 Quod
1167 1496 1226 1560 nisi

185 1609 319 1696 mystice
336 1605 542 1695 intelligatur,
558 1607 691 1696 impium
708 1605 826 1694 aliquid
841 1605 908 1670 sine
923 1605 1020 1671 dubio
1036 1627 1102 1669 uon
1118 1605 1229 1669 adver-

186 1715 326 1780 tentibus
343 1714 484 1781 indicore
502 1713 653 1778 creditur.
673 1714 742 1780 Nou
759 1712 845 1778 enim
863 1713 1039 1800 putandum
1055 1723 1123 1786 est,
1140 1711 1226 1799 quosl

188 1819 271 1886 filius
290 1819 348 1884 Dei
365 1841 451 1883 nuno
465 1818 595 1906 quidem
614 1819 694 1905 patri
714 1842 914 1907 nequaquem
933 1819 1096 1906 subjectus
1116 1819 1175 1892 sit,
1192 1819 1225 1881 in

189 1925 365 1992 novissimis
388 1948 461 1989 vero
484 1925 678 2012 temporibus
702 1948 775 1990 cum
794 1925 854 1990 sibi
872 1924 990 2017 fuerint
1011 1938 1125 1991 cuncta
1146 1927 1224 1988 sub·

191 2035 293 2120 jecta,
306 2043 382 2096 tunc
398 2033 458 2095 orit
469 2043 501 2095 et
515 2032 581 2119 ipse
597 2031 758 2119 subjectus
773 2032 848 2098 :sed
860 2033 933 2120 quia
948 2033 1055 2098 omnia
1071 2033 1218 2098 nostruin

192 2163 225 2205 se
245 2139 375 2226 recipit,
398 2151 478 2202 etse
494 2161 561 2204 esse
577 2139 654 2204 dicit
672 2140 772 2226 quiin
794 2140 884 2206 nobis
900 2141 1016 2206 esuriat
1035 2165 1044 2206 t
1062 2164 1153 2229 seque
1168 2141 1224 2228 qui

193 2247 224 2311 in
244 2246 335 2310 nobis
350 2246 453 2321 sitiat,
470 2258 502 2310 et
520 2247 624 2312 nudus
642 2245 682 2312 sit
701 2253 795 2335 utque
812 2272 911 2336 aeger,
929 2249 1046 2337 quique
1063 2250 1179 2337 hospes
1196 2261 1229 2313 et

193 2353 246 2442 qui
262 2357 402 2417 retrusus
421 2353 452 2416 iu
465 2377 647 2430 carcerem,
664 2365 696 2419 et
716 2355 867 2442 quidquid
884 2358 937 2421 uni
952 2379 992 2422 ex
1009 2335 1149 2422 minimis
1165 2359 1231 2422 suis

191 2458 311 2526 fuctum
333 2460 446 2535 fuerit,
466 2460 525 2525 sibi
543 2461 662 2526 fuctum
680 2484 747 2526 esse
768 2473 902 2527 testetur
920 2487 928 2528 :
949 2477 1182 2550 consequenter
1199 2477 1232 2530 et

193 2568 307 2633 merito
326 2591 400 2634 oum
417 2569 630 2656 unusquisque
646 2581 790 2635 nostrum
807 2568 900 2664 plene
915 2584 947 2636 et
963 2571 1103 2661 perfecte
1118 2574 1234 2640 subdi-

195 2687 247 2739 tur
262 2675 349 2750 Deo,
366 2677 408 2741 itu
425 2677 505 2741 utin
520 2675 608 2741 nullo
623 2701 752 2764 prorsus
767 2677 951 2745 inobediens
966 2693 1096 2768 pareat,
1113 2705 1149 2746 se
1164 2706 1234 2748 esse

194 2781 357 2844 subditum
372 2792 574 2869 protestatur.
594 2781 705 2856 Sedet
719 2781 780 2846 olio
794 2784 890 2847 modo
905 2783 1028 2872 plenius
1043 2783 1236 2876 intelligitur

195 2887 281 2972 quod
305 2888 448 2953 dicimus.
472 2887 505 2952 Si
525 2887 653 2976 aliquod
678 2891 859 2955 membrum
881 2892 1022 2980 corporis
1048 2892 1236 2970 doleamus,
1329 2959 1331 2992 1

194 2996 336 3082 quumvis
349 2995 451 3060 animo
465 3007 572 3062 nostra
581 2994 749 3060 incolumis
761 2997 819 3072 sit,
839 3010 871 3062 et
883 2997 1002 3086 relique
1013 3001 1121 3066 omnia
1133 3024 1237 3067 mem·
1328 3077 1331 3084 ¹

193 3103 250 3167 bra
266 3114 372 3167 nostra
389 3126 462 3166 sunu
479 3103 558 3178 sint,
576 3113 683 3168 tomen
699 3105 772 3190 quiu
791 3103 899 3169 dolore
917 3107 1010 3170 unius
1025 3109 1164 3174 membri
1183 3122 1239 3174 to-

195 3221 245 3273 tus
261 3208 358 3273 homo
374 3209 533 3297 affligitur,
550 3233 615 3275 non
631 3211 764 3276 dicimus
777 3212 850 3298 quis
864 3212 1066 3290 sanisumus‚
1084 3217 1140 3282 sed
1158 3219 1239 3306 quia

195 3314 277 3380 mulo
291 3314 456 3381 habemus.
475 3315 571 3382 Verbi
591 3340 703 3394 eausa,
720 3319 854 3385 dicimus
874 3343 882 3384 :
900 3319 952 3386 ille
969 3345 1035 3387 uon
1053 3335 1103 3387 est
1123 3348 1235 3392 sanus.

195 3422 324 3503 Quare?
344 3424 417 3512 quia
437 3425 533 3513 pedes
555 3425 657 3502 dolet,
679 3439 734 3492 sut
755 3451 864 3502 renes,
884 3442 939 3494 out
958 3431 1174 3498 stomachum.
1197 3437 1240 3500 Et

193 3555 287 3596 nomo
304 3531 378 3598 dicit
394 3532 466 3617 quia
482 3555 576 3598 sarius
592 3546 639 3598 est
655 3535 679 3598 si
696 3536 895 3628 stomachum
912 3535 1013 3614 dolet,
1031 3539 1170 3606 sednon
1188 3557 1241 3607 est

194 3663 287 3704 senus
309 3639 380 3727 quio
408 3640 608 3706 stomachum
635 3641 729 3706 dolet.
760 3642 792 3707 Si
815 3639 1009 3710 intellexistis
1028 3647 1241 3738 exemplum,

232 3794 240 3828 ¹
254 3791 338 3838 Psslrn.
351 3807 409 3840 cxix
420 3825 425 3846 ‚
438 3791 461 3838 6.
474 3817 505 3827 -
516 3787 527 3820 ²
538 3791 575 3838 lrl.
589 3763 684 3852 risr,6.
704 3820 735 3830 -—
748 3793 777 3842 ⁸1
794 3793 850 3842 Cor.
860 3810 909 3854 xv,
922 3793 962 3844 at.
