2706 4624
301 284 332 328 rrv
356 267 528 327 usvrsicsn
549 283 678 328 soniare
700 283 763 330 xvr.
982 262 1042 347 275

82 403 300 490 rentespientior
321 403 463 468 omniurn
487 404 658 469 bestiarum
679 384 748 492 quae
768 415 841 470 sunt
862 427 957 493 super
977 414 1042 468 ter·-

76 511 240 601 rran¹.ripsn
252 537 325 601 ergo
335 527 385 578 est
395 514 462 580 baec
474 512 555 580 male
567 516 678 590 bestia,
688 537 783 602 quam
792 514 947 603 promittit
958 514 1043 580 Deus

73 623 300 690 exterminaturum
321 645 353 688 se
376 624 415 690 de
435 637 519 689 terra
543 637 661 702 nostra,
680 626 704 690 si
725 626 794 714 ejus
814 624 961 693 mandata
976 647 1045 688 ser-

74 754 152 796 venu.
166 732 211 798 Vis
227 734 331 798 ridere
344 745 377 799 et
392 732 485 799 alium
504 735 637 799 bestiam
657 732 796 800 melanii
811 759 824 793 r
839 732 1043 820 Adversarius

31 905 32 916 p
74 859 168 914 ersten
180 843 296 929 inquit,
312 841 455 908 diabolus
471 843 552 908 sicut
568 841 616 906 leo
633 843 757 930 rugiens
773 843 886 908 circuit
899 863 1043 930 quaerens

31 939 32 944 ἵ
73 972 151 1034 rqoen
167 963 348 1032 transvoret,
371 955 422 1019 cui
442 954 575 1020 resistite
596 953 692 1018 sortes
714 955 746 1020 in
769 953 887 1019 fide¹.r
901 954 998 1034 Quod
1019 955 1044 1018 si

74 1058 139 1125 adbuc
146 1061 236 1149 plures
248 1064 366 1129 bestias
377 1065 422 1130 vis
435 1065 568 1141 discere,
581 1063 707 1130 docebit
720 1076 750 1129 te
761 1063 865 1130 Esaias
877 1064 1043 1152 propbeta,
1083 1043 1090 1056 ¹

69 1168 104 1252 pt
116 1171 159 1234 sub
176 1171 287 1237 visione
304 1195 399 1259 quam
418 1172 585 1240 attitulavit
603 1175 844 1264 quadrupedum
859 1174 1042 1248 indusiato,

64 1273 113 1340 utta
130 1281 252 1367 quedam
275 1282 464 1370 prophetico
483 1284 594 1372 spiritu
614 1284 654 1350 de
671 1285 778 1350 bestiis
799 1284 938 1372 loquitur
954 1307 961 1348 ε
979 1311 992 1344 r
1007 1283 1044 1348 ln

63 1387 257 1466 rtn'bedatione,
281 1393 405 1476 inquit,
429 1402 461 1456 et
482 1393 624 1480 angustia
645 1392 706 1468 leo,
726 1406 759 1458 et
777 1392 899 1460 catulus
916 1389 1041 1458 leonis:

67 1493 178 1560 »indeet
188 1502 240 1565 uati
256 1501 404 1588 aspidum
420 1499 604 1576 volentium,
621 1503 674 1590 qui
689 1503 858 1591 portabant
873 1525 967 1589 super
982 1503 1044 1565 asi·

68 1617 168 1682 {notet
180 1609 301 1674 unetos
314 1609 437 1674 divitius
454 1633 525 1674 sues
545 1611 585 1674 ad
602 1623 728 1700 gentem
743 1635 813 1699 quae
826 1633 890 1676 non
905 1609 1047 1699 proderit
1078 1661 1082 1670 .

71 1713 163 1776 'tie's
176 1718 321 1809 Numquid
334 1719 398 1784 ullo
410 1721 505 1785 modo
516 1721 614 1786 videri
626 1735 758 1811 possunt
770 1723 836 1788 haec
849 1723 889 1788 do
900 1741 1046 1811 corpora-

71 1817 331 1908 iibusbestiisdicta,
352 1831 447 1895 etiam
466 1831 502 1895 iis
519 1831 572 1918 qui
595 1829 684 1896 valde
705 1833 797 1896 amici
818 1843 891 1896 sunt
910 1827 1046 1896 litterani

68 1929 197 2009 Quomodo
209 1944 289 2006 euim
305 1938 368 2016 leo,
385 1954 418 2006 et
433 1939 555 2006 catulus
570 1939 681 2019 leonis,
698 1940 746 2005 vel
768 1942 889 2030 aspides
906 1940 1045 2006 volentes

68 2059 167 2126 possunt
179 2071 259 2137 super
274 2048 411 2115 camelos
431 2061 463 2114 et
481 2051 584 2115 asinos
599 2063 724 2138 portare
741 2049 861 2116 divitius
875 2073 945 2116 suas
955 2051 969 2115 i
979 2049 1044 2116 Sed
1144 2059 1152 2073 ⁴

68 2154 195 2220 evidenter
207 2162 366 2226 contrarias
380 2172 550 2249 potestates
562 2161 741 2226 damonum
752 2161 959 2248 pessimorum
971 2161 1046 2226 Pro»

73 2259 148 2344 pheta
163 2265 260 2352 Spiritu
278 2283 380 2337 uncto
402 2268 541 2358 repletus
559 2283 736 2343 enumerat,
755 2293 871 2356 eosque
888 2269 1045 2336 collocare

75 2366 170 2436 rtisities
182 2374 378 2468 deceptionum
395 2403 524 2445 suarum
540 2401 633 2469 super
647 2382 766 2446 animas
781 2377 907 2446 stolidos
921 2403 1046 2469 mretr-

65 2499 163 2567 tttqve,
175 2508 237 2572 ques
249 2489 373 2556 camelis
389 2503 420 2554 et
436 2490 530 2556 asinis
541 2513 598 2579 per
609 2489 742 2578 figuram
755 2490 1047 2580 comparticip-

59 2589 134 2652 nerit.
147 2593 179 2656 Et
190 2595 221 2660 iis
234 2601 342 2665 bestiis
357 2621 399 2663 ne
414 2599 592 2664 traderetur
608 2600 711 2664 anima
727 2599 829 2666 Deum
844 2602 958 2668 timens
972 2621 1048 2666 orae

55 2695 95 2759 bet
110 2703 242 2790 propbeta
264 2705 369 2770 David
391 2707 499 2772 dicens
514 2731 545 2770 :e
562 2707 632 2773 Non
655 2708 760 2772 tradas
780 2709 886 2773 bestiis
908 2709 1046 2776 animant

58 2809 248 2880 sentientem
265 2814 353 2880 sibit
364 2792 383 2874 ιμ
394 2841 408 2908 ¹r
419 2817 459 2880 Et
469 2815 698 2887 exterminabo,
710 2817 832 2902 inquit,
847 2818 962 2882 bestias
975 2839 1048 2883 mo-

49 2916 146 3007 ·b'gune
160 2925 196 2990 de
212 2939 299 2992 terra
318 2939 432 3002 vestra,
444 2938 476 2992 et
495 2945 599 3016 pugna
615 2949 679 2991 non
699 2929 844 2992 transibit
859 2949 914 3016 per
929 2941 1046 2996 terram
1130 2930 1132 2941 ’

51 3044 179 3102 »turem
193 3035 239 3103 ⁸.»
254 3036 366 3102 Multo
381 3049 453 3102 sunt
470 3057 582 3126 pugnes
597 3061 666 3126 ques
682 3051 846 3103 transeunt
859 3061 915 3128 per
929 3051 1055 3123 terram

51 3156 154 3212 uotum
169 3151 194 3214 si
216 3149 323 3239 tegern
344 3147 401 3214 Dei
418 3171 481 3214 non
498 3150 706 3224 custodimus,
723 3171 782 3214 noc
800 3163 956 3239 praesepta
977 3151 1047 3239 ejus

46 3273 183 3324 memus.
196 3259 324 3324 Redeat
336 3261 552 3348 unusquisque
567 3259 607 3325 ad
623 3260 760 3325 animem
775 3283 876 3335 suam,
889 3263 998 3350 etipse
1013 3283 1048 3326 se

47 3358 136 3432 ⁸tttterna
148 3371 373 3436 recordatione
383 3369 542 3445 discutiat,
553 3383 585 3436 et
596 3371 699 3436 videat
711 3371 871 3458 quomodo
884 3383 965 3436 terna
977 3393 1049 3436 nos-

46 3479 86 3546 ter,
100 3479 130 3543 id
148 3493 208 3556 est,
230 3503 308 3548 caro
330 3493 450 3556 nostre,
472 3503 559 3547 nunc
580 3482 691 3569 spiritu
714 3479 940 3556 fornicationis,
962 3500 1051 3548 nnnc

42 3579 81 3646 ite
92 3601 115 3652 et
128 3590 246 3657 suroris
268 3603 410 3679 urgetur,
423 3613 510 3665 nunc
526 3591 662 3660 avaritiae
677 3588 787 3679 jaculis
803 3591 1049 3679 agitatur‚1runc

66 3759 130 3813 ¹Grn.
143 3785 181 3824 ιιι,
194 3785 217 3815 ι.
234 3765 287 3804 —2
301 3782 308 3812 r
323 3768 376 3815 Per.
392 3783 415 3824 v,
425 3767 449 3816 8.
462 3767 511 3804 —³
526 3768 582 3816 lsai.
596 3783 652 3816 xxx.
664 3767 687 3814 6.
701 3793 729 3802 -
741 3765 750 3796 ⁴
762 3763 853 3814 Psalm.
869 3782 949 3826 cxxiv,
966 3783 1004 3829 ¹9·
1017 3791 1047 3802 -·
1078 3791 1083 3804 ν

40 3830 116 3886 'benit
127 3857 193 3901 sur,
205 3844 233 3902 5,
247 3841 273 3888 6.

143 3952 184 3992 rx.
860 3927 896 3989 18

882 4175 899 4216 ἱ
