2660 4610
188 278 256 355 au
645 253 787 340 omero·

186 419 232 485 ris
250 417 380 506 longum
397 416 546 504 videatur
557 439 626 482 ease
643 429 676 482 et
697 440 886 505 operosum,
909 416 1056 506 colligere
1072 442 1114 483 er
1129 421 1230 508 Sorip

186 527 264 590 turis
295 525 432 600 dionis,
461 525 494 590 in
521 525 636 612 quibus
670 522 720 588 rel
750 524 887 612 qualiter
913 528 1108 592 sacramenti
1139 528 1229 615 hujus

110 623 121 640 ⁸
186 634 288 706 forma
312 634 508 722 praecesserit
530 655 538 696 :
560 643 667 697 tamon
682 655 751 696 non
772 631 851 698 mihi
869 633 995 720 penitus
1019 635 1230 700 omittendum

185 741 329 818 videtur,
351 741 406 806 sed
421 763 516 828 quam
533 739 672 828 potuerit
689 741 827 806 breviter
841 742 1114 836 memorandum..
1132 743 1231 808 Primo

184 876 260 941 ergo
286 853 318 916 in
345 851 559 916 Numerorum
582 844 663 914 libro
692 849 732 913 de
754 849 946 938 AEthiopissa
969 851 1013 916 ita
1039 851 1229 938 seriptum:

193 962 263 1025 «Et
285 957 391 1024 loeuta
413 968 462 1022 ost
477 955 574 1022 Maria
601 955 641 1021 ad
663 957 789 1034 Aaron,
809 970 842 1022 et
870 957 1116 1046 derogaverunt
1141 958 1230 1046 lloysi
1318 951 1319 984 ³

185 1078 337 1156 »propter
362 1063 530 1130 mulierem
551 1063 777 1152 AEthiopissnm
795 1088 892 1152 quam
919 1067 1044 1154 aceepit
1078 1089 1229 1141 uxorem.
1317 1069 1318 1086 ¹

184 1185 238 1238 ret
265 1175 413 1238 dixerunt
439 1195 446 1236 ε
476 1171 637 1258 Numquid
662 1171 763 1260 Moysi
790 1171 846 1237 soli
873 1171 1002 1238 loeutus
1035 1185 1091 1237 est
1133 1172 1231 1239 Domi·

181 1281 287 1347 anua?
308 1279 421 1346 Nonne
439 1291 472 1344 et
490 1279 582 1344 nohis
601 1275 726 1344 locutus
744 1279 836 1344 eat¹i
854 1307 868 1341 ι
884 1281 924 1345 Et
939 1281 1063 1345 iterum
1092 1281 1129 1346 in
1148 1282 1228 1348 tertio

181 1391 366 1478 Regnorum
385 1387 467 1452 libro
486 1387 642 1475 scriptum
660 1397 709 1451 est
727 1387 767 1451 de
784 1387 903 1476 Regina
923 1388 1010 1454 Saba
1025 1437 1035 1460 ‚
1057 1389 1141 1476 quia
1158 1391 1227 1455 verrit
1316 1407 1317 1424 ²

181 1523 197 1564 a
220 1497 337 1563 linibus
359 1509 451 1561 terrae
472 1495 584 1560 audire
603 1495 792 1582 sapientiam
813 1494 993 1561 Salomonis
1020 1497 1094 1563 hoo
1116 1498 1222 1564 modo:
1322 1515 1323 1518 ’

188 1609 337 1698 ‹Regina
358 1606 440 1674 Saba
463 1606 582 1672 audivit
607 1629 725 1671 nomon
750 1604 949 1684 Salomonis,
973 1621 1008 1674 et
1033 1612 1221 1676 nomenllo

181 1717 298 1791 omini,
319 1727 352 1780 et
369 1715 453 1780 venit
468 1725 590 1779 tentare
609 1735 685 1778 oum
703 1714 736 1778 in
755 1714 929 1803 parabolis,
947 1728 981 1781 et
998 1719 1098 1783 venit
1118 1719 1147 1783 in
1160 1719 1218 1783 llio·

182 1821 338 1888 »rusalem
354 1822 387 1886 in
404 1821 518 1886 virtute
534 1843 649 1907 magna
666 1818 755 1886 valdo
771 1835 826 1887 :et
841 1821 952 1888 cameli
970 1837 1142 1912 portantes
1153 1826 1209 1890 ode

183 1941 347 1995 »ramenta
359 1979 367 2004 ‚
380 1941 413 1992 et
425 1951 538 1993 aurum
552 1925 690 1993 multum
706 1927 815 2006 valde,
827 1942 860 1994 et
875 1929 1019 2020 lapidem
1033 1935 1199 2021 pretiosum,

179 2049 232 2100 ret
243 2037 382 2125 ingressa
395 2048 443 2100 eat
455 2036 495 2101 ad
508 2035 713 2101 Salomonem
724 2085 733 2112 ,
743 2049 775 2101 et
787 2035 893 2104 loouta
905 2050 953 2104 est
967 2041 997 2104 ei
1014 2042 1124 2106 omnia
1133 2041 1201 2106 aeria

179 2156 374 2231 »quaerant
395 2145 425 2208 in
443 2144 540 2210 corde
558 2167 636 2217 suo,
652 2156 684 2207 et
698 2145 881 2210 enunciavit
899 2147 929 2211 ei
944 2146 1109 2214 Salomon
1126 2149 1209 2214 omna

178 2253 294 2318 »verba
310 2254 398 2341 ejus,
412 2264 445 2316 et
459 2273 523 2316 non
540 2251 598 2314 fuit
614 2252 748 2316 verbum
763 2253 849 2338 quod
865 2253 1009 2319 omiserit
1025 2280 1104 2333 rex,
1122 2270 1151 2322 et
1165 2281 1214 2322 noa

97 2347 98 2352 ἵ
178 2360 415 2426 »renunciaverit
430 2361 458 2424 ei
475 2383 541 2424 rex.
557 2360 596 2423 Et
612 2358 688 2424 vidit
703 2359 822 2447 Regina
837 2361 919 2426 Saba
937 2385 1074 2430 omnem
1087 2366 1218 2453 pruden-

178 2470 276 2534 »tiam
288 2466 486 2542 Salomonis,
503 2478 536 2531 et
552 2465 685 2532 domum
701 2489 797 2553 quam
813 2467 999 2548 aedilioat'it,
1017 2484 1053 2535 et
1071 2474 1219 2539 cibasse

178 2575 334 2640 »lomonis
348 2586 381 2638 ot
394 2573 503 2638 sedem
515 2596 689 2660 puerorum
700 2574 788 2662 ejus,
802 2585 834 2639 et
845 2575 990 2642 ordinem
1003 2579 1223 2645 ministrorum

177 2685 286 2771 injus,
308 2693 340 2747 ot
359 2694 461 2746 vestes
483 2680 573 2768 ejus,
596 2692 629 2747 et
647 2681 710 2746 vini
732 2680 854 2748 lusores
871 2685 961 2770 ojus,
983 2697 1017 2750 et
1042 2687 1227 2755 holocausta

177 2792 267 2879 »ejus
282 2813 352 2876 quae
365 2789 517 2854 offerebat
533 2788 566 2854 in
581 2789 678 2856 domo
693 2789 840 2865 Domini,
851 2803 883 2856 et
898 2793 1088 2881 obstupuit,
1104 2809 1139 2862 et
1154 2798 1227 2863 dixit
1315 2870 1316 2876 χ

177 2897 237 2962 aad
256 2919 362 2984 regem
380 2892 582 2960 Salomonem
598 2916 606 2957 ε
620 2891 721 2962 Verus
740 2905 788 2958 est
803 2917 908 2961 sermo
927 2919 1026 2985 quem
1041 2921 1106 2988 ego
1122 2901 1226 2967 audiri

177 3004 230 3068 »in
245 3016 329 3068 terra
343 3025 413 3068 mea
431 3002 470 3068 de
486 3003 583 3066 verbo
599 3012 676 3076 tuo,
693 3012 726 3066 et
739 3001 908 3089 prudentia
926 3015 1002 3079 tua,
1018 3017 1053 3071 ot
1069 3031 1141 3074 non
1159 3032 1228 3074 ere·
1313 3036 1316 3087 l

177 3112 263 3177 »didi
278 3111 315 3176 iis
331 3110 384 3198 qui
400 3108 612 3196 loquebantur
623 3108 707 3175 mihi
724 3132 890 3197 usquequo
905 3112 1068 3191 venirem,
1086 3128 1123 3180 et
1139 3116 1225 3182 vide·

177 3231 273 3284 »runt
284 3217 368 3284 oculi
380 3217 443 3281 mei
455 3266 464 3292 ,
474 3227 506 3280 et
518 3239 594 3282 ecoe
607 3237 668 3280 nec
679 3215 782 3282 media
795 3239 867 3303 pars
878 3229 927 3283 est
941 3242 1014 3307 quaa
1026 3224 1227 3291 nunciaban-
1312 3213 1313 3221 i

175 3338 252 3392 »tur
269 3326 357 3392 mihi.
382 3324 533 3392 addiusu
553 3323 639 3388 enim
658 3323 743 3388 bona
761 3347 856 3413 super
876 3349 1005 3392 omnem
1025 3309 1226 3397 auditionem

177 3459 295 3526 »qoam
307 3433 409 3500 audivi
424 3432 552 3497 interra
567 3453 648 3497 moa.
665 3432 770 3496 Beatae
781 3431 930 3498 mulieres
945 3446 1023 3511 tum,
1035 3439 1122 3503 boati
1135 3440 1226 3528 pueri

179 3545 250 3610 »isti
266 3543 320 3630 qui
336 3540 483 3606 assistunt
498 3539 530 3604 in
544 3551 719 3626 conspectu
736 3550 791 3604 tuo
807 3561 945 3628 sempor,
961 3555 994 3606 et
1005 3545 1143 3610 audiunt
1158 3571 1227 3612 om·

178 3648 482 3740 ruomprudentiam
492 3660 589 3738 tuam.
606 3646 654 3713 Sit
667 3647 814 3712 dominus
826 3649 911 3714 Deus
928 3661 1002 3716 tuus
1014 3653 1223 3728 benedictos,
1309 3645 1310 3652 ἵ

176 3764 252 3852 »qui
267 3762 323 3828 tibi
344 3758 432 3825 dedit
446 3757 553 3823 sedem
571 3755 676 3825 lsrael.
697 3758 860 3839 Quoniam
877 3759 987 3827 dilexit
1003 3761 1159 3830 Dominus
1175 3767 1221 3830 ls-

213 3910 221 3944 ¹
235 3915 306 3962 Num.
317 3927 369 3973 ιιι,
387 3923 409 3972 1,
424 3925 448 3963 a.
