2702 4610
428 290 458 332 in
483 289 609 334 uxouuu
631 288 760 334 nonina
785 291 826 333 vr.
1082 270 1141 334 125

105 421 207 488 Deum
222 443 319 486 suum
338 417 416 484 dicit
430 441 526 507 quem
541 431 653 486 natura
669 419 794 506 Patrem
812 433 914 486 vocat.
938 418 1051 486 «Deus
1067 443 1141 486 con-

104 560 116 594 »
131 544 240 596 terens
258 527 353 604 bella,
372 529 529 596 Dominus
548 553 664 597 nomen
679 543 727 596 est
741 530 786 596 illi
799 529 821 596 ¹.
837 517 850 593 s
865 529 945 598 Nolo
959 543 1051 620 putes
1067 533 1139 618 quia

104 650 233 706 tantum
249 637 380 704 visibiles
395 661 517 728 pugnas
531 640 667 706 conterit
684 641 849 714 Dominus,
864 640 920 706 sed
935 651 967 704 et
982 638 1050 704 illas
1065 662 1140 706 con·

106 751 185 815 terit
199 773 269 838 quae
284 751 371 816 nobis
390 762 465 816 suut
485 773 549 817 noo
565 751 712 817 adversus
726 773 856 817 carnem
874 762 909 815 et
922 748 1138 838 sanguinem²,

111 860 167 924 scd
185 861 327 926 adsersus
344 862 542 950 principatus
560 873 593 928 et
609 873 793 951 potestates,
810 873 843 926 et
862 861 1009 926 adversus
1026 861 1137 926 mundi

112 971 203 1058 bajus
217 984 354 1038 rectores
369 974 574 1040 tenebrarum
593 973 716 1039 harum.
737 973 902 1038 Dominus
917 971 1003 1036 eninr
1018 971 1138 1036 nornen

107 1097 150 1144 cst
163 1081 226 1155 itti,
246 1091 277 1146 et
291 1104 357 1146 non
372 1092 422 1148 est
439 1079 500 1147 ulla
515 1094 660 1148 creatura
675 1081 938 1169 cujusrllominus
956 1103 1019 1146 non
1035 1081 1084 1144 sit.

145 1190 227 1256 lll.«
245 1191 426 1278 Quadrigas
443 1189 616 1256 Pharaonis
631 1203 664 1255 et
677 1189 852 1257 exercitum
866 1190 935 1275 ejus
955 1189 1089 1277 projecit
1105 1189 1137 1253 iu

101 1321 228 1372 amare,
240 1296 374 1363 Eiectos
389 1320 584 1374 ascensores,
600 1309 706 1364 ternos
723 1309 855 1364 statores
867 1298 1016 1363 demersit
1030 1299 1062 1363 in
1077 1299 1140 1364 Ru·

102 1409 229 1470 sbrum
242 1407 361 1470 mare¹.
378 1406 540 1482 »Pharao
559 1404 644 1472 velut
658 1407 819 1494 potentior
834 1407 866 1471 in
887 1403 1003 1471 malitia
1019 1419 1051 1471 et
1066 1429 1138 1495 reg-

107 1535 188 1580 num
202 1515 350 1604 nequitiae
361 1531 478 1590 tenens,
487 1515 655 1603 quadrigas
667 1515 740 1603 agit.
756 1514 825 1580 Non
837 1512 882 1580 illi
894 1515 968 1580 satis
979 1527 1029 1580 est
1040 1537 1138 1581 aruum

109 1645 229 1711 equum
244 1625 421 1700 ascendere,
434 1625 490 1690 sed
504 1625 611 1713 plures
623 1622 716 1689 simul
728 1625 837 1713 agitat,
849 1623 956 1714 plures
967 1624 1060 1690 simul
1075 1625 1138 1714 pla·

104 1735 151 1823 gis
175 1745 274 1800 tortos
296 1736 433 1802 verberis
454 1737 548 1824 cogit.
577 1735 805 1824 Quoscumque
827 1737 940 1803 videris
962 1738 994 1802 in
1016 1736 1138 1802 luxuria

102 1842 273 1934 turpiores,
291 1846 324 1910 in
345 1843 534 1910 erudelitate
549 1846 707 1920 saeviores,
724 1846 757 1911 in
776 1847 905 1912 avaritia
930 1847 1088 1922 tetriores,
1104 1849 1136 1912 iu

56 2037 61 2048 ⁵
100 1953 264 2043 impietate
280 1952 513 2043 flagitiosiores,
525 1955 605 2020 scito
621 1953 678 2018 hos
695 1954 735 2020 de
750 1955 908 2044 quadrigis
922 1979 990 2022 esse
1004 1956 1139 2025 Pharao-

103 2173 230 2250 rolitat,
242 2187 273 2240 et
285 2197 343 2264 per
356 2186 483 2264 apertos
499 2175 654 2242 scelerum
670 2197 800 2262 campos
815 2175 921 2240 effusis
936 2199 990 2240 eos
1006 2177 1070 2265 agit
1082 2176 1140 2242 ha-

108 2284 213 2350 benis.
229 2285 309 2350 Sunt
327 2297 359 2351 et
375 2284 426 2351 alii
444 2285 536 2352 electi
559 2307 755 2360 ascensores,
780 2283 871 2352 electi
895 2285 961 2350 sine
987 2286 1084 2350 dubio
1099 2287 1140 2351 ad

108 2389 271 2458 inolitism.
289 2393 349 2459 Sed
369 2395 436 2482 jam
458 2395 498 2460 de
514 2394 734 2460 ascensoribus
751 2417 844 2483 supra
865 2395 1001 2460 diximus
1021 2419 1029 2460 τ
1047 2415 1136 2461 nunc

100 2502 200 2567 ctiam
216 2503 356 2589 quisunt
372 2503 454 2569 terni
470 2515 601 2568 statores
613 2503 785 2570 videamus.
805 2501 881 2568 Mihi
895 2503 1043 2568 videntur
1054 2505 1137 2570 terni

98 2625 236 2678 statores
255 2636 313 2702 pro
329 2637 369 2680 eo
388 2614 463 2688 diei,
482 2614 569 2702 quod
585 2612 698 2702 triplex
720 2625 768 2679 est
783 2611 966 2678 hominibus
982 2611 1134 2700 peccandi

99 2724 159 2790 xia.
175 2725 241 2791 Aut
252 2725 338 2790 enim
354 2725 387 2790 in
400 2723 497 2798 lacto,
510 2735 565 2790 aut
575 2725 607 2790 in
624 2724 724 2799 dicto,
738 2735 793 2789 aut
808 2724 841 2790 in
857 2723 1047 2812 cogitatione
1061 2745 1136 2811 pec-

100 2845 203 2898 catur.
224 2833 263 2899 Et
279 2833 352 2899 ideo
372 2835 604 2900 ternistatores
625 2832 836 2922 persingulas
854 2855 998 2921 quosque
1020 2831 1135 2898 dicun-

104 2953 169 3018 tur,
194 2944 251 3030 qai
275 2953 338 3009 tres
363 2943 435 3008 istas
461 2944 493 3032 iu
519 2945 611 3011 nobis
636 2943 789 3032 peccandi
814 2943 980 3008 obsideant
1004 2943 1082 3019 vias,
1105 2956 1137 3008 et

103 3050 312 3140 speculentur
325 3074 461 3140 semper,
478 3065 574 3140 atque
595 3053 627 3117 in
643 3053 762 3118 insidiis
779 3063 885 3141 agant,
904 3062 938 3118 ut
959 3063 1013 3118 aut
1030 3050 1082 3118 ille
1098 3075 1138 3116 ex

104 3162 222 3227 misero
243 3161 372 3227 homine
387 3185 565 3228 sermonem
587 3160 706 3227 malum
722 3160 839 3236 eliciat,
855 3174 910 3226 aut
924 3161 976 3228 illo
992 3162 1138 3248 iniquum

105 3294 182 3358 opus
192 3282 397 3359 extorqueat,
410 3282 464 3336 aut
476 3269 528 3336 ille
539 3271 764 3360 cogitationem
775 3271 943 3357 pessimam
956 3271 1066 3360 rapiat.
1077 3271 1136 3337 Db·

109 3379 200 3465 nique
220 3393 253 3446 et
268 3403 377 3446 semen
394 3381 480 3446 verbi
501 3380 559 3447 Dei
580 3381 633 3446 ubi
654 3377 738 3444 cadit
754 3391 786 3443 et
801 3378 936 3468 deperit,
952 3379 1063 3467 triplex
1079 3380 1135 3444 de-

115 3486 253 3559 scribitur
263 3487 387 3556 locus⁴.
404 3488 491 3554 Unus
504 3511 594 3555 secus
610 3489 692 3556 viam
704 3487 850 3565 refertur,
864 3491 917 3577 qui
930 3487 1137 3556 conculcatur

113 3595 336 3665 abbominibus
345 3623 354 3671 ;
372 3597 450 3664 elius
460 3599 494 3664 in
504 3599 601 3687 spinis
607 3623 617 3672 ;
632 3597 709 3664 alius
725 3597 757 3664 in
773 3598 916 3686 petrosis.
932 3599 970 3663 Et
982 3621 1000 3662 e
1013 3611 1137 3664 contra-

105 3703 152 3768 rio
168 3719 247 3774 terra
266 3707 476 3790 bonaall'erre
495 3707 612 3774 dicitur
622 3705 779 3795 triplicem
796 3706 948 3782 fructum,
962 3705 1009 3770 vel
1025 3719 1133 3772 cente-

101 3811 231 3890 simum,
244 3813 292 3880 vel
309 3816 552 3904 sexagesimum,
567 3813 614 3881 vol
633 3815 838 3882 tricesimum.
856 3813 983 3903 Triplex
999 3805 1137 3902 namque

137 3943 144 3974 ¹
156 3944 235 3994 lixod.
249 3945 322 4007 xr‚3.
335 3945 487 4012 -21tphca
502 3963 536 4004 rr,
553 3962 587 3992 ra.
602 3975 624 3983 -
642 3945 743 3996 turon.
756 3963 796 4006 xr,
811 3947 832 4006 l.
852 3975 881 3984 -
895 3945 904 3978 l
916 3943 1007 3994 Marah.
1019 3959 1071 3992 xiii.
