2744 4600
417 303 447 351 ιι
472 303 612 350 suranus
635 303 765 352 auarus
789 303 850 350 m.
1082 281 1145 366 487

111 438 231 494 structa
254 439 316 500 est,
340 428 394 492 uhi
419 446 574 492 mensuras
599 424 722 492 coelitus
745 426 873 500 dantur,
892 423 925 491 in
946 422 1148 490 inferioribus

111 548 331 603 trecentorum
345 537 526 602 cubitorum
538 536 669 624 ponitur
683 533 861 626 longitudo,
874 545 906 599 ot
921 532 1148 622 quinquaginta

113 648 295 712 cubitorum
308 645 442 712 latitudo
452 645 474 710 *.
490 645 551 711 Ubi
563 665 638 711 vero
650 657 754 710 textus
765 645 835 733 ejus
848 641 1008 710 adultiora
1020 664 1149 708 consur-
1174 630 1185 650 '

114 758 175 847 git,
191 758 224 822 in
239 767 408 844 angustum
425 754 562 844 cogitur,
574 767 607 822 et
621 775 797 843 paucorum
813 755 997 820 cubitorum
1015 750 1149 819 conclu-

94 896 101 908 ·
116 849 207 929 sione
216 863 385 952 colligitur,
397 864 439 928 ita
449 874 484 927 ut
494 863 660 929 summitas
671 865 741 952 ejus
753 863 785 928 in
798 862 890 928 unius
902 861 1000 928 cubiti
1012 861 1149 950 spatium

1 1019 2 1038 .
115 985 380 1038 consummetur:
403 986 633 1060 proptereaque
652 974 684 1038 in
705 971 906 1039 inferioribus
926 971 1070 1058 quidem,
1093 972 1147 1036 ubi

1 1141 3 1150 .
112 1081 177 1146 latu
201 1095 235 1148 et
253 1083 390 1170 spatiosa
411 1081 614 1146 habebantur
635 1080 726 1158 loca,
742 1080 793 1148 vel
813 1081 921 1147 bestiae
937 1081 987 1146 vel
1009 1082 1148 1170 pecudes

111 1203 204 1256 erant
218 1189 404 1264 collocntoe3
422 1191 455 1256 in
472 1191 687 1279 superioribus
704 1214 777 1258 vero
793 1215 884 1264 avos3
901 1193 934 1258 in
949 1191 1080 1257 summis
1095 1214 1150 1255 au·

112 1314 193 1374 tem,
214 1323 285 1388 quae
303 1301 483 1389 angustiora
498 1313 531 1366 et
554 1299 664 1368 altiora
684 1312 788 1378 erunt,
807 1303 850 1366 ibi
871 1301 968 1367 homo
989 1297 1151 1366 rationalis

113 1407 299 1474 collocatur.
318 1411 389 1497 lpse
412 1434 487 1476 vero
509 1411 615 1476 v'ertex
637 1412 670 1476 in
693 1435 793 1478 unum
814 1413 959 1478 cubitum
975 1408 1145 1499 colligitur.

114 1518 232 1584 Omnia
245 1521 328 1585 enim
340 1521 380 1586 ad
392 1521 560 1587 monadem
571 1522 768 1610 rediguntur.
781 1523 862 1601 Quae
874 1519 1151 1587 tamen'l'rinitatis

114 1641 349 1694 sacramentum
363 1630 395 1694 in
411 1653 546 1696 numero
561 1643 778 1696 trecentorum
793 1631 976 1697 cubitorum
992 1629 1147 1717 designat,

112 1749 147 1800 et
162 1735 237 1803 huic
251 1752 449 1818 sacramento
463 1740 624 1827 proximus
645 1740 776 1830 ponitur
794 1739 906 1815 homo,
922 1749 1033 1827 utpote
1049 1737 1147 1804 ratio-

113 1843 193 1911 nulis
207 1858 241 1912 et
254 1848 313 1912 Dei
329 1870 437 1936 capax.
453 1847 517 1913 Sed
536 1848 620 1915 uude
635 1872 706 1936 quae
725 1852 767 1915 sit
785 1849 962 1916 differentia
977 1848 1060 1914 inter
1074 1867 1150 1936 pau·

0 2019 2 2026 ,
111 1979 168 2022 cos
189 1970 222 2022 et
242 1957 373 2032 multos,
390 1956 574 2046 colligamus
595 1959 735 2026 indicia?
757 1959 842 2024 Pone
864 1981 993 2024 ornnem
1014 1956 1149 2023 humani

113 2063 237 2152 generis
253 2087 436 2142 numerum,
451 2088 491 2130 ex
509 2067 662 2132 univorsis
681 2068 828 2155 gentibus
842 2066 924 2156 elige
938 2063 1065 2137 fidelem
1081 2067 1153 2130 sine

1 2229 3 2268 ἑ
114 2174 215 2238 dubio
230 2174 395 2262 pauciores
412 2188 507 2240 erunt
522 2197 619 2262 quam
635 2187 710 2239 sunt
726 2175 870 2240 universi.
881 2173 973 2239 Tunc
983 2174 1098 2238 deinde
1109 2196 1148 2239 ex

115 2280 260 2348 fidelium
282 2307 413 2349 numero
428 2282 508 2372 elige
530 2280 695 2354 meliorcsr
720 2294 844 2348 certum
868 2295 917 2348 est
939 2283 1026 2370 quod
1046 2279 1152 2346 multo

0 2421 8 2479 s
116 2391 249 2457 inferior
263 2415 414 2460 numerus
426 2394 612 2460 remanebit.
628 2393 668 2458 Et
690 2393 806 2458 iterum
827 2417 866 2458 ex
886 2393 961 2481 ipsis
981 2414 1060 2479 quos
1082 2388 1149 2455 ele-

8 2573 17 2592 ,
112 2501 198 2589 geris
217 2499 296 2590 elige
320 2525 446 2568 rursum
467 2503 685 2594 perfectiores,
703 2502 867 2591 pauciores
887 2499 1031 2588 prolecto
1056 2521 1149 2586 repe-

0 2675 4 2701 *
112 2611 187 2674 ries.
209 2611 248 2675 Et
266 2623 385 2697 quanto
403 2610 538 2700 amplius
557 2609 703 2699 eligendo
720 2609 923 2699 processeris.
944 2619 1032 2673 tanto
1050 2606 1152 2696 magis

4 2786 6 2790 ,
112 2719 243 2807 exiguos
264 2731 298 2784 et
318 2720 483 2807 panciores
497 2720 650 2795 invenies,
666 2742 830 2807 usquequo
854 2716 964 2782 ultimo
984 2715 1089 2780 venias
1109 2716 1149 2780 ad

115 2850 215 2894 unum
233 2826 371 2916 aliquem
387 2831 440 2917 qui
460 2827 660 2895 confidenter
676 2829 773 2904 dicat,
788 2828 861 2916 quia
878 2822 1037 2914 «amplius
1053 2846 1150 2912 quam

1 2970 25 3031 .·'r
113 2965 129 2998 a
142 2935 312 3002 omnes'illi
325 2935 463 3002 laboravi
473 2937 519 3002 ².»
534 2938 574 3002 Hi
589 2959 664 3026 ergo
680 2939 733 3024 qui
750 2937 812 3003 hoc
827 2937 923 3002 modo
939 2934 1043 3024 plures
1058 2951 1146 3009 sunt,

111 3045 186 3135 plus
206 3059 296 3111 terrm
314 3058 347 3111 et
367 3044 437 3136 plus
458 3070 618 3136 corporeae
636 3047 827 3114 haereditatis
845 3047 1028 3135 accipiunt:
1050 3043 1143 3132 pauci

19 3187 22 3216 :
111 3169 223 3220 autem
236 3155 384 3245 exiguum
401 3154 520 3244 aliquid
537 3157 576 3222 de
591 3170 674 3222 terra
693 3167 944 3244 consequuntur,
957 3157 1011 3243 qui
1027 3154 1097 3245 plna
1113 3156 1146 3221 in

111 3263 253 3330 Domino
273 3263 413 3330 habent:
429 3264 480 3330 alii
495 3277 602 3330 autem
618 3265 696 3332 nihil
716 3266 845 3331 omnino
863 3277 995 3332 terrenae
1011 3263 1147 3332 haeredi-

114 3373 192 3438 tatis
212 3375 383 3462 accipiunt,
405 3375 430 3440 si
448 3376 501 3462 qui
517 3376 602 3464 digni
617 3376 734 3442 fuerint
754 3376 933 3441 sacerdotes
952 3399 1020 3441 esse
1038 3388 1071 3440 et
1085 3376 1147 3441 mi-

3 3538 7 3546 .
25 3541 31 3576 2
113 3482 208 3548 nistri
221 3482 292 3556 Dea
306 3485 422 3552 horum
437 3486 522 3552 enim
534 3509 573 3552 ex
589 3488 712 3576 integro
730 3486 795 3574 ipse
811 3487 966 3553 Dominus
982 3487 1147 3552 haereditas

1 3673 8 3698 ἐ
111 3593 190 3656 erit.
214 3591 256 3674 Ea
271 3595 341 3681 quis
363 3595 403 3660 ita
428 3597 538 3662 beatus
556 3609 615 3673 est,
637 3610 671 3662 ut
691 3596 737 3662 vel
760 3597 842 3661 inter
862 3620 979 3685 paucos
998 3596 1147 3685 exiguum

10 3789 17 3813 ι
109 3716 207 3769 terrae
223 3704 370 3792 accipiat,
387 3703 435 3771 vel
450 3706 533 3771 inter
547 3704 665 3773 electos
676 3707 855 3774 sacerdotes
874 3720 906 3772 et
924 3707 1083 3772 ministros
1102 3728 1149 3772 se
1197 3705 1203 3726 '

30 3904 33 3924 1
109 3809 181 3878 lum
195 3809 299 3878 Deum
311 3835 425 3902 capere
440 3813 632 3880 hereditatis
649 3827 733 3882 sorte
747 3827 907 3884 mereatur
916 3815 998 3882 Ρ

146 3939 152 3970 ¹
167 3935 238 3985 Gcn.
254 3954 287 3988 va.
298 3965 328 3975 -
341 3937 352 3972 ²
365 3955 371 3987 ι
385 3939 445 3992 Gar.
457 3958 497 4002 ιν,
514 3957 550 3992 ro.
