2776 4616
261 268 325 344 dtr
691 267 872 332 cummis
921 325 924 340 ,

261 401 341 482 lum,
359 405 408 474 vel
422 406 464 474 ad
483 405 586 482 illum,
604 417 636 471 et
658 404 717 472 ulia
733 407 879 495 quaedam
901 406 940 471 de
962 405 1127 494 Prophetis
1147 405 1297 496 legimus.

261 511 395 581 Factum
411 537 486 580 vero
501 537 569 579 esse
585 512 739 602 Spiritum
759 513 818 580 Dei
842 537 937 602 super
957 510 1096 603 aliquem
1115 498 1302 604 l’ropheta-

262 645 346 700 rum,
364 623 475 714 legisse
490 624 531 689 ud
545 647 682 713 praeseus
696 624 823 690 interim
840 647 905 688 non
922 624 1092 699 record0r;
1107 624 1167 690 nisi
1185 625 1225 690 de
1237 625 1302 691 De·

261 734 314 800 vid
337 736 383 809 ita
397 735 551 823 scriptum
567 734 719 800 memini:
739 735 803 799 «Et
816 735 977 823 apparuit,
992 735 1063 800 sice
1076 733 1179 800 illuxit
1196 735 1301 824 Spiri-

259 871 273 907 »
289 854 340 909 tus
354 844 413 911 Dei
428 868 523 933 super
535 845 638 910 David
653 868 669 910 a
683 843 733 909 die
750 843 816 920 illa,
827 856 859 908 et
876 844 1045 933 deinceps¹
1060 866 1069 910 τ
1083 874 1096 907 s
1111 866 1176 910 aon
1188 855 1306 936 tamen

259 948 362 1018 luctus
376 964 424 1018 ost
440 951 576 1042 Spiritus
592 953 650 1019 Dei
665 975 759 1040 super
774 951 886 1032 David.
905 952 953 1018 De
968 951 1044 1018 Satil
1066 977 1140 1021 vero
1162 953 1206 1018 ita
1227 976 1300 1036 me-

259 1059 336 1126 mini
359 1062 515 1150 scriptum
534 1084 542 1127 :
562 1062 626 1126 «Εἰ
641 1058 767 1126 decidet
782 1059 918 1148 Spiritus
935 1061 1065 1127 Domini
1087 1084 1183 1150 super
1204 1074 1250 1136 te,
1267 1074 1300 1126 et

260 1197 273 1232 ι
288 1171 492 1260 prophetabis
502 1194 578 1237 cum
589 1170 676 1260 ipsis,
689 1181 722 1234 et
732 1171 926 1236 converteris
938 1172 969 1236 in
982 1171 1084 1236 virum
1097 1169 1292 1236 alterum².»

259 1279 300 1344 Bt
314 1279 430 1346 iterum
445 1279 484 1345 de
500 1279 613 1346 codem
626 1278 762 1344 dicitur:
784 1279 847 1344 «Et
863 1276 999 1366 Spiritus
1013 1280 1141 1346 Domini
1154 1280 1299 1346 discessit

258 1412 305 1453 sa
322 1388 411 1465 Saiil,
428 1388 726 1478 obstupefeciteum
737 1387 865 1475 spiritus
880 1385 1036 1477 malignus
1052 1412 1069 1454 a
1087 1388 1260 1455 Domino⁸.
1276 1416 1290 1450 s

257 1497 299 1564 Et
313 1499 454 1564 iterum:
476 1499 541 1562 «Et
561 1498 748 1564 factumest
770 1517 846 1562 cum
871 1511 963 1590 esset·
978 1498 1106 1587 spiritus
1128 1497 1230 1565 malus
1255 1498 1315 1582 ad¹

258 1633 272 1669 s
289 1606 379 1684 Saiil,
395 1608 564 1697 assumpsit
578 1607 678 1673 David
694 1603 879 1694 psalterium
890 1619 922 1671 et
937 1605 1091 1696 psallebat
1102 1608 1134 1674 in
1147 1609 1296 1675 menibus

259 1745 273 1780 s
290 1719 367 1794 suis,
380 1729 412 1782 et
423 1717 637 1811 percutiebam
653 1726 686 1781 et
697 1725 765 1781 erat
777 1717 899 1783 bonum
909 1717 951 1793 ei,
963 1729 995 1782 et
1006 1707 1189 1785 discedebat
1201 1721 1241 1784 ab
1253 1741 1294 1783 ea

260 1827 418 1915 »spiritus
441 1825 597 1914 malignus
607 1824 659 1890 ’.ι
681 1825 757 1890 Haec
777 1849 836 1915 pro
852 1848 891 1891 eo
914 1827 1002 1914 quod
1023 1827 1164 1893 medium
1187 1839 1292 1917 potest

260 1936 359 2001 videri
375 1936 438 2002 boc
452 1936 538 2022 quod
554 1935 771 2025 scriptumest
795 1960 803 2000 :
823 1936 887 2001 «Et
902 1936 1004 2003 luctus
1018 1947 1067 2002 est
1080 1936 1215 2028 Spiritus
1229 1939 1295 2008 llo·

259 2045 364 2112 »mini
380 2067 476 2135 super
495 2045 600 2110 eum‘.
617 2045 778 2135 »Propter
797 2046 884 2135 quod
906 2057 939 2111 et
961 2069 1031 2122 nos,
1057 2050 1235 2115 secundum
1255 2073 1293 2116 ea

257 2177 329 2242 quae
347 2154 511 2243 superiore
526 2166 663 2220 tractatu
686 2177 897 2231 senseramus,
914 2154 1011 2220 etiam
1026 2177 1113 2222 nunc
1127 2157 1160 2223 in
1181 2157 1294 2224 Phari·
1373 2211 1374 2238 ,

259 2287 406 2341 saeorum,
423 2277 455 2330 et
471 2263 670 2342 Scribarum,
686 2267 795 2354 eisque
812 2263 961 2331 similium
983 2288 1116 2354 persona
1139 2267 1227 2336 huno
1249 2270 1294 2360 ip·
1373 2281 1374 2314 t

257 2399 329 2444 sum
344 2375 472 2442 Balaam
487 2375 645 2466 explicare
658 2378 861 2444 conabimur.
878 2375 944 2442 Sed
960 2399 1018 2466 age
1032 2378 1098 2465 jam
1119 2378 1294 2468 prophetiae

258 2489 328 2576 ejus
343 2488 451 2562 verba,
469 2510 539 2574 quae
561 2501 720 2576 assumpta
745 2485 894 2578 parabola
917 2510 972 2552 sua
996 2465 1109 2554 dixis'se
1131 2491 1292 2568 scribitur,
1372 2503 1374 2640 p

259 2598 431 2664 videamus.
453 2597 525 2660 «Ex
544 2595 782 2685 Mesopotamia,
805 2597 929 2683 inquit,
959 2597 1081 2664 vocavit
1104 2621 1155 2665 me
1175 2598 1293 2667 Balach
1336 2649 1340 2656 ·

260 2733 344 2776 »rex
357 2709 464 2783 Moab,
483 2731 521 2771 ex
537 2707 698 2773 montibus
722 2706 864 2774 Orientis
875 2705 896 2770 ⁸.
913 2706 1201 2797 »Mesopotamiam
1217 2710 1294 2777 dicit
1373 2715 1374 2730 ¹

260 2832 378 2886 terram
394 2841 464 2906 ques
476 2817 559 2882 inter
570 2815 703 2882 llumina
714 2814 896 2905 Babyloniae
906 2817 1056 2905 jacet,-de
1069 2819 1184 2906 quibus
1196 2821 1294 2908 scrip·
1308 2843 1310 2848 ·
1372 2843 1374 2934 p

258 2941 327 2995 tum
343 2940 409 2994 est:
430 2928 560 3017 «Super
575 2926 706 2993 llumina
721 2925 893 3015 Babylonis
909 2926 973 2993 illic
988 2928 1139 3006 sedimus,
1155 2940 1188 2995 et
1203 2929 1293 2995 ssevi—
1373 3011 1374 3032 Χ

259 3067 272 3102 s
289 3062 359 3104 mus
374 3039 451 3104 dum
467 3038 709 3105 recordaremur
731 3035 808 3101 Sion
818 3034 840 3101 ⁷.
857 3064 870 3099 s
892 3036 926 3102 Si
943 3038 1013 3125 quis
1034 3059 1110 3126 ergo
1131 3039 1215 3104 inter
1234 3039 1292 3106 ista

257 3148 390 3214 [lumina
408 3148 502 3215 fuerit
520 3145 705 3236 Babylonis,
722 3145 747 3212 si
764 3146 834 3236 quis
852 3146 1070 3234 rheumatibus
1091 3145 1229 3215 libidinis
1246 3151 1293 3214 in-

259 3257 410 3333 undatur,
427 3269 459 3322 et
480 3254 610 3322 luxurie
625 3255 753 3321 aestibus
768 3254 1004 3334 circumluitur,
1021 3257 1160 3325 isteron
1178 3260 1293 3326 dicitur

258 3381 354 3446 stare,
371 3367 427 3433 sed
443 3367 553 3433 sedere
571 3390 578 3431 :
597 3379 629 3432 et
644 3363 716 3434 ideo
731 3367 785 3454 qui
802 3366 845 3432 ibi
869 3367 1090 3456 comprehensi
1111 3381 1186 3435 sunt
1205 3369 1292 3438 dice·
1373 3417 1374 3432 ,

259 3481 360 3560 bant:
377 3476 506 3567 «Super
520 3476 652 3543 llumina
663 3476 835 3566 Babylonis
850 3475 915 3544 illic
930 3478 1084 3556 sedimus,
1100 3490 1133 3545 et
1147 3479 1293 3548 flerimus

259 3589 367 3654 »dum
389 3587 633 3653 recordaremur
656 3586 769 3653 Sion.»
792 3587 855 3652 Sed
881 3610 942 3655 noo
963 3587 1041 3654 llere
1062 3589 1192 3676 quidem
1217 3603 1292 3659 aute

259 3708 404 3788 possunt,
418 3694 476 3762 nisi
490 3719 566 3763 cum
577 3697 733 3764 recordati
745 3697 863 3763 luerint
875 3696 962 3764 Sion.
978 3698 1143 3766 Bonorum
1154 3722 1292 3790 namque

292 3861 301 3894 ¹
316 3878 326 3910 r
341 3861 404 3927 Beg.
418 3875 470 3918 rvr,
486 3857 1292 3921 15.-²tu.1,o.-⁸t‹t.xu‚1t.-ttbid.st.-⁶ttuas.

219 3933 220 3936 ’
261 3949 333 3991 xrur,
349 3930 612 3996 o.-⁶1bid.7.-⁷
627 3931 833 3992 Psal.cmrr,1.
