2744 4600
414 331 444 375 nt
471 333 609 376 nouenos
633 333 868 377 uolturium.
978 343 983 352 .
1102 312 1165 395 517

0 429 15 442 Γ
130 447 238 525 decet,
252 449 292 513 de
307 448 367 514 Dei
379 449 481 513 verbis
496 449 671 539 intelligere
686 451 842 539 possimus
856 461 890 514 ct
900 448 1074 514 advertere.
1089 447 1165 515 Om·
1212 437 1217 440 ’

12 552 16 560 ’
132 577 188 623 nes
204 555 258 643 qui
274 556 332 621 sub
350 554 418 643 lege
429 555 488 621 Dei
503 556 648 631 vivimus,
663 559 739 623 etin
754 555 896 624 Ecclesia
909 558 979 645 ejus
994 556 1163 632 habemur,

13 743 18 757 ι
134 663 232 752 aliqui
247 667 306 730 sub
323 665 477 752 patribus,
495 664 590 754 nliqui
611 669 673 732 sub
687 667 761 731 viris
780 667 911 754 egimus.
934 664 1015 730 lltsi
1036 666 1164 753 quidem

14 773 18 782 '
133 771 263 858 parvule
284 785 332 838 cst
347 773 453 842 enimn
469 784 502 839 et
516 774 604 839 initio
626 774 723 840 hebet
736 774 769 839 in
790 773 1022 839 eruditionibus
1037 773 1164 849 divinis,

10 873 14 881 ’
132 881 204 950 ltaec
214 885 273 948 sub
285 894 373 969 petre
386 884 645 972 agerecredendn
656 895 715 949 est.
732 884 766 950 Si
778 907 853 977 vero
863 881 1165 973 jamedultiorfscte

24 985 34 1010 ‘
132 1001 194 1066 est,
208 991 250 1058 ito
266 1001 301 1056 ut
311 991 482 1078 viripotens
497 993 538 1056 sit
549 992 589 1058 ed
605 992 851 1079 concipiendum
867 1015 976 1057 semen
992 993 1079 1057 verbi
1093 991 1165 1068 Dei,

0 1100 5 1111 ’
130 1110 165 1165 ct
180 1098 333 1166 doctrinm
354 1099 523 1186 spiritualis
539 1121 652 1188 cepero
669 1111 803 1175 secrete,
821 1101 890 1166 hscc
908 1102 966 1165 sub
985 1101 1050 1166 viro
1065 1101 1165 1189 posite

132 1207 263 1272 dicitur.
283 1206 338 1272 Sic
351 1207 438 1278 culm
453 1220 486 1272 ct
500 1207 616 1274 Pnulus
631 1208 760 1276 dicebat
775 1211 816 1275 de
832 1209 1005 1275 Corinthiis
1028 1235 1037 1274 ε
1057 1236 1071 1271 ι
1087 1208 1166 1276 Volo

132 1344 145 1376 n
160 1329 268 1383 sutem
279 1339 390 1383 omnes
402 1340 456 1384 vos
471 1317 523 1384 uni
537 1299 605 1382 viro
616 1318 771 1406 virginem
783 1334 902 1385 costam
914 1320 1065 1386 exhibere
1076 1321 1165 1386 Chri·

45 1475 52 1491 .
133 1455 146 1487 ι
163 1426 240 1490 sto¹.
256 1427 342 1506 »Qui
355 1450 429 1492 vero
445 1427 648 1514 perfectiores
663 1441 736 1492 sunt
751 1441 785 1493 et
798 1429 1022 1496 eminentiores
1034 1429 1164 1505 horum,

132 1536 175 1602 de
192 1535 253 1602 illis
267 1559 330 1603 nou
347 1536 464 1603 dicitur
478 1537 565 1624 quod
585 1539 646 1602 sub
662 1538 727 1602 viro
744 1538 819 1614 sint,
836 1539 894 1604 sed
913 1539 989 1604 cudi
1004 1541 1165 1626 quomodo

2 1659 13 1736 ]‘·
132 1647 175 1712 de
190 1646 357 1733 semetipso
372 1646 483 1731 suique
498 1645 652 1712 similibus
667 1647 853 1734 pronuntiet
868 1646 983 1714 Pnulns
1001 1669 1011 1711 ε
1027 1674 1041 1708 ι
1055 1647 1166 1714 Donec

130 1784 144 1816 ι
160 1777 377 1830 occurremus,
389 1756 513 1841 inquit,
529 1777 639 1822 omnes
658 1755 805 1822 invirum
820 1755 1012 1845 perlectum,
1024 1759 1057 1822 in
1072 1781 1165 1824 men·
1284 1759 1289 1774 “
1345 1775 1350 1784 ’

130 1887 266 1930 »summ
288 1864 387 1928 etatis
410 1861 614 1949 plenitudinis
641 1853 815 1930 Christe»
832 1865 914 1930 lluic
937 1887 1013 1955 ergo
1038 1867 1164 1940 enimse,

8 1968 19 1978 ”
130 1997 205 2061 quse
221 1975 254 2040 in
270 1975 374 2040 virum
389 1973 566 2061 perlectum
583 1975 735 2049 occurrit,
751 1997 845 2041 nemo
860 1976 1043 2042 dominetur
1059 1978 1091 2042 in
1107 1999 1165 2042 vo·

129 2083 186 2156 tis,
204 2081 260 2146 sed
275 2080 372 2148 hebet
387 2093 576 2170 potestatem
596 2105 725 2148 suorum
747 2082 988 2174 libertatemque
1004 2098 1161 2151 votorum.

130 2191 167 2256 Si
189 2203 295 2256 cutem
316 2190 457 2258 foeminei
477 2193 583 2258 adhuc
599 2193 722 2279 generis
740 2191 834 2257 suerit
849 2194 967 2268 enimn,
984 2196 1036 2259 cui
1052 2193 1101 2260 vel
1118 2196 1166 2258 vir

129 2297 183 2363 vel
201 2311 291 2386 poter
303 2299 482 2367 dominetur
497 2301 529 2366 in
544 2301 636 2377 votis,
649 2325 714 2366 uon
729 2324 855 2390 semper
870 2303 902 2366 in
918 2302 984 2391 ipss
999 2311 1047 2366 cst
1057 2300 1164 2388 culpo,

123 2407 189 2474 sod
204 2407 362 2476 interdum
375 2410 456 2474 redit
468 2411 508 2474 od
521 2410 603 2476 viros
615 2409 664 2476 vel
680 2421 825 2500 parentes
829 2456 938 2475 ........

516 2635 558 2648 vt}
610 2633 787 2652 usuum-§u
795 2633 1070 2652 vnunmutsntu
1076 2635 1166 2652 δὶἱὶὶὶ

452 2795 674 2895 nonnum
705 2753 848 2874 xxva

334 2985 378 3040 De
392 2984 494 3042 ultione
506 3007 569 3058 qua
581 2987 608 3042 in
621 2985 787 3044 Madinnitis
795 2979 879 3068 sacta
894 3001 933 3043 ost
946 2999 964 3043 t.

172 3163 213 3226 ln
235 3159 472 3246 superioribus⁶
489 3160 632 3226 fornicati
654 3173 728 3226 sunt
743 3161 798 3228 lilii
809 3141 910 3230 'lsrael
926 3187 1000 3230 cum
1022 3164 1165 3244 mulieri-

1 3301 15 3330 e
119 3273 190 3336 bus
205 3266 461 3341 llodinnitorum,
473 3280 505 3332 et
517 3269 580 3334 hoc
591 3269 650 3333 fuit
661 3270 847 3339 scandulum
857 3271 930 3338 filiis
945 3273 1041 3341 lsrael
1055 3277 1162 3364 inquo

1 3414 10 3453 f
118 3376 332 3442 offenderunt
349 3375 453 3440 Deum
467 3387 501 3440 ct
519 3377 560 3442 od
581 3377 779 3471 iracundiam
800 3395 1054 3467 provocaverunt
1068 3407 1162 3450 senc·

1 3518 13 3563 t
117 3499 199 3550 tum
224 3482 326 3549 lsrael.
347 3485 439 3550 Nunc
463 3498 569 3552 autem
593 3499 800 3576 posteaquem
822 3490 952 3578 pertulit
973 3495 1069 3560 lsrudl
1092 3519 1161 3583 qum

1 3634 12 3671 f
113 3593 272 3686 pertulit,
283 3620 295 3653 α
306 3592 432 3661 locutus
446 3609 506 3672 est,
520 3597 642 3682 inquit,
658 3599 815 3665 Dominus
831 3602 871 3666 ed
882 3601 1012 3688 llloysen
1028 3605 1159 3672 eliciens:

154 3733 164 3764 ¹
180 3748 194 3778 π
208 3731 267 3780 Cor.
280 3748 315 3790 nr,
329 3749 352 3780 n.
367 3733 418 3770 -2
432 3733 523 3796 Epiros.
537 3752 570 3795 ιν,
586 3737 620 3786 15.

152 3806 258 3854 ιΤοιη.
272 3805 309 3860 tt,
324 3822 349 3868 p.
362 3805 408 3854 56⁵
419 3816 444 3855 et
455 3823 529 3872 seqq.

151 3883 162 3911 ⁴
178 3879 257 3927 Num.
270 3895 338 3928 xus.

153 3955 163 3986 ⁵
179 3953 212 4004 ll.
228 3969 251 4015 1,
263 3971 288 4013 s,
298 3953 322 4012 ὃ,
335 3953 361 4012 4.
376 3971 402 4019 p.
415 3955 532 4006 56⁵·368.
