2644 4612
293 311 325 355 lll
350 311 512 355 csnrtct'tt
536 312 740 356 canticorum
763 315 824 357 stu.
855 315 901 356 ut.
1058 293 1120 376 507

0 459 2 484 t
78 431 233 500 velociter
255 433 405 522 subjugat
423 444 519 520 atque
537 433 577 499 ad
590 435 740 522 pietatem
762 436 827 502 veri
847 431 951 502 cultus
970 435 1119 512 adducit:

78 553 111 606 et
127 541 175 606 sic
190 540 229 605 de
248 539 320 606 loco
336 541 376 607 ad
391 539 516 625 locum,
533 541 573 605 de
588 563 686 630 regno
704 543 743 607 ad
764 565 916 632 regnum,
934 542 973 607 da
992 543 1122 631 provin·

79 648 136 713 ciis
150 647 188 712 ad
206 647 384 734 provincias
398 648 629 735 praedicationis
645 646 853 715 illustratione
869 648 1046 715 transiliens
1065 672 1123 738 por

79 778 154 820 curn
179 754 232 840 qui
252 754 400 830 dicebat,
417 756 492 842 quia
511 757 576 820 sab
594 754 791 822 Hierusalem
810 757 842 821 in
865 757 1000 823 circuitu
1021 780 1122 844 usque

1 941 2 946 ἵ
82 861 144 928 »ad
159 858 323 948 illyricum
343 860 476 949 replerit
498 861 703 950 Evangelium
721 862 842 940 batn»
866 862 1020 951 intelliges
1041 887 1123 950 qno-

79 968 176 1033 moda
191 981 420 1056 supermontea
436 967 547 1034 saliens
562 970 688 1045 veniat,
700 982 732 1034 et
750 969 881 1035 exiliens
898 993 993 1058 super
1009 969 1118 1046 colles,

1 1083 3 1090 ’
80 1076 192 1141 Sedet
208 1073 270 1140 alio
282 1075 379 1142 modo
395 1089 498 1165 potest
511 1076 661 1165 intelligi,
678 1078 761 1142 sicut
772 1101 865 1166 supra
881 1078 946 1165 jam
965 1078 1121 1151 diximus,

80 1183 377 1271 quoniamquidem
395 1183 518 1272 Moyses
538 1185 579 1248 de
593 1185 662 1271 ipso
677 1185 821 1274 scripsit,
842 1196 874 1250 at
893 1185 1056 1274 propbetae
1072 1185 1123 1250 ni·
1141 1229 1143 1236 ,

80 1289 255 1356 hilominus
270 1290 311 1355 de
322 1292 391 1378 ipso
407 1291 689 1356 annunciaverunt.
709 1291 774 1358 Sed
788 1304 821 1357 et
835 1270 905 1357 liaec
919 1292 1124 1358 annunciatio

80 1398 113 1463 in
128 1396 265 1464 lectione
280 1397 393 1463 veteris
406 1399 585 1464 testamenti
597 1397 741 1464 velamen
756 1399 854 1464 babet
866 1399 1120 1486 superpositum:
1184 1391 1189 1404 ’

83 1506 137 1572 ubi
149 1529 225 1576 vero
242 1529 382 1594 sponsas,
398 1505 547 1571 Ecclesiae
559 1504 679 1571 scilicet
695 1505 735 1572 ad
753 1528 829 1570 eum
839 1527 1017 1580 converse,
1034 1503 1122 1569 abla-

84 1626 153 1686 tum
168 1624 216 1678 est
228 1612 387 1688 velamen,
406 1613 512 1677 subito
528 1612 611 1676 videt
626 1635 700 1676 eum
716 1612 748 1678 in
764 1613 830 1678 istis
842 1612 1020 1686 montibus,
1032 1611 1123 1699 Legis

1 1765 2 1798 ,
86 1717 202 1786 seilicet
216 1717 430 1786 voluminibus
443 1717 607 1786 salientem
622 1730 656 1783 et
666 1718 699 1783 in
715 1717 850 1784 collibus
866 1718 1038 1805 Scripturas
1054 1741 1124 1805 pro

85 1827 216 1915 photices
241 1851 298 1915 pro
321 1828 458 1894 evidenti
479 1828 732 1896 manifestatione
750 1852 814 1894 non
833 1840 897 1894 tam
917 1839 1123 1916 apparentem

84 1957 179 2020 quam
194 1935 393 2010 exilientem,
415 1937 501 2002 serbi
516 1937 634 2024 gratia,
656 1937 743 2023 quasi
765 1936 790 2000 si
805 1934 969 2001 revolvens
988 1934 1125 2023 singulas

1 2109 2 2128 ,
81 2043 279 2130 propheticas
300 2043 443 2107 lectionis
466 2045 594 2131 paginas
620 2045 760 2109 inveniat
785 2045 825 2110 de
848 2045 921 2132 ipsis
943 2042 1125 2108 exilientem

83 2149 270 2221 Christum,
287 2160 319 2212 et
337 2171 393 2234 per
413 2147 482 2213 loca
504 2149 624 2236 singula
645 2149 817 2214 lectionum
838 2148 943 2215 ablato
967 2175 1052 2216 stunc
1068 2152 1127 2215 ‹le-

1 2313 2 2344 ζ
80 2278 175 2322 mum
195 2277 259 2342 quo
274 2256 362 2342 prius
378 2257 545 2342 tegebatur
561 2254 734 2331 valamine,
755 2255 886 2321 ebullire
902 2280 976 2322 eum
996 2271 1124 2332 cernat,

80 2376 116 2429 et
129 2385 291 2450 emergere
301 2375 396 2449 atque
407 2361 547 2426 evidenti
558 2364 623 2449 jam
638 2363 890 2428 manifestatione
905 2385 1123 2452 prorumpere.

1 2531 2 2540 ,
83 2471 138 2536 Ob
154 2469 217 2533 hoc
232 2470 329 2534 credo
344 2481 376 2533 et
388 2469 454 2557 ipse
464 2469 575 2544 lesus,
590 2491 664 2534 cum
677 2470 716 2534 ad
727 2470 1016 2536 tmnslormandum
1033 2495 1066 2536 se
1078 2493 1128 2536 vc·

1 2557 2 2566 ¹
84 2579 152 2652 nit,
169 2599 235 2642 non
251 2577 283 2642 in
301 2575 405 2663 aliqua
421 2575 570 2663 planitie,
587 2588 641 2641 aut
660 2576 803 2643 convalle
817 2577 896 2653 suit,
913 2578 967 2642 sed
984 2589 1127 2643 montem

86 2685 294 2760 conscendit,
310 2687 365 2751 ubi
384 2697 417 2749 et
432 2685 673 2751 transformatus
691 2685 758 2751 est²
774 2710 782 2750 :
800 2698 835 2750 ut
856 2687 935 2752 scias
950 2710 1025 2752 eum
1048 2711 1128 2752 sem·

1 2857 3 2890 a
87 2815 145 2881 per
159 2793 191 2857 in
208 2793 389 2868 montibus,
408 2803 461 2857 aut
477 2793 510 2856 in
526 2791 662 2859 collibus
678 2816 849 2881 apparere,
869 2807 902 2858 et
918 2807 952 2858 ut
968 2805 998 2858 te
1015 2796 1129 2860 doceat

89 2922 130 2964 ne
154 2922 285 2985 usquam
312 2922 387 2963 eum
409 2899 467 2964 nisi
491 2900 524 2962 in
547 2899 638 2988 Legis
659 2911 692 2964 ot
715 2901 942 2989 prophetarum
966 2903 1129 2967 montibus

89 3031 221 3093 quaeras.
242 3007 338 3086 Quod
357 3019 463 3071 autem
480 3009 579 3072 saneti
594 3009 711 3095 quique
727 3023 850 3074 montes
871 3008 1080 3098 appellantur,
1097 3012 1129 3076 in

1 3108 5 3200 J
90 3113 198 3181 multis
214 3115 385 3201 Scripturae
405 3113 482 3180 locis
504 3115 642 3180 invenies
658 3116 809 3192 indicari,
833 3118 915 3181 sicut
933 3119 975 3182 ait
996 3121 1028 3184 in
1044 3119 1132 3184 Psal-

89 3222 150 3287 mis
165 3245 173 3286 :
196 3222 438 3287 ‹Fundamenta
450 3223 519 3309 ejus
532 3222 563 3285 in
576 3223 737 3288 montibus
749 3224 865 3288 sanctis
875 3223 897 3288 ³.
910 3252 923 3286 s
938 3227 977 3290 Et
992 3228 1106 3292 iterum
1120 3251 1127 3292 :

1 3399 4 3417 Ι
101 3329 242 3394 «Levavi
268 3327 378 3394 oculos
399 3351 488 3394 meos
510 3329 543 3393 in
568 3340 715 3404 montes,
741 3330 825 3393 unde
848 3332 952 3396 veniet
981 3333 1129 3398 auxilium

1 3519 4 3536 μ
92 3434 254 3500 »mihi⁶.s
276 3435 437 3502 Auxilium
457 3458 593 3522 namque
616 3437 648 3499 in
668 3435 942 3514 tribulationibus,
964 3464 1003 3504 ex
1019 3441 1128 3528 Serip-

91 3554 236 3609 turarum
255 3544 433 3610 divinarum
448 3544 591 3608 sensibus
611 3543 762 3632 capimus.
783 3545 952 3611 Possumus
971 3547 1076 3614 adhuc
1097 3558 1130 3614 et

1 3726 2 3746 ἶ
89 3662 217 3716 montes
233 3652 396 3739 inquibus
412 3649 504 3716 salire
524 3650 657 3714 verbum
672 3651 730 3716 Dei
746 3652 879 3729 dicitur,
896 3667 927 3719 et
942 3655 1031 3741 quasi
1051 3653 1133 3719 libe-

1 3833 3 3852 .
88 3758 158 3832 rius
174 3758 299 3834 ellerri,
320 3781 437 3824 novum
457 3758 600 3846 accipere
619 3770 863 3833 testamentariam
883 3761 979 3827 collos
1005 3786 1078 3826 vero
1095 3763 1135 3826 de

139 3909 233 3954 auom.
243 3922 285 3968 nv,
300 3921 338 3970 ¹9·
350 3933 378 3943 -
392 3900 402 3936 ²
414 3903 505 3955 Maiis.
518 3900 635 3954 avan—³
646 3905 729 3955 Pasira.
742 3923 859 3967 marn,
878 3925 898 3958 t.
914 3935 927 3942 -·
950 3905 1008 3958 ild.
1019 3925 1094 3971 caxr,
1112 3925 1134 3972 r÷
