2744 4600
127 115 144 143 s

389 255 421 298 ιιι
448 255 586 299 nouenos
610 257 739 300 ιιοιιιιιι
764 257 846 300 xxva.
1074 241 1132 319 ttr

111 385 144 438 ut
154 373 185 438 iu
194 367 268 438 liliis
281 369 390 446 Israel,
403 371 435 436 id
449 383 497 436 est
508 373 541 438 iu
553 371 670 461 populo
682 373 832 440 Ecclesiae
844 372 1060 463 intelligantur
1070 379 1137 463 qoi-

110 483 179 548 dem
197 504 267 548 esse
282 479 473 568 spirituales,
491 493 523 548 et
538 483 620 548 intra
636 467 809 548 Jordancm
828 485 992 572 percipere
1007 485 1137 550 lraeredi-

108 603 201 680 tatem
216 602 309 656 terrac
325 589 452 656 fluentis
468 590 518 658 lae
535 591 668 657 etmel:
684 593 843 680 sapientiae
860 593 979 658 scilicet
990 605 1022 658 et
1037 597 1137 662 scien-

110 703 160 767 tiae
176 701 335 788 capientes
352 697 567 775 dulcedinem,
582 723 717 788 quorum
733 712 816 766 terra
831 701 962 767 llumine
977 704 1036 767 Dei
1051 707 1137 790 quod

112 809 260 898 repletum
275 821 323 873 est
343 811 432 895 aquis
449 809 562 875 divinae
576 809 802 900 intelligentiae,
821 813 1037 878 circumdatur
1051 825 1083 878 et
1099 816 1138 880 ri-

111 930 207 1008 gatur.
224 917 284 985 rllii
300 930 408 982 autem
423 931 497 984 sunt
509 918 663 994 carnalos,
677 921 730 1007 qui
742 922 892 1008 jumentis
903 933 935 986 ct
946 923 1135 1010 pecudibus,

110 1031 208 1105 idest,
226 1031 338 1096 crassis
352 1041 385 1094 et
400 1028 521 1096 stolidis
535 1032 678 1099 sensibus
695 1032 859 1097 abundant
872 1054 880 1096 :
893 1032 974 1098 sIcut
988 1045 1078 1098 erant
1092 1032 1137 1098 illi

108 1140 274 1228 dequibus
296 1139 422 1206 dicebat
436 1138 606 1227 Apostolus
622 1142 714 1206 :alta
730 1142 877 1208 insensati
893 1142 980 1216 estis,
1003 1155 1039 1206 ut
1061 1167 1136 1208 cum

108 1275 121 1310 s
133 1249 240 1337 spiritu
251 1248 421 1336 coeperitis,
431 1271 517 1314 nunc
526 1271 621 1314 carne
633 1248 840 1336 perliciamini
850 1249 872 1322 ¹3
884 1267 933 1315 ct:
945 1249 973 1314 Ο
987 1250 1136 1317 insensati

110 1386 123 1420 ι
140 1357 268 1433 Galntae,
281 1358 350 1445 quis
362 1381 416 1423 vos
428 1357 592 1442 fascinavit
604 1359 727 1422 veritati
739 1381 804 1422 non
818 1359 967 1424 obedire²
978 1361 991 1424 i
1003 1389 1015 1422 a
1025 1361 1090 1426 Sed
1104 1373 1137 1424 et

112 1469 320 1554 unusquisque
335 1480 493 1543 nostrum,
510 1468 569 1532 nisi
585 1491 618 1532 se
634 1468 814 1540 armaverit,
837 1479 870 1532 et
889 1469 1021 1556 abjectis
1036 1471 1136 1536 brutis

112 1591 144 1641 et
158 1576 298 1642 belluinis
312 1579 456 1642 sensibus
472 1579 514 1642 ad
529 1576 725 1665 spiritualem
740 1576 978 1666 intelligentiam
991 1604 1136 1668 propera-

46 1742 51 1751 .
112 1687 200 1760 verit,
215 1687 391 1750 remanebit
405 1698 493 1750 extra
509 1685 695 1760 dordanem,
709 1708 770 1750 nee
781 1685 898 1774 poterit
909 1709 965 1775 per
976 1688 1135 1776 sapientiae

107 1795 224 1861 ssumen
241 1795 400 1870 incedere,
422 1794 509 1884 quod
528 1793 665 1860 laetilicat
680 1794 840 1858 civitatem
856 1794 927 1869 Dei,
943 1794 976 1860 id
991 1808 1050 1871 est,
1067 1796 1136 1860 eni-

105 1929 191 1971 mam
201 1905 261 1978 Dei,
272 1920 421 1992 capacem
434 1927 443 1967 τ
459 1927 523 1969 non
535 1916 720 1992 assequetur
733 1903 932 1991 eloquiorum
947 1905 1074 1972 Domini
1086 1905 1135 1973 in-

105 2012 233 2088 teriora,
257 2035 327 2098 qum
341 2024 417 2075 sunt
437 2007 577 2073 dulciora
594 2032 690 2097 snper
706 2007 768 2092 mel
786 2021 820 2072 et
837 2008 954 2086 savum,
972 2010 1028 2075 sed
1049 2008 1135 2075 illam

105 2109 324 2200 tantummodo
347 2131 561 2208 consequetur
580 2131 698 2184 terram
716 2119 747 2182 in
762 2142 824 2205 qua
846 2118 909 2184 duo
927 2142 1015 2206 reges
1039 2121 1133 2185 occisi

108 2240 193 2302 sunt,
210 2229 260 2292 ubi
278 2228 402 2294 dicutur
416 2227 446 2289 ei
462 2248 495 2289 :r
508 2223 592 2290 Nihil
613 2223 699 2288 aliud
713 2223 850 2311 judicavi
864 2246 915 2288 me
929 2225 1032 2312 ipsum
1055 2225 1134 2290 scire

107 2335 220 2402 »inter
240 2359 292 2402 vos
313 2336 374 2400 nisi
393 2334 503 2399 desum
525 2331 701 2406 Christum,
725 2343 757 2395 et
777 2325 863 2400 huno
879 2332 1126 2398 crucifixum‘.»

105 2423 170 2526 Qui
186 2459 292 2510 autem
308 2444 447 2533 potuerit
465 2442 597 2506 transire
609 2441 798 2515 Jordanem,
810 2453 841 2503 et
855 2441 896 2505 ad
912 2441 1060 2505 interiora
1077 2466 1134 2529 pe-

99 2566 242 2630 netrare,
260 2555 302 2619 ibi
321 2553 432 2618 desum
448 2549 623 2614 Dominum
638 2559 783 2614 nostrum
802 2571 948 2634 sequens,
965 2547 1135 2614 interficiet

98 2664 244 2752 triginta,
260 2674 291 2726 et
305 2685 345 2726 eo
361 2655 497 2748 amplius
511 2681 614 2746 reges,
630 2654 699 2723 illos
715 2656 854 2721 fortassis
872 2657 911 2722 de
927 2657 1040 2745 quibus
1061 2657 1135 2723 dici·

99 2789 167 2850 tur,
192 2773 289 2860 quia«
312 2772 480 2836 astiterunt
501 2789 591 2856 reges
609 2779 714 2842 terrae,
733 2778 765 2832 et
779 2765 937 2854 principes
953 2767 1133 2854 congregati

98 2913 113 2947 ι
130 2884 254 2949 suntin
275 2905 386 2956 unum,
403 2881 552 2944 adversus
564 2877 749 2952 Dominum,
765 2889 797 2940 et
809 2876 957 2941 adversus
972 2875 1133 2941 Christum

98 3021 113 3055 ι
136 2993 206 3082 ejus
216 2991 244 3066 *ς
260 2990 485 3080 »depulsisque
500 2986 536 3052 iis
553 2987 679 3075 regibus
691 2999 724 3051 ot
735 2987 911 3074 prostratis
925 2999 1072 3075 agnoscet
1088 3011 1134 3052 se-

98 3101 238 3170 cretiora
253 3099 415 3187 mysteria,
433 3119 597 3185 usquequo
614 3096 717 3162 veniat
732 3095 772 3160 ad
788 3094 877 3160 illurn
896 3094 1003 3161 locum
1022 3095 1074 3160 ubi
1087 3119 1134 3160 sc·

97 3213 158 3278 des
173 3212 232 3279 Dei
246 3222 294 3276 est
309 3223 340 3276 et
356 3207 535 3275 Jerusalem
549 3206 660 3273 civitas
676 3205 734 3270 Dei
751 3206 894 3280 viventis,
907 3229 971 3270 ιιοιι
987 3207 1043 3269 ista
1063 3229 1133 3293 quae

99 3323 200 3388 servit
213 3345 287 3389 cum
302 3319 374 3386 filiis
390 3321 454 3384 suis
469 3321 501 3383 in
519 3318 622 3392 terris,
641 3315 696 3381 sed
713 3313 764 3378 illa
780 3311 927 3389 coelestis,
944 3337 1014 3401 quae
1034 3312 1131 3380 libera

97 3445 166 3508 est,
178 3443 211 3498 et
226 3445 323 3500 mater
339 3430 483 3496 omniurn
496 3441 641 3495 nostrum
656 3450 664 3490 ι
680 3426 721 3489 ad
737 3425 829 3510 cujus
844 3446 903 3486 nos
918 3423 1134 3489 haereditatem

96 3542 279 3631 perducere
295 3532 444 3630 dignetur
459 3538 524 3602 dux
534 3549 567 3601 et
579 3534 733 3602 Dominus
745 3545 851 3598 noster
866 3533 959 3597 lesus
977 3533 1133 3608 Christus,

95 3653 154 3722 cui
169 3663 219 3718 est
234 3651 331 3741 gloria
345 3665 377 3716 et
393 3649 562 3740 imperium
577 3648 611 3712 in
627 3645 740 3714 saecula
758 3642 957 3710 saeculorum.
977 3645 1089 3710 Amen.

128 3781 139 3815 ¹
154 3779 242 3831 Galat.
260 3798 299 3842 ιιι,
309 3780 373 3832 3.-
383 3778 394 3814 ²
405 3779 474 3829 lbid.
487 3797 509 3830 1.
519 3778 569 3817 —⁸
584 3795 592 3827 ι
605 3779 661 3828 Cor.
673 3796 706 3844 ιι,
720 3794 741 3826 s.
758 3769 882 3826 -lt’sat
894 3793 922 3834 rr,
933 3791 956 3823 n.
