2744 4600
261 299 325 362 508
705 316 848 363 oniensis

261 461 341 513 esse,
355 438 522 503 redeamus
533 436 572 503 ad
585 437 681 525 ipsius
697 437 784 503 Pauli
804 459 998 512 sermonem,
1011 458 1108 524 quem
1125 433 1165 502 de
1181 433 1279 502 diebus

262 545 347 612 festis
369 556 401 612 et
419 547 594 612 neomeniis
614 547 741 634 posuit3
764 560 796 612 et
814 547 884 612 vids
911 547 1072 634 quomodo
1091 547 1283 612 observanter

261 653 339 718 dixit
353 679 361 719 t
373 655 498 721 «Nemo
520 677 609 743 ergo,
626 657 689 730 ait,
710 679 765 722 vos
786 657 906 745 judicet
923 656 956 719 in
973 654 1059 729 cibo,
1084 664 1139 719 aut
1155 653 1187 719 in
1200 666 1281 742 potu,

261 774 344 827 aaut
366 763 397 828 in
420 775 508 851 parte
530 764 591 829 diei
614 763 895 831 restitissemus
917 785 992 851 ergo
1017 761 1282 851 diligentiusque

262 871 360 935 modo
372 894 436 936 non
448 872 526 937 dixit
537 872 569 936 iu
584 873 635 937 die
648 873 741 949 festo,
754 873 809 938 sed
821 874 854 938 in
866 884 955 960 parte
974 870 1036 935 diei
1052 870 1133 935 festi.
1148 873 1194 936 Ex
1204 882 1284 959 parte

261 980 347 1043 enim
363 981 395 1044 et
409 1003 473 1046 non
488 1004 527 1046 ex
542 983 665 1068 integro
688 981 771 1046 diem
792 981 907 1046 festum
928 981 959 1044 in
979 979 1044 1043 hoc
1064 979 1183 1042 mundo
1200 981 1284 1067 positi

263 1085 470 1174 celebremus.
486 1087 729 1176 lnterpeilamur
743 1089 828 1154 enim
846 1087 969 1152 etiamsi
986 1083 1135 1152 nolumus
1147 1087 1185 1150 ab
1197 1108 1285 1152 onere

263 1199 379 1273 carnis,
390 1196 583 1287 pulsamura
599 1196 877 1285 concupiscentiis,
895 1194 1042 1280 curisque
1058 1205 1092 1257 et
1108 1192 1285 1258 sollicitudi-

261 1307 354 1374 nibus
366 1309 573 1372 terebramur.
587 1305 731 1393 «Corpus
743 1305 829 1370 enim
838 1298 1057 1389 corruptibile,
1068 1315 1103 1365 ut
1115 1303 1168 1364 ait
1179 1300 1287 1366 fiisse-

260 1440 273 1473 »
285 1417 525 1501 pientissimus,
536 1423 683 1502 aggravat
695 1413 846 1486 animem,
856 1422 889 1476 et
897 1409 1045 1498 deprimit
1056 1429 1184 1474 sensum
1195 1408 1288 1476 mults

262 1524 534 1611 »cogitantem².s
551 1526 598 1588 Ex
613 1533 702 1611 parte
722 1544 797 1609 crgo
815 1521 847 1586 in
865 1519 927 1584 hoc
943 1517 1065 1583 mundo
1080 1519 1181 1583 sancti
1198 1531 1288 1607 egunt

263 1632 346 1696 diem
359 1633 487 1707 festum,
500 1633 571 1719 quie
586 1643 618 1696 et
629 1654 668 1696 ex
679 1642 769 1719 perte
781 1629 884 1694 sciunt
895 1640 928 1692 et
938 1649 977 1692 ex
990 1638 1079 1714 parte
1089 1627 1286 1716 prophetent

262 1741 343 1806 Cum
363 1753 469 1807 sutem
488 1741 631 1806 venerint
648 1763 719 1828 quae
742 1739 880 1827 perfecta
905 1747 990 1812 sunt,
1010 1735 1216 1802 destruentur
1236 1739 1288 1804 istu

263 1873 332 1936 quae
347 1872 386 1913 ex
400 1861 490 1936 perte
506 1861 589 1914 sunt.
609 1848 700 1913 Sicut
715 1847 800 1913 enim
816 1847 963 1934 perfectas
977 1845 1116 1911 scientiae
1134 1845 1221 1912 cedit
1235 1847 1289 1912 ista

261 1981 332 2045 quae
345 1979 384 2021 ex
403 1967 492 2044 parte
507 1968 567 2031 est,
584 1968 617 2020 et
637 1954 785 2044 perfectae
801 1955 973 2042 prophetiae
994 1953 1078 2019 cedit
1098 1955 1157 2020 ista
1173 1977 1242 2043 quse
1255 1979 1290 2021 ex

263 2075 353 2152 parte
364 2076 411 2130 est
423 2063 489 2129 :ita
508 2077 540 2128 et
555 2062 704 2152 perfectas
721 2062 878 2129 festivitati
894 2063 979 2128 cedit
995 2063 1051 2128 ista
1068 2085 1138 2150 que
1154 2077 1291 2154 exparte

261 2184 309 2238 est
320 2173 478 2239 festivitas.
495 2173 604 2261 Neque
618 2172 705 2238 enim
720 2171 807 2260 quod
821 2172 999 2260 perfectum
1014 2185 1061 2238 est
1077 2173 1220 2240 mundus
1238 2175 1291 2240 iste

261 2307 375 2372 capere
390 2295 508 2374 potest,
521 2285 590 2359 ubi,
605 2295 640 2348 ut
651 2283 799 2357 diximus,
812 2281 981 2348 necessitas
997 2283 1139 2370 corporis
1150 2307 1240 2350 nune
1253 2285 1295 2350 ci-

260 2393 352 2467 bum,
376 2414 462 2457 nunc
483 2402 607 2478 potum,
634 2413 721 2456 nunc
744 2411 890 2454 somnum
919 2389 1068 2477 suggerit,
1089 2413 1178 2456 nunc
1203 2391 1296 2458 etism

260 2510 551 2588 quantamcumque
573 2499 752 2566 necessario
775 2498 844 2563 vitae
867 2498 1029 2586 presentis
1047 2496 1297 2566 sollicitudinem

261 2621 380 2682 movet.
390 2633 460 2696 quse
471 2609 578 2674 omnia
588 2603 825 2696 interrumpunt
833 2608 900 2673 sine
913 2607 1011 2673 dubio
1022 2608 1299 2677 continuationem

259 2717 437 2783 festivitatis
453 2717 521 2782 Dei.
542 2715 624 2782 Cum
643 2727 752 2780 autem
771 2717 892 2782 venerit
910 2713 988 2780 illud
1008 2717 1094 2802 quod
1110 2718 1238 2786 dictum
1254 2734 1301 2786 est

261 2826 300 2891 de
313 2827 349 2893 iis
362 2828 416 2916 qui
428 2826 639 2892 restituuntur
653 2825 685 2890 in
700 2836 824 2900 sancte,
835 2826 860 2890 si
877 2837 983 2890 tamen
997 2836 1030 2889 et
1045 2849 1103 2891 nos
1117 2849 1158 2892 ex
1173 2828 1215 2893 iis
1229 2851 1302 2896 esse

258 2957 438 3002 mereamur
453 2934 508 3022 qui
524 2933 710 2998 restituendi
726 2944 812 3006 sunt,
832 2933 886 3019 qui
901 2955 1004 3020 nequo
1019 2935 1172 3011 esurient,
1193 2960 1304 3026 neqm

259 3043 378 3118 sitient,
399 3065 503 3130 neque
525 3041 757 3118 dormitabunt,
779 3063 883 3130 neque
903 3040 1108 3119 laborabunt,
1130 3045 1307 3113 sederunt

259 3150 436 3240 pervigiles,
456 3151 538 3216 sicut
556 3148 750 3240 Angelorum
771 3152 831 3217 vita
852 3150 982 3241 pervigil
1002 3152 1138 3226 diciturs
1163 3177 1251 3222 cum
1275 3157 1307 3222 in

259 3259 349 3326 illum
374 3260 518 3325 ordinem
530 3260 651 3326 restitui
663 3261 871 3356 merebimur,
888 3273 966 3326 tunc
979 3260 1041 3327 erit
1058 3275 1178 3330 verast
1196 3266 1310 3334 incer

258 3380 352 3456 rupta
367 3367 529 3446 festivitas,
542 3372 634 3458 cujus
644 3371 819 3436 festivitatis
830 3372 978 3460 princeps
994 3383 1026 3437 et
1044 3395 1180 3461 sponsus
1197 3389 1234 3441 et
1253 3379 1311 3444 do

258 3477 362 3542 minus
378 3478 438 3543 erit
454 3478 518 3567 ipse
533 3478 623 3544 Jesus
642 3478 785 3545 Christus
801 3477 945 3544 Salvator
963 3492 1083 3557 noster,
1097 3483 1149 3549 cui
1167 3496 1221 3548 est
1240 3483 1311 3573 glo

259 3585 304 3650 ria
316 3596 349 3651 et
362 3587 530 3676 imperium
545 3587 577 3652 in
591 3587 705 3654 saecula
721 3587 918 3656 seculorum.
934 3590 1048 3656 Amen.

291 3713 409 3765 teuton.
423 3713 541 3776 rr‚.rti.-
552 3713 630 3778 ²Sap.
645 3719 729 3775 rx,15.
