2776 4616
250 247 313 324 403
695 277 838 322 omusurs
902 239 903 244 ἵ

251 381 408 470 proferret
423 387 600 478 adgentes,
616 413 681 460 non
703 403 768 458 tam
784 393 882 459 corde
897 402 929 458 ct
944 415 1051 467 sensu,
1067 411 1163 477 quam
1182 407 1237 466 ore
1250 395 1282 450 ot
1366 421 1367 444 ι

253 513 399 558 mamone
421 509 593 585 portatum.
618 500 683 566 Sed
702 524 743 566 ne
758 526 816 591 per
836 500 956 592 singula
978 502 1199 571 immoremur,
1219 517 1281 560 nou

251 601 337 666 euim
361 607 511 694 temporis
531 597 580 674 est
601 621 716 677 cuncta
738 610 876 687 dissolvi,
892 633 1022 677 ascensa
1042 608 1129 674 asina
1147 629 1203 671 sua
1222 604 1283 669 Ba·

253 709 340 776 laam·
359 713 425 780 ibat
445 719 624 803 poterimus
647 722 786 786 occurrit
805 721 835 786 ei
849 718 1001 810 Angelus,
1023 717 1076 784 ille
1096 719 1164 782 sine
1185 716 1283 781 dubio

252 822 306 910 qui
330 823 439 890 aderat
458 825 530 892 liliis
550 828 658 895 lsradl.
682 830 792 918 Aperit
813 855 850 897 os
871 831 979 907 usinae,
1003 842 1038 894 ut
1058 839 1208 918 arguatur
1227 849 1284 915 per

252 949 323 997 oum
338 931 479 1011 Balaam,
496 949 528 1002 et
542 939 623 1004 muti
638 941 770 1028 pecudis
782 940 917 1007 vocibus
934 939 1117 1006 confutetur
1130 939 1156 1004 is
1170 938 1224 1026 qui
1241 938 1283 1003 di-

252 1039 343 1106 vinus
358 1043 523 1110 videbatur
537 1059 570 1112 et
584 1049 719 1136 sapiens.
1273 1057 1276 1064 “

294 1149 414 1220 Verum
436 1166 510 1244 post
529 1156 598 1223 baeo
618 1159 808 1225 conveniens
832 1159 896 1246 jam
918 1158 1044 1224 videtur
1065 1155 1169 1245 aliqua
1189 1155 1284 1220 etiam

253 1259 294 1326 de
308 1259 455 1352 allegoria
471 1267 667 1358 contingere.
685 1267 815 1336 Balaam
832 1268 899 1346 bic,
920 1269 974 1358 qui
989 1268 1216 1357 interpretatur
1231 1287 1283 1354 po·

250 1367 345 1457 pulus
361 1395 470 1450 sanus,
489 1375 613 1442 videtur
627 1377 705 1443 mihi
727 1400 894 1466 personam
914 1377 1032 1443 babere
1049 1376 1234 1441 Scribarum
1253 1384 1284 1440 et

251 1478 481 1549 Pharisaeorum
495 1483 514 1550 J
518 1485 620 1551 udaiei
636 1485 756 1574 populi.
770 1485 890 1552 Balach
906 1509 993 1560 vero,
1008 1479 1218 1572 qui'exclusio
1236 1480 1283 1549 vol

252 1591 415 1659 devoratio
435 1593 676 1684 iuterpretatur,
690 1609 723 1662 ot
748 1598 814 1687 ipse
836 1619 1004 1686 personam
1026 1595 1146 1663 habere
1168 1593 1285 1661 intelli-

253 1700 374 1786 gendus
387 1714 433 1766 est
449 1703 542 1769 unius
553 1701 688 1791 alicujus
703 1699 869 1794 spirituum
885 1705 996 1772 mundi
1008 1705 1104 1792 hujus
1119 1703 1282 1771 contrariae

252 1811 429 1896 potestatis,
454 1835 524 1900 qrran
550 1813 719 1880 excludam
742 1828 775 1880 et
796 1816 948 1881 devorare
968 1815 1075 1903 cupiat
1089 1812 1195 1888 lsrael,
1217 1834 1283 1877 nou

252 1938 327 1982 eum
343 1917 397 2008 qui
409 1922 585 1988 secundum
599 1945 729 1989 carnem
740 1936 802 2018 est,
817 1924 873 1989 sed
884 1947 959 1989 eum
970 1923 1024 2011 qui
1037 1923 1212 1992 seeundum
1225 1922 1284 2011 spi·

253 2025 361 2091 ritum.
375 2027 493 2096 Volens
507 2053 584 2121 orgo
598 2043 736 2122 potestas
753 2033 809 2099 ista
829 2035 987 2099 contraria
1000 2030 1097 2098 deleri
1111 2043 1144 2098 et
1161 2032 1285 2121 penitus

255 2137 394 2228 extingui
416 2141 610 2231 spiritualem
633 2142 742 2221 lsrael,
760 2168 825 2210 nou
844 2142 912 2211 aliis
928 2144 1028 2208 utitur
1048 2143 1210 2218 ministris,
1227 2142 1286 2208 nisi

207 2227 217 2252 ⁰
254 2249 459 2337 pontificibus
481 2264 513 2318 et
538 2252 657 2320 Scribis
680 2279 718 2322 aa
741 2254 932 2322 Pharisoeis:
959 2254 1042 2344 ipsos
1066 2255 1189 2330 invitat,
1214 2254 1286 2342 ipsis

252 2361 434 2428 mercedem
449 2364 606 2452 promittit
619 2377 652 2431 ot
666 2365 805 2455 praemia.
823 2362 873 2430 llli
888 2387 974 2438 vero,
992 2363 1074 2442 sicut
1089 2363 1148 2429 iste
1158 2359 1287 2428 Balaam

254 2469 343 2547 lacit,
358 2472 509 2540 simulant
520 2499 554 2540 se
565 2487 681 2543 cuncta
693 2475 734 2542 ad
745 2477 847 2542 Deum
860 2473 977 2540 referre
988 2486 1021 2539 et
1032 2472 1100 2540 zelo
1111 2473 1169 2537 Dei
1182 2495 1286 2560 agere.

254 2579 374 2647 Dicunt
386 2583 472 2647 enim
488 2607 495 2648 ε
512 2582 662 2649 Scrutare
677 2583 871 2672 Scripturas,
884 2595 916 2647 et
931 2582 1000 2649 vide
1013 2581 1084 2671 quia
1101 2580 1288 2671 propbetas

254 2687 382 2756 Galitaea
398 2714 462 2757 non
478 2691 608 2780 surgit¹.
627 2693 667 2758 Et
682 2693 797 2757 lterum
813 2692 923 2758 dicunt
939 2715 946 2755 :
964 2691 1052 2759 «Nos
1068 2688 1170 2780 legem
1186 2689 1288 2757 habo-

256 2821 367 2875 smus,
384 2812 416 2864 et
431 2802 607 2892 secuudum
623 2799 726 2890 legem
742 2801 837 2867 debet
852 2803 946 2876 mori,
959 2802 1032 2888 quia
1048 2798 1165 2866 Filium
1180 2801 1238 2867 Dei
1256 2825 1290 2868 so

256 2909 388 2992 slecit².
404 2940 416 2973 ι
432 2911 493 2977 Per
507 2935 576 3010 quan
592 2910 713 3001 singula
730 2911 878 2976 ridentur
892 2911 1019 2999 quidem
1036 2910 1155 2976 Scribas
1167 2922 1200 2977 et
1210 2911 1290 2978 Pha·
1372 2957 1373 2976 ι

256 3019 335 3087 risaei
365 3018 469 3086 zelum
491 3021 550 3088 Dei
569 3021 700 3096 habere,
723 3021 778 3087 scd
801 3018 995 3086 simulatum.
1020 3019 1115 3086 Asina
1139 3043 1213 3086 voro
1237 3023 1290 3086 cui

257 3119 388 3198 sedebat
410 3131 552 3208 Balaam,
574 3131 724 3219 quoniam
746 3129 910 3218 Scriptura
935 3129 1012 3194 dicit
1032 3151 1040 3192 ι
1059 3130 1235 3194 «Homines
1259 3143 1292 3194 et

257 3271 271 3306 s
285 3242 428 3330 jumenta
440 3241 541 3307 salvus
552 3242 662 3317 lacios,
674 3242 809 3306 Domina
819 3239 844 3316 ⁸,
859 3269 871 3302 ι
887 3263 923 3304 ea
936 3261 1007 3328 pars
1021 3239 1220 3305 credentium
1235 3263 1293 3328 po·
1337 3281 1342 3292 ·

256 3364 318 3418 test
339 3350 470 3441 intelligi
483 3376 573 3439 quaa,
598 3351 661 3417 sive
684 3374 742 3440 pro
765 3348 910 3425 stultitia,
933 3348 998 3415 sive
1014 3370 1072 3436 pru
1093 3349 1291 3426 innocentia,

211 3509 216 3515 -
258 3459 446 3530 animalibus
463 3473 677 3550 comparatur.
693 3460 745 3527 Sic
762 3461 846 3526 anim
859 3471 892 3525 et
908 3458 1077 3547 Apostolus
1095 3458 1192 3524 dicit:
1215 3459 1293 3526 «Vi-

258 3571 358 3638 »dete
374 3587 484 3638 autem
502 3572 863 3647 vocatiouem'vestram,
880 3569 1004 3645 iratres,
1022 3569 1094 3658 quia
1117 3591 1181 3634 non
1197 3568 1294 3635 multi

259 3684 370 3749 »inter
381 3705 435 3748 vos
448 3682 616 3771 sapientes,
626 3705 690 3746 non
703 3679 793 3746 multi
802 3693 959 3769 potentes,
969 3702 1032 3746 nou
1044 3677 1135 3745 multi
1147 3678 1291 3755 nobilesr

259 3793 341 3860 »sed
363 3816 434 3884 quae
455 3790 548 3858 stulta
564 3805 637 3856 sunt
655 3791 766 3858 mundi
783 3790 877 3880 elegit
891 3792 976 3857 Deus
995 3801 1030 3857 ut
1045 3789 1219 3860 confundat
1241 3815 1295 3856 sa-

291 3926 386 3980 lloan.
401 3941 444 3986 ιιι,
457 3923 494 3982 la.
509 3921 559 3960 -2
575 3921 613 3970 ld.
630 3939 681 3981 arx,
696 3940 718 3986 7.
730 3951 758 3960 -
772 3919 781 3955 ⁸
795 3921 859 3971 Psal.
873 3937 946 3971 xxxv.
959 3939 981 3986 7.
