2748 4596
336 285 368 328 ιιι
392 285 504 328 uranus
525 285 594 328 assu
620 285 702 328 sura
727 286 799 329 uon.
826 287 907 329 ιιιιιι.
975 347 979 356 ⁴
1097 265 1138 347 87

100 419 132 471 et
142 406 287 474 habitare
302 405 334 471 in
345 427 394 470 eo.
409 407 450 472 Et
464 406 518 494 qui
533 417 626 493 putas
638 414 714 472 sunt
731 405 763 470 in
782 406 870 471 omni
886 405 1006 494 populo
1021 406 1063 472 ita
1081 430 1138 471 se-

100 512 270 603 ccptabiies
285 513 373 588 Deo,
389 513 443 601 qui
460 513 501 578 ad
518 513 581 580 boc
595 512 667 602 eligi
686 514 771 602 digni
791 511 889 578 sunt?
904 513 971 580 Aut
983 513 1064 579 sorte
1080 536 1140 578 nec

100 620 212 711 singuli
224 622 265 688 sd
280 619 343 686 boc
353 642 485 708 capaces
501 643 570 686 esse
584 633 735 710 possunt,
752 621 808 687 sed
825 621 989 686 universus
1004 619 1139 709 populus

101 741 134 793 et
151 739 267 794 esmeta
282 726 376 794 simul
392 726 533 794 Ecclesia
547 729 599 793 vix
613 750 712 816 capax
730 751 798 794 esse
816 739 939 817 potest,
953 740 990 792 ut
1007 728 1140 816 recipiat

104 836 137 900 in
153 859 187 902 so
204 835 377 902 Dominum
393 833 521 910 desum,
544 847 577 900 et
598 835 719 901 habitet
738 836 771 900 in
791 835 849 901 en?
870 833 1042 901 Videamus
1063 857 1140 923 ergo

3 993 4 998 1
104 942 174 1030 quis
189 943 228 1007 sit
249 942 307 1007 iste
323 940 431 1018 locus,
445 942 479 1006 in
495 963 559 1028 quo
574 941 717 1007 habitare
732 942 828 1008 debet
842 942 951 1008 Jesus:
965 939 987 1006 I
987 966 1007 1006 a
1022 955 1140 1017 monte,

2 1099 4 1134 ι
105 1049 388 1139 inquit,Effrem¹,
402 1051 464 1117 hoc
476 1051 568 1116 estin
579 1062 689 1117 montc
701 1051 877 1118 fructifero.
888 1052 951 1133 Qui
969 1063 1060 1138 putas
1068 1064 1141 1116 sunt

105 1160 138 1225 in
153 1158 247 1224 nobis
262 1169 386 1224 montes
400 1156 553 1223 fructiferi
568 1157 602 1223 in
617 1159 732 1246 quibus
745 1158 866 1224 habitet
882 1156 974 1222 Jesus
984 1158 999 1226 P
1010 1156 1058 1223 ltti
1070 1179 1141 1246 pro-
1233 1153 1237 1170 '

103 1265 187 1332 secto
201 1264 234 1330 iu
256 1264 373 1353 quibus
390 1275 465 1328 sunt
484 1263 609 1329 fructus
622 1265 768 1353 spiritus,
790 1265 958 1354 gaudium,
980 1289 1060 1354 pax,
1084 1289 1141 1354 ps-

104 1372 236 1446 ticntis,
252 1369 406 1446 charitas,
422 1382 484 1437 etc.
505 1370 560 1437 Isti
578 1393 655 1459 ergo
669 1384 744 1436 sunt
758 1383 882 1438 montes
898 1371 1071 1447 ductiieri,
1088 1373 1141 1458 qui

1 1469 6 1491 ’
106 1479 248 1544 fructum
269 1477 386 1544 Christi
404 1476 559 1552 afferunt,
579 1489 611 1543 et
626 1491 733 1545 mente
751 1502 789 1546 ac
810 1502 866 1568 spe
884 1501 1009 1568 semper
1028 1479 1142 1546 excelsi

109 1597 193 1652 sunt.
213 1588 254 1651 Et
272 1584 345 1652 licet
361 1586 455 1674 pauci
477 1605 547 1650 esse
561 1587 683 1674 possint
700 1585 793 1662 tales,
813 1597 920 1653 tamen
943 1587 968 1652 si
983 1585 1032 1653 vei
1049 1589 1142 1676 pauci

109 1693 251 1767 suerint,
282 1693 314 1758 in
339 1692 412 1781 ipsis
441 1691 589 1758 habitans
614 1694 770 1767 Dominus
793 1694 904 1769 Deus,
935 1695 990 1782 qui
1012 1707 1060 1760 est
1085 1693 1139 1758 iux

106 1823 200 1875 vera,
221 1801 346 1866 emittet
366 1799 470 1866 radios
495 1798 575 1866 lucis
594 1822 663 1866 sum
684 1801 779 1866 etiam
799 1823 894 1890 super
920 1799 1058 1890 reliquos
1075 1824 1142 1867 orn

103 1931 180 1983 nes,
197 1931 276 1996 quos
299 1907 443 1974 nondum
457 1906 569 2000 dignos
584 1929 646 1980 suo
658 1906 841 1980 habitaculo
851 1906 1080 2002 ,principaliter
1094 1908 1143 1996 jus

104 2016 229 2085 dicarit.

149 2121 190 2187 11.
213 2122 304 2188 Nunc
324 2134 429 2191 autem
445 2123 611 2189 videamus
624 2146 694 2212 quse
709 2136 782 2190 sunt
800 2124 965 2189 mscbaerae
987 2123 1142 2210 petrinas,

106 2227 222 2314 quibus
236 2228 437 2297 circumcidit
449 2230 540 2296 Jesus
550 2230 632 2297 filios
643 2229 749 2296 lsrael.
768 2229 801 2296 Si
817 2231 912 2295 oretis
926 2252 986 2318 pro
1001 2229 1093 2294 nobis
1106 2239 1141 2294 ut

108 2359 214 2422 sermo
225 2339 443 2405 nostervivens
455 2339 495 2405 sit
507 2351 540 2404 et
550 2337 722 2414 efficacior,
733 2349 767 2403 et
775 2337 1001 2425 acutiorsuper
1012 2358 1142 2401 omnem

1 2439 3 2484 ἶ
105 2443 312 2521 machaeram,
331 2447 493 2535 prsestabit
508 2458 539 2510 et
555 2445 647 2512 nobis
662 2444 817 2511 Dominus
828 2445 941 2518 desus,
960 2455 998 2508 ut
1009 2443 1144 2508 verbnm

1 2569 3 2590 ⁸
102 2551 166 2617 Bei
181 2553 266 2640 quod
282 2551 441 2641 loquimur
456 2553 496 2620 ad
511 2576 586 2628 vos,
603 2552 812 2619 circumcidat
826 2574 954 2618 omnam
969 2551 1144 2617 immundi-

1 2661 3 2698 ἵ
103 2664 201 2740 tiam,
217 2674 338 2729 resecet
355 2662 572 2751 impuritates,
590 2660 755 2726 abscindat
773 2661 847 2726 vitia
868 2661 909 2726 de
924 2659 1141 2734 auditoribus,

102 2787 140 2842 et
154 2785 297 2863 amputet
311 2793 482 2858 omne-quo
498 2770 542 2834 ris
557 2769 672 2836 mentis
688 2782 720 2835 at
731 2769 872 2835 efficacia
887 2766 1037 2834 naturalis
1050 2769 1125 2832 obte

1 2881 2 2912 ³
101 2885 191 2974 gitur
207 2907 215 2947 ι
229 2893 262 2947 et
275 2881 321 2947 sic
335 2901 393 2968 per
408 2879 540 2944 verbum
561 2878 620 2943 Dei
637 2877 724 2966 quod
745 2900 834 2943 nunc·
852 2877 1007 2942 muchaera
1021 2876 1145 2963 petrina

1 3005 2 3008 ’
102 2990 237 3064 dicitur,
246 2985 519 3054 circumcidemini
530 2997 563 3050 et
570 3008 626 3051 vos
638 2985 677 3051 ab
692 2984 768 3049 Jesu
780 2983 977 3058 ostendistis,
990 2984 1063 3076 quin
1076 2985 1146 3049 abs«

101 3097 180 3164 tulit
195 3095 401 3186 opprobrium
421 3093 583 3183 AEgyptia
606 3093 692 3156 vobis
709 3090 814 3160 bodie.
837 3090 933 3172 Quid*
947 3091 1031 3155 enim
1053 3092 1145 3156 nobis

102 3206 236 3297 prodest
250 3203 407 3270 exisse-de
422 3201 579 3290 AEgypto,
594 3211 628 3264 et
644 3198 811 3264 nobiscum
832 3199 1000 3286 opprobria
1016 3197 1144 3287 AEgypti

101 3311 336 3380 circumferre?
348 3309 433 3392 Quid
445 3307 575 3397 prodest
586 3305 749 3374 ambulare
763 3329 821 3395 pcr
831 3327 974 3371 eremum
984 3305 1064 3382 ,hoc
1076 3319 1142 3381 est,

104 3419 189 3510 quid
203 3443 258 3484 nos
275 3421 364 3507 juvat
378 3418 410 3482 in
429 3417 585 3503 baptismo
604 3411 718 3481 saecuio
731 3413 946 3489 renuntiasse,
966 3425 998 3479 et
1016 3437 1143 3479 monum

101 3542 290 3596 nostrorum
310 3525 458 3615 pristinus
474 3523 581 3589 sordes
598 3521 798 3587 novitiorum
813 3519 988 3587 carnalium
1003 3521 1144 3587 immun-

101 3634 199 3701 ditias
214 3630 374 3697 rotinere?
393 3629 527 3718 Oportet
541 3649 617 3715 ergo
633 3637 706 3715 post
720 3625 951 3714 digressionem·
960 3627 1059 3693 Rubri
1076 3649 1145 3691 mn-

99 3744 168 3818 ris,
181 3741 214 3806 id
228 3751 276 3808 est
288 3789 297 3814 ,
309 3749 382 3828 post
393 3736 524 3828 gratiam
539 3733 705 3822 baptismi,
718 3734 834 3802 auferri
847 3734 1068 3803 anobisetiam
1079 3755 1146 3798 car-

142 3888 214 3935 ¹Jos.
228 3899 288 3939 xrs,
304 3877 344 3932 50.
