2662 4602
356 307 390 350 ΙΙ
418 303 594 349 tuvtrtcuaa
615 303 744 348 uotalua
768 302 815 347 ut.
1047 301 1101 366 191

57 433 257 498 rt'sauetu'm
277 423 442 512 Spiritum
460 421 640 508 depositum
651 418 815 486 hebemus.
835 415 1017 486 Videndum
1030 441 1106 508 ergo

58 543 151 608 nobis
162 551 212 605 eet
223 559 265 604 ne
275 534 344 600 hoe
356 543 473 598 saneto
485 530 629 618 deposito
641 551 705 595 non
716 539 824 594 saneto
837 541 976 604 utemur,
986 541 1020 593 et
1031 546 1106 596 cum

60 675 120 715 noa
135 652 174 716 in
189 663 385 715 eonsensum
401 641 595 729 suipeoeata
612 636 795 713 sollicitant,
811 639 953 727 juremus
968 661 1026 704 ooo
1042 661 1107 704 nou

67 759 246 849 suscepisse
258 753 456 842 depositum.
486 748 582 829 Quod
600 748 710 836 utique
723 748 750 812 ei
766 748 938 814 habeamus
952 746 986 814 iu
1001 748 1106 822 nohis,

70 879 202 956 peccato
216 861 402 930 vonsentire
417 881 484 925 non
496 879 675 948 poasumus.
690 856 756 922 sed
769 869 802 922 et
817 858 883 945 ipso
894 879 1003 923 aeneus
1014 857 1107 924 ratio·

67 975 189 1049 nabilis,
201 971 256 1062 qui
273 973 311 1036 in
327 965 969 1044 meeat‚eommeurlatuemil1ieot,uteo
986 978 1057 1032 utar
1067 965 1107 1033 ad

65 1083 309 1173 intelligentiam
330 1077 516 1144 divinorum
529 1100 538 1140 ε
552 1075 729 1164 ingenium,
749 1076 915 1151 memoria,
937 1075 1106 1163 judicium,

59 1193 150 1267 ratio,
166 1203 202 1256 et
218 1187 408 1274 omnesqui
422 1185 506 1252 intra
521 1207 573 1251 ma
586 1195 661 1250 aunt
673 1196 791 1261 motus,
803 1186 1017 1252 commendati
1028 1185 1105 1252 mihi
1247 1181 1248 1186 ’

53 1303 209 1368 videntur
225 1326 245 1366 a
261 1300 348 1370 Deo.
363 1306 399 1361 ut
414 1295 460 1359 eie
476 1309 547 1360 utar
562 1295 595 1360 iu
610 1293 659 1360 hia
673 1315 744 1382 qum
758 1295 909 1383 precepit
923 1294 974 1361 lex
986 1296 1100 1362 diviua.

58 1413 97 1477 Si
117 1434 194 1478 vero
208 1411 253 1475 ad
267 1407 372 1474 melas
389 1417 472 1470 urtea
494 1403 591 1470 solare
606 1415 639 1470 et
652 1405 819 1494 perspicax
839 1418 998 1471 vertamus
1018 1407 1107 1494 iugo-

66 1522 177 1598 nium,
193 1532 226 1585 et
239 1519 338 1584 rebus
356 1515 416 1581 Dei
433 1517 602 1580 abutamur
624 1515 656 1580 iu
678 1513 728 1581 his
749 1521 819 1603 qu'ae
836 1537 901 1582 non
919 1514 986 1582 vult
999 1515 1104 1582 Dour:

71 1632 136 1696 lroo
151 1642 199 1695 eet
212 1630 364 1715 abjurare
386 1621 579 1714 depositum,
595 1635 628 1690 et
643 1623 797 1691 beneficia
813 1636 936 1692 vertere
958 1625 991 1692 in
1011 1624 1107 1715 perfi-

68 1741 165 1806 aliam.

111 1847 291 1914 Videamus
307 1865 396 1910 nuno
412 1845 489 1932 quid
503 1835 599 1909 etiam
614 1845 747 1910 sociatus
762 1843 962 1935 intelligenda
978 1845 1028 1912 tit.
1050 1845 1109 1912 Pu·

63 1974 113 2025 tas
128 1970 181 2022 eat
195 1956 313 2045 aliquia
325 1956 380 2043 qui
396 1955 574 2021 seeundum
585 1952 722 2020 litteram
733 1957 929 2032 ,commoneri
940 1957 1054 2024 debeat
1066 1981 1108 2024 ne

65 2069 153 2132 forte
177 2067 213 2131 iu
234 2066 358 2131 ratione
376 2064 534 2152 pecuniae,
551 2061 601 2128 vel
619 2061 759 2150 qualibet
777 2063 836 2130 alia
852 2065 956 2153 speeie
978 2068 1110 2144 oooietu·

67 2179 128 2251 tis,
140 2177 264 2241 socium
275 2173 384 2240 stende
398 2171 557 2264 decipiat?
569 2171 694 2238 Ultimae
707 2175 931 2241 misericordie
945 2187 993 2241 eat
1004 2177 1110 2243 anima

79 2283 153 2361 illa,
173 2285 207 2349 in
221 2305 310 2370 quam
326 2282 441 2350 eadere
457 2281 564 2348 adhue
578 2281 696 2348 iraudia
712 2282 775 2350 hoo
794 2305 894 2373 genua
911 2295 1025 2372 puteat.
1045 2284 1111 2352 Vo-

75 2405 262 2458 rumtamen
283 2393 428 2479 quoniam
450 2389 547 2456 multa
568 2403 617 2455 est
635 2391 668 2455 in
686 2390 815 2458 homine
834 2391 997 2481 fragilitas,
1014 2395 1110 2460 etium

67 2504 112 2568 de
125 2503 178 2568 luia
189 2522 461 2576 commoneamus,
474 2500 547 2588 quie
563 2522 624 2566 noe
640 2497 829 2588 Apostolum
841 2503 942 2590 piguit
952 2502 1011 2568 ista
1024 2525 1112 2568 man·

67 2612 157 2677 dare.
177 2609 264 2677 Dieit
284 2611 372 2676 enim
386 2631 394 2673 ε
408 2608 478 2674 «Ne
500 2609 569 2697 quia
593 2608 837 2676 circumscribat
855 2611 888 2676 in
908 2611 1037 2701 negotio
1050 2611 1112 2677 lra-

63 2750 78 2780 ι
95 2733 182 2786 trem
194 2741 304 2793 auum,
319 2718 471 2807 quonium
484 2717 597 2782 vindex
611 2728 659 2782 est
673 2717 713 2783 ‹le
731 2719 778 2784 his
795 2720 943 2787 omnihus
957 2721 1073 2787 Dem‘.
1092 2749 1104 2783 ι
1172 2791 1174 2794 ,

67 2831 166 2896 Nune
195 2851 272 2895 vero
300 2827 498 2914 requiramus
529 2849 600 2915 quae
625 2828 665 2891 sit
690 2828 786 2894 etiam
811 2829 944 2896 societas
970 2831 1107 2919 spiritua.

65 2939 153 3006 Audi
166 2939 209 3004 de
221 2936 273 3003 his
285 2937 361 3024 ipsis
377 2935 482 3002 verbio
498 2933 686 3024 Apostolum
701 2936 862 3004 dicentem
876 2961 883 3002 ι
897 2964 910 2998 ι
922 2938 954 3003 Si
966 2942 1053 3027 quod
1064 2965 1112 3007 so

69 3046 213 3113 »latium
235 3045 412 3122 charitatis,
428 3046 453 3110 si
476 3069 538 3134 qua
561 3045 693 3111 melotes
709 3046 849 3134 spiritus,
866 3048 891 3112 ai
913 3071 974 3135 qua
992 3051 1112 3117 viscera
1192 3054 1196 3064 “

68 3156 327 3228 »memnonia
344 3152 472 3242 impleto
493 3154 642 3243 gaudium
664 3156 807 3222 meum¹.
822 3154 940 3223 »Vidua
954 3159 1113 3225 aoeietatie

69 3266 174 3356 legem
192 3263 358 3355 quomodo
373 3261 526 3343 intellexit
537 3263 708 3352 Apostolus
723 3262 850 3329 Paulus.
869 3265 952 3331 Audi
967 3277 1000 3332 et
1013 3265 1113 3334 loan-

76 3399 163 3451 nem,
174 3374 341 3464 quomodo
355 3395 419 3439 uno
434 3374 610 3461 eodemque
625 3373 737 3461 spiritu
750 3370 973 3461 proloquatur:
986 3376 1049 3441 «Et
1059 3399 1112 3442 so-

81 3485 263 3562 nolanum,
278 3485 404 3572 iuquit,
423 3483 578 3550 habemus
595 3505 670 3549 cum
686 3483 790 3560 Patre,
809 3495 842 3550 et
858 3504 933 3551 oum
947 3484 1029 3552 Filio
1043 3489 1112 3575 ejus

78 3594 181 3661 »Jesu
200 3593 363 3662 Christo⁸.
380 3593 442 3660 »Et
461 3594 577 3659 iterum
590 3592 702 3659 Petrus
719 3593 816 3660 dicit:
831 3594 1037 3672 «consortes,
1057 3597 1112 3660 iu-

72 3735 84 3765 »
102 3707 187 3790 quit,
204 3705 281 3774 lecti
293 3705 370 3770 estis
380 3703 494 3769 divinae
506 3704 681 3779 uuturae⁸,-·
691 3704 776 3790 quod
787 3715 835 3769 est
847 3704 934 3770 socii.
949 3706 989 3771 Et
998 3707 1113 3772 iterum

72 3815 149 3880 dicit
165 3813 339 3904 Apostolus
355 3812 493 3880 Paulus:
515 3839 528 3876 a
541 3814 620 3894 Quae
635 3815 721 3882 euim
740 3814 872 3880 societas
888 3812 952 3880 luoi
968 3814 1009 3880 ud
1024 3826 1113 3881 teue-

104 3943 243 3994 ¹1Theaa.
255 3961 290 4002 rr,
306 3944 332 3993 6.
344 3941 399 3980 ..2
413 3943 475 3992 l’hil.
491 3961 519 4004 ιι,
538 3960 557 3992 ι.
569 3943 618 3980 -l
633 3960 640 3993 a
655 3944 729 3992 Joan.
745 3962 763 4004 ι,
776 3942 882 3994 3.-³·2
896 3943 950 3990 rer.
965 3957 982 4000 ι,
993 3941 1018 3998 l.
