2744 4600
359 293 391 337 ur
415 291 555 335 suessos
578 289 708 334 ueritum
732 289 801 332 xxv.
1032 269 1096 354 527

91 419 154 509 quid
165 415 275 484 ludicet
287 410 426 479 bistoriae
438 421 551 476 textus.
570 409 723 475 Exierunt
734 407 784 471 isti
796 427 937 493 pugnare
951 417 1009 493 pro
1024 403 1098 470 filiis

90 525 180 602 lsrael.
196 521 421 590 interfecerunt
435 519 620 584 Medianitas
636 540 645 580 ε
665 515 889 582 interficientes
905 525 1011 580 autem
1029 537 1097 588 eos,

90 647 222 724 quantum
234 631 275 698 ud
290 630 429 696 bistoriae
439 629 585 694 ordinem
601 636 722 714 spectat
736 637 769 690 et
779 623 917 689 litterum
929 623 1017 712 legis,
1028 623 1098 711 plu-

91 755 206 813 euerunt
220 744 299 816 Deo,
314 738 511 806 voluntatem
525 759 662 824 namque
677 735 735 800 Ilei
750 732 977 822 impleverunt;
993 745 1100 798 tamen

38 859 42 870 “
92 852 148 917 boe
163 849 221 935 ipso
236 845 321 932 quod
336 842 566 908 interfecerunt
586 839 792 913 sdversarius,
813 833 972 904 immundi
989 838 1104 902 dicun*

91 972 140 1024 tur
152 956 257 1030 ellecti,
275 966 308 1020 et
323 965 491 1042 propterea
507 952 624 1016 dieitur
636 950 678 1015 ad
688 971 742 1012 eos
755 971 762 1011 :
775 975 788 1007 ι
799 950 840 1014 Et
853 947 995 1014 lavabitis
1007 948 1103 1012 vesti-

91 1077 208 1133 »menta
222 1074 324 1130 restra
347 1061 399 1127 die
420 1061 566 1148 septima,
588 1071 622 1126 et
642 1057 753 1124 muudi
774 1057 874 1135 eritis,
895 1070 928 1122 et
948 1069 1019 1146 post
1037 1057 1106 1124 haeo

91 1173 272 1242 »introibitis
288 1173 321 1237 in
336 1169 469 1236 eastre⁴.
485 1171 591 1257 pErgo
607 1168 640 1233 bi
657 1169 714 1254 qui
727 1179 881 1254 pugnant,
899 1188 957 1256 pro
979 1191 1019 1232 eo
1038 1168 1107 1254 ipso

89 1285 168 1375 quod
181 1281 378 1368 contigerunt
393 1279 499 1344 hostes
519 1278 714 1354 immundos,
734 1291 768 1344 et
787 1279 874 1365 quod
890 1277 1020 1364 ingressi
1034 1285 1108 1339 sunt

91 1403 192 1462 centur
211 1409 279 1464 ene,
294 1399 326 1452 et
342 1386 513 1452 habuerint
529 1405 605 1450 eum
625 1386 670 1450 eis
697 1399 871 1462 certamen,
893 1385 1004 1474 polluti
1021 1393 1106 1450 suut.

90 1504 132 1568 Et
144 1521 196 1586 ego
209 1521 282 1588 ergo
297 1495 420 1565 etiamsi
432 1495 559 1562 vineere
574 1507 707 1583 potuero
723 1495 898 1571 diabolum,
914 1497 1036 1561 etiamsi
1051 1516 1109 1560 eo-

89 1604 245 1699 gitstiones
260 1603 440 1670 immundas
456 1613 488 1666 et
504 1600 602 1668 melus
619 1625 696 1690 quus
708 1605 797 1670 cordi
813 1627 883 1669 meo
899 1605 1050 1693 suggerit,
1062 1601 1111 1667 rel

90 1712 236 1805 repellere
258 1713 433 1787 venientes,
454 1709 503 1776 vel
525 1711 678 1800 ingressus
697 1737 810 1780 necare
831 1715 994 1788 intramis,
1016 1713 1113 1778 need

92 1826 237 1894 ellectum
252 1822 447 1911 perveniunt,
464 1822 606 1908 quivero,
626 1837 659 1890 et
683 1827 708 1890 si
730 1824 852 1891 calcare
867 1836 1002 1914 potuero
1017 1835 1112 1911 eaput

91 1934 248 2009 draconis,
265 1933 328 2012 boe
346 1931 415 2019 ipso
439 1942 546 1996 temen
565 1931 663 2021 pollui
682 1957 733 1998 me
756 1947 788 1998 et
808 1935 965 2023 inquinari
986 1955 1113 2000 neeesse

93 2057 155 2121 est,
168 2065 230 2132 quo
243 2064 319 2108 eum
334 2039 388 2129 qui
404 2039 543 2128 pollutus
554 2055 588 2108 et
604 2045 785 2132 inquinatus
801 2058 850 2109 est
865 2044 982 2133 contigi
995 2067 1003 2108 ε
1017 2056 1050 2108 et
1061 2063 1117 2108 ero

89 2153 219 2242 quidem
234 2153 358 2227 bertus,
376 2148 463 2238 quod
481 2175 555 2218 eum
576 2177 725 2244 superare
744 2157 851 2247 potui;
871 2153 1054 2222 immundus
1068 2165 1118 2217 ta-

92 2284 171 2329 men
185 2283 254 2325 sum
268 2272 300 2325 et
314 2257 468 2348 pollutus,
485 2263 540 2350 qui
556 2263 714 2352 pollutum
730 2265 860 2350 contigi,
880 2277 912 2326 et
929 2266 970 2325 ob
985 2261 1049 2324 hoe
1064 2282 1120 2346 pu·

90 2369 271 2438 rilieatione
291 2391 378 2455 egeo.
404 2370 528 2434 ldeireo
547 2371 698 2436 nimirum
717 2384 749 2436 et
766 2371 929 2459 Scriptura
952 2368 1028 2434 dicit
1048 2369 1122 2455 quia

98 2505 114 2540 ι
131 2495 226 2544 nemo
240 2475 407 2542 mundusu
423 2477 516 2542 sorde
526 2477 549 2542 ².
568 2507 581 2540 r
604 2479 723 2546 Omnes
745 2503 819 2568 ergo
843 2478 1063 2568 purificatione
1077 2478 1127 2542 in·

86 2589 252 2678 (ligemus,
268 2587 334 2652 imo
348 2586 633 2674 purificationibus.
649 2588 754 2655 Multae
766 2590 851 2655 enim
869 2601 901 2653 et
923 2587 1052 2653 diverste
1068 2609 1126 2653 nos

82 2709 227 2768 manent
242 2694 489 2785 purificationes.
506 2697 571 2763 Sesl
584 2699 717 2786 mystica
728 2699 797 2764 baec
808 2710 882 2763 sunt
896 2710 929 2763 et
941 2694 1121 2762 ineffabilis.

85 2809 178 2889 Quis
198 2807 285 2872 enim
309 2807 399 2872 uobis
417 2831 565 2874 enarrare
583 2810 699 2898 poterit
717 2834 785 2897 quae
808 2811 871 2875 sint
891 2808 1127 2897 purificationes

82 2939 167 3008 quae
178 2926 331 3003 parentur
349 2914 460 2992 Puulo,
477 2916 525 2982 vel
541 2914 648 2994 Petro,
671 2917 720 2984 vel
740 2917 807 2983 aliis
827 2918 942 2983 horum
959 2917 1128 2992 similibus,

84 3025 152 3117 qui
174 3035 300 3092 tuntum
318 3037 551 3112 pugnaverunt,
570 3039 617 3091 tot
637 3039 747 3116 gentes
764 3028 913 3092 burburas
931 3025 1130 3101 deleverunt,

85 3147 145 3204 tot
162 3131 274 3197 hostes
291 3143 542 3219 prostraverunt,
558 3147 645 3202 teuta
661 3135 771 3225 spolia,
789 3147 835 3201 tot
847 3136 1024 3225 triumphos
1035 3159 1133 3224 cepe-

82 3253 192 3318 runt,
207 3242 263 3329 qui
276 3241 414 3308 cruentis
428 3244 574 3310 manibus
591 3244 629 3310 de
641 3245 727 3312 eaede
743 3245 882 3310 bostium
895 3245 1040 3320 redeunt.
1057 3266 1134 3331 quo·

85 3375 180 3423 rum
197 3375 255 3442 pes
270 3354 386 3422 tinctus
405 3366 454 3420 est
468 3355 677 3444 insanguine,
693 3365 726 3420 et
740 3377 852 3420 munus
865 3377 935 3420 suas
947 3353 1090 3419 laverunt
1102 3352 1137 3419 iu

83 3461 261 3551 sanguine
280 3463 507 3550 peecatorum?
523 3463 756 3532 Interfecerunt
773 3465 889 3553 quippe
914 3463 946 3528 in
972 3461 1139 3528 matutinis

81 3595 220 3642 omnes
237 3584 419 3662 peccatores
435 3585 545 3651 terre,
562 3587 594 3641 et
610 3575 779 3664 imaginem
790 3597 902 3640 eorum
912 3573 1139 3639 exterminare-

78 3693 181 3753 runt
207 3681 249 3747 de
269 3684 395 3748 civitate
415 3683 554 3748 Domini.
575 3683 730 3752 Viceruut
753 3686 869 3774 quippe
889 3696 921 3749 et
939 3689 1142 3772 peremerunt

76 3795 249 3861 diversas
264 3793 446 3857 daemonum
461 3805 580 3881 gentes.
597 3793 661 3860 Nisi
674 3794 759 3860 euim
769 3794 913 3860 vicissent
930 3816 994 3868 eus,
1008 3811 1071 3854 nou
1084 3808 1141 3874 pe-

120 3925 136 3975 .¹
153 3925 243 3972 Num.
258 3937 326 3977 xxrr,
343 3921 381 3980 nl.
393 3951 424 3960 -
436 3921 447 3954 ²
458 3923 521 3982 lob,
532 3923 620 3983 mil·
