2776 4616
346 267 408 342 454
786 267 926 331 ourouurs

345 427 357 458 ι
374 418 462 466 cneus
479 419 550 462 vere
565 407 612 460 est
628 395 748 482 potus⁴.
765 425 776 456 r
793 399 832 462 Et
848 399 955 486 utique
967 399 1018 486 qui
1034 399 1099 464 baec
1112 398 1220 464 diccbut
1231 394 1301 460 miro

346 521 431 574 ratus
443 519 490 572 est
501 529 558 594 pro
569 506 764 578 homiuibus
781 509 844 594 ipse
859 509 966 574 enimc
978 507 1250 594 uulneratusestpro
1257 527 1301 593 pec·

346 648 358 680 u
375 618 451 684 catis
468 615 612 691 uostris²,
625 615 728 680 »sicut
746 616 848 682 Esaias
865 617 950 683 dicit.
973 617 1082 682 Bibere
1099 629 1192 683 cutem
1209 615 1302 680 dicimur

345 729 526 818 sauguinem
546 727 673 802 Christi,
689 749 752 792 non
768 725 871 792 solum
886 739 1145 792 sacramentorum
1159 727 1224 799 ritu,
1234 723 1273 787 seri
1283 736 1300 785 ct

343 863 417 906 cum
433 861 592 906 sermones
606 839 675 925 ejus
691 839 870 926 recipimus,
886 838 918 902 iu
936 838 1049 925 quibus
1066 815 1123 902 vitu
1141 833 1300 907 combuti-

345 963 399 1016 cut
414 963 445 1014 et
459 951 525 1038 ipse
540 949 634 1015 dicit:
648 929 858 1036 «Verbu'quae
873 946 997 1012 locutus
1013 971 1093 1022 sum,
1111 947 1221 1034 spiritus
1233 943 1301 1008 ettitr

345 1061 447 1128 »esst
463 1063 540 1126 »Est
553 1084 627 1148 ergo
645 1059 710 1147 ipse
722 1059 913 1132 vulneratus,
933 1058 1023 1145 cujus
1042 1081 1099 1122 nos
1114 1056 1267 1144 sauguinem
1278 1051 1302 1114 bi

344 1174 464 1248 bimus,
473 1172 506 1237 id
516 1183 578 1246 est,
589 1171 740 1235 doctrinm
751 1170 819 1256 ejus
832 1171 924 1234 verbu
936 1168 1129 1256 suscipimus.
1141 1165 1232 1232 Sedet
1241 1161 1301 1228 illiri-

342 1279 512 1347 hilomiuus
528 1277 681 1345 vulnerati
704 1293 789 1352 suut,
806 1277 860 1365 qui
878 1277 970 1343 nobis
987 1279 1115 1344 verbum
1130 1277 1192 1364 ejus
1204 1271 1299 1363 predic

244 1449 248 1458 .
344 1404 427 1457 runt.
454 1393 598 1479 ipsorum
614 1389 711 1463 euim,
727 1388 834 1463 idest,
850 1384 1073 1476 Apostolorum
1090 1388 1157 1476 ejus
1174 1385 1250 1449 verbu
1262 1401 1299 1445 cm

343 1500 487 1589 legimus,
506 1511 538 1564 ot
555 1499 649 1564 vitem
662 1519 702 1562 ex
716 1498 761 1563 eis
780 1498 1015 1584 consequimur,
1035 1497 1248 1563 vuluerutomm
1262 1513 1301 1556 ur·

343 1611 469 1699 guinem
488 1609 623 1674 bibimus
638 1631 646 1672 :
660 1633 672 1666 ι
684 1607 753 1672 Non
768 1631 858 1696 crgo,
876 1609 998 1692 iuquit,
1020 1607 1261 1682 dormiet,·douec
1272 1622 1301 1666 co·

344 1721 478 1785 »medat
501 1716 669 1805 praedrrm‘.
688 1746 699 1778 ι
715 1716 776 1782 iste
799 1718 882 1782 euim
899 1715 1033 1805 populus
1057 1719 1110 1804 qui
1133 1709 1303 1783 cutuioicouis,

344 1827 391 1894 vei
411 1827 492 1892 locui
509 1838 721 1916 compurotur,
735 1851 798 1892 uon
813 1828 951 1914 quiescet
966 1849 1026 1892 uec
1042 1828 1176 1894 dormiet
1189 1827 1258 1890 druco
1268 1839 1304 1880 rt·

344 1940 408 2024 piet
423 1935 572 2026 proeduur,
589 1936 621 2000 id
639 1948 699 2012 cst,
715 1936 817 2001 donec
832 1935 931 2024 rupiut
946 1959 1080 2024 regnum
1102 1925 1305 2015 ooetormzqr'u

352 2070 394 2111 «a
410 2045 519 2110 diebus
530 2046 660 2111 ioannis
676 2067 806 2133 reguum
822 2043 974 2111 coriorum
987 2047 1050 2110 vim
1062 2033 1302 2136 putresceret

344 2185 356 2218 ι
372 2157 489 2222 cientes
505 2157 654 2245 diripiunt
671 2154 775 2221 illuri‘.
793 2183 806 2216 s
820 2155 860 2220 Ut
879 2167 985 2220 eutem
999 2159 1174 2224 evidentius
1190 2166 1301 2242 cognom

344 2266 411 2330 baec
427 2264 466 2330 de
480 2275 587 2330 nostro
603 2261 730 2352 populo,
743 2267 796 2352 qui
812 2266 843 2328 iu
859 2267 1190 2348 sacramentislsshristi
1201 2255 1303 2328 conicit·

343 2387 429 2440 rutus
450 2388 509 2450 cst,
533 2376 640 2450 scribi,
660 2375 732 2440 audi
753 2374 913 2463 quomodo
928 2387 960 2438 et
975 2375 1006 2440 in
1022 2375 1091 2442 aliis
1113 2377 1226 2464 bloyses
1243 2363 1307 2435 siuiir

344 2487 526 2572 pronuntiat
549 2485 655 2550 dioeus
677 2508 685 2548 τ
704 2485 885 2572 «Butyrum
906 2486 1017 2560 boum,
1034 2500 1067 2551 et
1083 2487 1133 2553 luc
1152 2488 1254 2554 ovium,
1269 2493 1306 2542 tut

344 2621 356 2650 »
373 2593 463 2681 adipe
484 2614 636 2679 agnorum
649 2603 681 2655 et
699 2591 844 2666 arietum,
861 2568 1008 2656 tiliorum
1020 2606 1183 2660 taurorum
1202 2603 1230 2656 ec
1247 2588 1308 2653 tim·

342 2731 355 2765 u
371 2725 454 2776 rum.
469 2723 541 2766 cum
553 2701 645 2787 adipe
660 2701 795 2776 renium,
809 2681 1014 2775 [iumeutbet
1031 2707 1213 2794 sanguinem
1227 2691 1308 2764 uruit·

345 2815 448 2876 »beut
465 2807 601 2875 viuuru⁸.
624 2837 636 2870 u
652 2810 691 2874 Et
707 2810 758 2874 hic
772 2833 846 2899 ergo
861 2810 984 2898 sanguis
1005 2815 1058 2899 qui
1083 2815 1251 2880 nominetur
1266 2821 1308 2868 utt·

346 2919 425 2984 iilius
443 2943 509 2984 uvae
524 2931 571 2984 ost
588 2941 658 3005 quae
673 2920 811 2984 nuscitur
824 2945 863 2985 cx
878 2919 928 2986 itta
945 2923 1005 2986 vite
1022 2923 1061 2988 de
1079 2948 1140 3012 qus
1157 2919 1278 2988 Salvator
1286 2907 1309 2972 i·

345 3031 389 3094 cit
413 3053 449 3092 :r
469 3031 534 3116 Ego
551 3052 620 3093 sum
636 3029 704 3094 vitis
721 3053 804 3104 veru,
828 3031 984 3120 discipuli
1003 3057 1082 3099 uero
1103 3023 1312 3121 potetestate

345 3167 357 3199 u
374 3149 478 3202 autem
494 3135 626 3225 agricole
642 3136 722 3213 est⁷,
741 3166 754 3199 s
773 3139 826 3226 qui
842 3153 954 3229 purgat
968 3163 1034 3215 cos,
1051 3154 1085 3207 ut
1102 3142 1238 3208 fructum
1252 3124 1314 3222 piuri-

344 3269 432 3312 muru
457 3247 599 3312 afferunt.
622 3245 671 3310 Tu
693 3271 766 3336 ergo
788 3271 820 3313 es
845 3272 936 3314 verus
956 3249 1092 3338 populus
1108 3248 1215 3324 isme'l,
1232 3241 1270 3334 qui
1281 3233 1312 3300 ⁵⁶5⁵

344 3354 526 3443 sauguinem
541 3356 662 3430 bibere,
675 3369 707 3420 et
721 3358 802 3421 nosti
814 3381 941 3423 curnem
954 3357 1048 3426 Verbi
1066 3362 1125 3426 Dei
1142 3353 1313 3427 conterret

344 3465 527 3552 sauguinem
542 3465 663 3540 bibere,
675 3476 707 3536 et
724 3489 789 3530 uum
806 3467 988 3554 sauguinem
1003 3468 1085 3534 iliius
1100 3494 1172 3558 quae
1186 3470 1311 3534 uuestei

348 3575 407 3638 vite
422 3585 453 3636 et
469 3571 527 3638 iilis
544 3572 721 3660 palmitibus
737 3599 814 3664 quos
826 3576 918 3642 Peter
929 3591 1053 3667 purget,
1066 3579 1203 3645 haurire.
1219 3579 1312 3655 Quorum

343 3683 508 3772 palmitum
531 3686 662 3759 fructus,
685 3684 918 3753 vulneratorum
945 3692 1068 3778 sanguis
1096 3692 1210 3757 merito
1234 3680 1315 3752 «tirius

376 3843 468 3893 <trum
483 3859 516 3900 tr,
529 3843 567 3898 54.
581 3871 609 3880 ·-
622 3841 632 3875 ²
645 3844 700 3893 tesi.
717 3863 771 3906 cru,
784 3850 807 3895 5.
819 3869 847 3884 -ι
859 3847 868 3880 ¹
882 3851 955 3899 Jouu.
970 3866 992 3897 tr
1001 3887 1009 3911 ‚
1023 3851 1062 3908 b'i.
1074 3844 1125 3887 -4
1139 3851 1213 3899 Num·
1228 3844 1314 3898 musti*

344 3915 454 3962 tuturus
467 3931 497 3962 xr.
514 3930 550 3959 ια.
565 3941 594 3950 -
607 3915 616 3945 ‘⁵
630 3915 704 3964 licut.
716 3933 793 3976 muru,
811 3919 1188 3982 ru.-7Joarr.1r,r‚seru.
