2744 4624
416 289 447 328 ru
474 285 607 328 essesut
631 284 760 326 uenum
784 283 846 324 xv1.
1103 259 1145 345 60

106 409 189 474 inter
199 404 385 472 sacerdotes
396 403 455 468 Dei
470 413 502 467 et
514 401 693 467 sacerdotes
705 399 899 466 Pharaonis?
910 399 1033 464 Pharao
1047 408 1144 460 terras

107 516 259 584 concedit
279 511 503 580 sacerdotibus
524 511 601 585 suis,
621 511 776 576 Dominus
799 521 905 575 autem
926 505 1144 573 sacerdotibus

106 627 175 692 suis
197 634 317 712 partem
337 643 402 686 non
420 619 566 686 concedit
578 620 720 694 interra,
733 620 788 684 sed
800 617 877 684 dicit
890 617 935 682 eis
949 639 957 681 ε
970 643 983 678 r
994 617 1062 705 Ego
1073 635 1143 678 sum

110 758 214 824 spars
229 745 327 800 vestra
337 731 358 798 ¹.
375 759 390 793 s
406 729 581 796 Observato
591 751 668 818 ergo
680 731 734 817 qui
746 729 813 794 hec
825 727 939 818 legitis,
951 749 1061 792 omnes
1077 724 1144 790 Do-

115 843 194 908 mini
211 841 401 914 saeerdotes,
416 851 449 904 et
470 838 572 903 ridete
586 860 658 926 quae
679 837 720 902 sit
735 837 911 904 differentia
929 836 1143 909 sacerdotum,

115 975 156 1018 ne
170 951 249 1018 sorte
265 952 318 1037 qui
335 963 458 1038 partem
472 949 591 1013 habent
605 949 637 1011 in
647 959 750 1023 terra,
761 961 794 1012 et
805 948 938 1012 terrenis
952 944 1091 1012 cultibus
1107 967 1145 1009 ac

111 1061 224 1127 studiis
235 1073 362 1135 recent,
376 1082 440 1125 non
454 1070 521 1122 tam
530 1056 658 1122 Domini
669 1079 767 1144 qnam
780 1055 950 1122 Pharaonis
966 1054 1145 1122 sacerdotes

105 1193 177 1236 esse
191 1170 369 1236 videantur.
380 1167 437 1234 llle
447 1179 496 1233 est
506 1167 593 1231 enim
606 1166 658 1252 qui
672 1166 738 1231 vult
749 1168 928 1232 sacerdotes
940 1189 1012 1232 sues
1028 1165 1146 1231 habere

107 1278 327 1368 possessiones
343 1289 513 1352 terrarum,
527 1289 560 1342 et
574 1298 722 1342 exercere
737 1276 816 1363 agri,
836 1297 900 1341 non
914 1277 1028 1356 animm
1042 1273 1147 1340 cultu·
1226 1309 1229 1316 ·

110 1409 199 1461 ram,
210 1387 279 1452 ruri
290 1397 325 1452 et
334 1409 397 1452 non
407 1384 466 1475 legi
477 1409 608 1475 operam
621 1384 707 1450 dare.
723 1385 867 1449 Christus
880 1395 987 1447 autem
995 1383 1147 1448 Dominus

117 1507 234 1561 noster
244 1494 455 1560 sacerdotibus
463 1495 611 1583 suisquid
620 1495 770 1583 praecepit
782 1493 947 1559 audiamus
960 1513 968 1556 t
981 1519 994 1552 r
1008 1491 1072 1570 Qui
1085 1513 1149 1554 nott

122 1605 429 1681 abrenuntiantem,
445 1606 569 1691 inquit,
592 1605 740 1670 omnibus
755 1627 825 1690 quse
844 1601 993 1690 possidet,
1011 1623 1075 1668 non
1090 1621 1150 1687 po-

115 1743 130 1774 s
150 1723 212 1778 test
236 1737 328 1780 meus
348 1737 413 1780 esse
434 1712 669 1803 discipulus².s
693 1713 912 1778 Contremisco
933 1710 1002 1775 lnaec
1027 1708 1146 1774 dicens.

111 1821 205 1888 Meus
220 1822 308 1888 enim
328 1822 432 1908 primo
451 1821 608 1896 omnium,
624 1843 727 1895 meus,
745 1820 888 1906 inquam,
906 1817 971 1905 ipse
988 1827 1151 1880 accusator

109 1930 230 2004 existo,
246 1951 334 1996 meas
349 1928 630 1995 condemnationes
646 1927 768 2016 loquor.
786 1927 886 2015 Negat
898 1926 1041 1991 Christus
1057 1945 1150 1990 suum

109 2063 182 2108 esse
199 2037 408 2127 discipulum,
423 2061 520 2127 quem
536 2038 649 2104 viderit
664 2037 780 2125 aliquid
797 2037 1022 2125 possidentem,
1035 2047 1067 2099 et
1078 2057 1151 2103 eum

113 2151 172 2236 qui
189 2173 254 2215 non
269 2150 433 2214 renuntiat
448 2151 595 2214 omnihus
612 2172 682 2236 quae
696 2146 846 2236 possidet.
868 2147 908 2212 Et
919 2147 995 2234 quid
1010 2142 1152 2234 agimus?

122 2257 293 2336 Quomodo
304 2259 374 2326 lsaec
383 2269 440 2324 eut
453 2259 510 2347 ipsi
523 2257 668 2347 legimus,
682 2271 737 2322 aut
748 2256 871 2346 populis
885 2257 1084 2346 exponimus,
1096 2256 1152 2343 qui

125 2389 191 2432 non
208 2365 308 2434 solum
323 2391 385 2434 non
402 2369 663 2435 abrenuntiamus
678 2368 727 2434 his
743 2391 812 2456 qum
828 2367 1036 2455 possidemus,
1050 2365 1105 2430 sed
1119 2377 1151 2429 et

116 2476 285 2563 acquirere
307 2476 452 2544 volumus
470 2501 506 2542 ee
525 2500 595 2565 qum
613 2499 776 2564 nunquam
795 2475 965 2542 habuimus
983 2487 1152 2561 antequam

116 2583 299 2648 veniremus
317 2583 358 2648 ad
374 2585 560 2650 Christum?
577 2583 813 2672 Numquidnam
832 2582 904 2670 quia
921 2605 979 2647 nos
996 2581 1153 2669 redarguit

113 2693 328 2766 conscientia,
341 2703 447 2780 tegere
458 2705 490 2757 et
506 2715 569 2758 non
581 2694 723 2781 prolerre
735 2716 805 2780 quas
820 2692 936 2780 scripte
952 2703 1025 2758 sunt
1040 2715 1148 2779 possu-

116 2800 210 2866 mus?
228 2799 312 2867 Nolo
328 2801 479 2889 duplicati
496 2801 636 2868 criminis
652 2801 720 2867 fieri
735 2825 817 2866 reus.
834 2801 996 2866 Confiteor
1007 2812 1039 2865 et
1050 2799 1153 2888 palam

115 2909 239 2998 populo
256 2911 418 2985 audiente,
434 2909 589 2977 conliteor
604 2910 674 2978 haec
696 2911 812 3000 scripta
827 2934 912 2983 esse;
931 2911 1051 2975 etiamsi
1072 2933 1154 2976 non-

116 3018 196 3084 dum
212 3017 365 3106 implesse
376 3041 426 3082 me
439 3020 521 3088 novi.
538 3019 600 3084 Sed
615 3043 655 3083 ex
670 3018 733 3084 hoc
743 3017 854 3083 saltem
866 3020 1052 3084 commoniti
1067 3020 1152 3084 lesti-

116 3151 233 3194 nemus
248 3126 397 3215 implere,
412 3128 597 3196 festinemus
610 3129 742 3194 transire
757 3153 773 3194 a
790 3127 1006 3193 sacerdotibus
1017 3128 1157 3194 Pharao·

117 3238 178 3312 nis,
205 3239 327 3326 quihus
353 3250 476 3304 terrena
497 3239 651 3328 possessio
673 3251 733 3314 cst,
756 3238 796 3303 ad
818 3239 996 3303 sacerdotes
1016 3237 1156 3314 Domini,

120 3346 236 3434 quibus
259 3347 294 3412 in
318 3357 401 3414 terra
422 3371 493 3436 pers
516 3372 580 3414 non
599 3358 659 3422 est,
675 3349 789 3434 quihus
804 3347 907 3436 portio
926 3347 1080 3414 Dominus
1096 3360 1153 3412 cst.

125 3455 202 3522 Talis
215 3458 306 3524 enim
318 3468 388 3524 erat
403 3455 454 3522 ille
469 3459 522 3546 qui
539 3459 665 3523 dicebat
681 3479 688 3522 :
709 3457 899 3546 «Tanquam
910 3470 1051 3548 egentes,
1069 3455 1156 3522 mul·
1214 3523 1219 3530 ,

128 3578 319 3633 atosautcm
333 3565 572 3656 locupletantes.
589 3567 631 3632 Ut
642 3566 720 3632 nihil
736 3567 901 3642 hahentes,
918 3578 949 3630 et
965 3567 1070 3631 omnia
1083 3590 1157 3654 pos-

123 3673 316 3742 ssidentes⁸.
331 3703 344 3735 a
359 3671 474 3740 Paulus
488 3675 540 3741 hic
553 3676 664 3763 estqui
677 3675 709 3740 in
727 3671 840 3741 talibus
853 3672 1015 3762 gloriatur.
1031 3673 1084 3738 Vis
1097 3697 1155 3737 au·-

117 3783 184 3848 dire
203 3782 283 3872 quid
297 3783 399 3848 etiam
415 3782 526 3849 Petrus
542 3783 581 3849 de
597 3785 699 3872 seipso
722 3785 931 3873 pronuntiet?
950 3784 1064 3852 Audite
1082 3807 1157 3856 eum

152 3907 160 3938 ¹
176 3906 250 3956 Num.
269 3924 347 3966 srrrr,
360 3923 400 3954 au.
415 3935 443 3944 -
457 3905 468 3940 ¹
480 3908 540 3958 Lur.
555 3925 606 3970 arv,
617 3909 657 3959 33.
669 3909 717 3946 -⁸
731 3911 810 3960 aCor.
827 3927 859 3966 vr,
874 3926 911 3958 te.
