2744 4624
218 290 256 351 52
657 304 799 348 ensurius

216 423 430 513 conjungitur.
451 419 546 486 Vides
568 433 706 508 quantus
729 444 786 488 nus
809 432 1078 488 sacramentorum
1093 420 1243 488 cumulus

214 544 380 624 perurget;
397 541 518 618 quante
537 542 610 598 suut
624 554 695 618 quse
716 543 889 598 occurrunt
908 529 1065 618 explicere
1087 553 1151 596 nou
1173 554 1245 619 pos-

214 665 336 718 sumus,
358 639 469 707 saitem
490 640 559 706 haee
582 640 713 705 incitare
732 653 764 704 te
783 640 900 706 dehent
916 641 959 706 nd
979 641 1184 716 audiendum,
1202 643 1243 706 ad

214 750 479 824 conveniendum.
497 763 528 814 et
545 749 682 816 etiamsi
699 773 756 814 nos
775 748 877 837 eliqua
897 774 956 839 pro
972 753 1124 816 brevitate
1140 762 1244 816 trans-

214 861 384 934 currimus,
399 869 434 922 tu
450 881 524 924 eum
539 855 651 946 relegis
665 869 698 921 et
714 859 858 945 requiris,
881 859 977 924 etiam
997 860 1062 948 ipse
1078 859 1244 936 discuties,

215 984 247 1038 et
263 969 420 1040 invenisset
436 979 523 1033 certe
539 965 586 1033 rel
602 968 634 1033 in
649 966 765 1033 horum
780 968 981 1055 inquisitione
997 991 1194 1056 permaneas.
1209 982 1246 1033 ut

214 1094 245 1146 et
257 1093 288 1145 te
300 1078 442 1144 Verbum
456 1076 515 1140 Dei
530 1075 692 1142 inveniens
707 1075 747 1139 ad
762 1098 877 1162 equam
895 1089 1047 1154 assumat,
1063 1090 1096 1141 et
1111 1079 1246 1164 conjun-

214 1201 268 1278 gat
280 1187 353 1264 sibi,
372 1197 406 1250 ut
420 1183 567 1253 efficieris
582 1207 656 1249 cum
678 1207 717 1249 eo
734 1208 815 1251 unus
830 1186 956 1274 spiritus
974 1187 1006 1250 in
1022 1185 1148 1251 Christo
1164 1187 1244 1252 Jesu

213 1298 350 1365 Domino
366 1307 487 1368 nostro,
503 1295 555 1360 eui
571 1305 619 1358 est
630 1290 728 1381 glorie
744 1307 775 1360 et
791 1295 959 1384 imperium
973 1295 1007 1361 in
1019 1295 1128 1361 saeeule
1147 1319 1247 1362 saeeu-

212 1405 326 1472 lorum.
345 1405 458 1472 Amen.

217 1631 1246 1658 v«owntumn-mmmmmmwtwmumusmmumunumm

552 1797 777 1870 HOMlLlA
809 1799 904 1870 Xl¹.

216 2003 261 2058 De
274 2021 303 2057 en
316 1996 392 2072 qnod
400 1994 545 2054 Abraham
563 1995 713 2054 Cetdnram
722 1998 836 2074 accepit,
848 2007 872 2052 et
883 1995 960 2070 quod
969 1999 1052 2055 Isaac
1066 1997 1197 2056 debriavit
1208 2000 1249 2056 nd

597 2097 710 2160 puteum
728 2087 853 2144 vr'szbnt's.

264 2262 449 2336 Abraham
467 2287 575 2358 quem
594 2263 788 2360 Apostolus
804 2264 936 2336 Paulus
955 2263 1041 2366 dicit
1063 2273 1088 2336 ²:

214 2446 335 2466 .........
344 2401 374 2464 in
386 2397 588 2465 centenurio⁸
602 2422 758 2466 annorum
771 2425 904 2466 numem
917 2403 1024 2477 fuisse,
1037 2417 1069 2467 et
1080 2405 1168 2470 isene
1180 2427 1246 2469 ma-

213 2511 259 2598 gis
275 2511 390 2574 virtute
407 2505 480 2572 tidei
501 2530 596 2596 quem
615 2510 756 2597 eorporis
774 2510 976 2574 soeconditnte
991 2512 1147 2596 genuisse,
1162 2513 1246 2579 Seri·

214 2630 307 2706 ptum
324 2637 410 2680 nune
430 2614 527 2679 refert
545 2617 703 2704 accepisse
720 2637 849 2682 uxorem
863 2616 1036 2680 Cethumm
1053 2620 1193 2693 nomine.
1213 2633 1246 2686 et

215 2725 296 2791 filios
311 2748 349 2789 ex
364 2747 401 2788 ea
413 2722 566 2810 plurimos
580 2726 736 2812 genuisse,
754 2747 827 2790 cum
844 2723 908 2788 sere
923 2736 1053 2788 centum
1072 2725 1197 2810 triginta
1213 2741 1248 2791 rt

215 2847 336 2922 septem
354 2833 514 2898 videretur
531 2857 698 2900 annorum.
714 2835 793 2900 Nam
806 2833 882 2897 Sera
898 2855 975 2896 uxor
989 2833 1057 2919 ejus
1075 2831 1186 2896 decem
1203 2837 1243 2898 nb

215 2965 253 3008 eo
262 2943 351 3008 annis
361 2943 469 3030 junior
479 2943 640 3017 scribitur,
650 2966 720 3031 quae
733 2943 905 3008 centesimo
915 2941 1062 3006 vicesimo
1070 2953 1102 3006 et
1110 2927 1247 3030 septime

215 3073 299 3116 anno
312 3048 473 3126 defunctu,
487 3051 605 3115 indicet
620 3049 780 3115 Abraham
794 3071 889 3137 super
899 3061 1029 3114 eentum
1041 3050 1166 3137 triginta
1178 3072 1248 3137 sep-

216 3175 281 3224 tem
297 3183 453 3225 annorum
469 3159 563 3224 fuisse
578 3179 653 3223 eum
666 3156 839 3221 Cethurnm
858 3160 981 3246 nccepit
997 3181 1138 3223 uxorem.
1159 3158 1247 3237 Quid

215 3267 315 3355 ergo?
333 3280 481 3355 putemus
496 3265 582 3352 quod
597 3265 628 3326 in
646 3275 733 3328 tanto
752 3263 933 3329 Putriarehn
951 3289 1007 3352 per
1024 3265 1106 3329 idem
1123 3277 1247 3352 tempus

216 3375 418 3440 incitamenta
438 3372 540 3438 earnis
556 3370 736 3457 viguerint?
751 3384 783 3434 et
798 3372 851 3458 qui
868 3370 944 3436 oiim
964 3371 1160 3438 naturalibus
1176 3395 1247 3437 mo-

216 3485 301 3547 tibus
315 3494 478 3548 emortuus
490 3478 620 3548 dicitur.
642 3501 728 3544 nunc
744 3480 784 3545 nd
800 3478 962 3546 libidinem
982 3480 1138 3546 redivivus
1152 3493 1248 3568 putu-

217 3591 325 3656 bituri)
341 3591 389 3656 Au
410 3589 458 3673 (ut
478 3610 558 3674 saepe
578 3587 642 3674 jum
658 3589 806 3676 diximus)
830 3589 1083 3656 patriarcharum
1100 3590 1246 3678 conjugia

251 3737 345 3786 1Τοιιι.
361 3735 398 3794 tt,
414 3751 439 3798 p.
452 3735 483 3799 89
495 3744 520 3782 et
533 3753 605 3800 srqq.

247 3813 258 3846 ²
274 3815 346 3862 Rom.
360 3825 391 3858 tv.

248 3889 298 3938 8Ν.
316 3905 337 3946 ι,
351 3904 372 3934 ¹1·
387 3901 412 3949 p.
426 3885 518 3950 89‚90.
