2604 4614
63 263 69 279 ¹
102 337 109 358 ,
215 281 280 344 556
662 275 804 344 ooronrris

210 426 304 492 etiam
326 425 365 491 ad
390 425 506 488 amicos
525 423 668 511 dirigitur
687 424 803 511 sponsi.
830 425 870 488 Et
888 424 951 490 hoc
973 428 1128 513 estquod
1151 454 1231 520 supra

211 543 363 618 diximus,
374 564 500 606 carmon
513 539 651 628 nuptiale
664 540 696 605 in
707 540 838 605 modom
851 543 1002 607 dramatis
1010 566 1079 607 esse
1091 547 1234 634 conscrip·
1292 623 1293 628 η

210 665 289 718 tum.
304 653 420 719 Dromo
435 652 520 716 enim
535 651 662 725 dieitur,
681 663 715 714 ut
727 651 760 715 in
772 652 874 718 scenis
890 653 938 740 agi
955 649 1063 718 fabula
1081 652 1175 728 solet,
1190 657 1232 720 ubi
1292 697 1293 702 κ

211 763 487 849 diversaepersonae
503 760 771 824 introducunturt
789 772 820 824 st
836 757 905 824 aliis
921 761 1170 836 accedentibus,
1182 763 1232 828 oliis
1290 803 1293 898 4

152 927 159 942 .
208 871 302 936 etiam
315 868 566 944 discedentibus,
585 868 759 943 adiversis,
772 881 804 932 et
820 868 859 933 ad
872 869 1012 934 diversos
1026 882 1135 934 textus
1147 895 1234 936 nune
1292 899 1293 960 j

208 979 300 1044 tionis
312 975 465 1065 expletur.
485 978 566 1058 Quae
581 975 702 1065 singula
714 999 772 1040 suo
784 977 896 1042 ordine
912 978 1072 1066 scriptura
1093 977 1162 1043 baeo
1172 1001 1233 1044 con·
1291 1025 1293 1084 λ

207 1088 304 1161 tinet,
321 1096 485 1172 totumque
501 1109 615 1173 eorpus
627 1085 695 1173 ejus
708 1083 847 1174 mysticis
857 1085 1013 1151 formatur
1028 1084 1176 1178 eloquiis.
1186 1085 1235 1151 Sed

207 1194 310 1282 primo
328 1193 408 1258 scire
429 1215 487 1257 nos
503 1205 646 1282 oportet,
666 1194 817 1282 quonium
839 1193 920 1259 sicut
938 1193 1076 1281 puerilis
1097 1207 1169 1260 zetus
1184 1219 1232 1260 noo

205 1317 353 1367 movetur
364 1302 404 1366 od
416 1324 554 1365 amorem
564 1299 744 1389 possibilem
754 1350 762 1375 ,
771 1301 813 1366 ito
825 1324 885 1365 nee
898 1301 938 1366 ad
949 1301 1115 1390 capiendo
1127 1303 1232 1390 quiden

207 1411 302 1476 verba
317 1409 405 1484 baec,
421 1407 549 1496 parvulo
566 1421 597 1472 et
612 1407 761 1474 infantilis
776 1411 931 1474 interioris
943 1409 1094 1476 bominis
1106 1425 1174 1476 aetos
1188 1413 1231 1476 sd-

206 1520 359 1593 mittitur,
377 1517 502 1582 illorum
518 1501 636 1584 scilicet
648 1518 703 1606 qui
723 1514 804 1584 lacte
823 1519 855 1583 in
868 1518 997 1583 Christo
1014 1517 1167 1595 aluntur,
1181 1544 1228 1584 nor

207 1629 279 1694 cibo
291 1627 380 1702 lorti,
397 1638 428 1690 et
444 1627 497 1714 qui
509 1649 595 1691 nune
614 1627 751 1714 primum
769 1625 954 1694 rationabile
966 1640 1001 1692 et
1021 1628 1099 1692 sine
1117 1628 1178 1693 dolo
1188 1627 1224 1692 lac

208 1736 446 1822 concupiscunt.
467 1733 501 1798 ln
515 1733 616 1798 verbis
631 1734 717 1798 euim
731 1735 853 1800 Cantici
866 1733 1085 1802 Conticorum
1098 1735 1145 1800 ille
1154 1737 1220 1800 cibus

205 1856 270 1918 est,
282 1843 320 1908 de
333 1865 395 1930 quo
403 1843 482 1907 dicit
497 1839 683 1930 Apostolus:
697 1842 930 1908 sPerlectorum
944 1855 1063 1909 autem
1073 1842 1207 1909 estoldus

206 1949 316 2014 »cibus
330 1971 337 2012 τ
353 1975 365 2008 r
387 1959 419 2013 et
431 1945 507 2012 tales
523 1947 652 2034 requirit
665 1946 841 2022 audituros,
860 1948 937 2035 «qui
958 1972 1024 2035 pro
1043 1945 1202 2038 possibilitate

206 2055 371 2120 »sumendi
386 2055 571 2120 exercitatos
586 2054 724 2120 habeant
742 2079 849 2120 sensus
866 2055 905 2120 ad
920 2055 1140 2121 discretionem
1149 2053 1208 2118 boui

205 2171 258 2225 »et
275 2159 380 2225 mitit
401 2186 413 2220 ι
427 2162 467 2225 Et
482 2159 611 2248 quidem
627 2157 748 2246 purvuli
758 2181 837 2248 quos
852 2156 1007 2236 diximus,
1024 2162 1054 2225 si
1068 2157 1217 2226 veniuntsd

203 2266 271 2331 brec
284 2265 371 2341 locu,
388 2275 491 2353 potest
506 2264 573 2328 fieri
591 2276 624 2328 ut
640 2261 718 2328 nibll
729 2265 858 2351 quidum
872 2287 909 2328 ex
925 2265 989 2330 buo
1002 2269 1160 2355 scriptura
1171 2287 1225 2353 prc-

203 2364 328 2450 licient,
345 2397 404 2437 ooo
415 2385 521 2438 tamon
534 2370 623 2438 valde
632 2369 797 2447 luduntur,
814 2371 860 2438 vol
873 2372 938 2460 ipse
951 2396 1025 2460 quae
1037 2376 1157 2462 scripte
1168 2385 1234 2436 suut

203 2481 358 2571 legentes,
375 2479 423 2546 vel
439 2505 509 2569 quae
527 2481 567 2544 od
583 2478 836 2568 explanationum
855 2502 967 2545 eorum
986 2482 1123 2547 dicenda
1152 2493 1234 2550 sunt.

203 2587 412 2658 recensentes.
432 2590 463 2655 Sl
484 2607 556 2654 rero
569 2587 677 2677 uliquis
697 2591 883 2662 occesserit,
902 2591 957 2677 qui
972 2592 1160 2656 seeundum
1176 2613 1229 2656 ur

203 2719 276 2766 nem
293 2698 513 2766 tantummodo
521 2699 567 2762 vir
579 2703 642 2771 est,
659 2699 733 2762 buie
743 2693 799 2762 toli
814 2719 877 2762 noo
892 2720 1004 2787 porum
1015 2721 1055 2763 ex
1067 2699 1141 2766 buc
1151 2700 1234 2786 strio*

201 2818 271 2872 ture
287 2803 491 2878 discriminis,
507 2800 702 2891 periculique
714 2815 871 2868 nuscetur.
886 2805 1004 2868 Audire
1016 2805 1107 2870 enim
1119 2815 1241 2894 puroet

203 2915 295 2980 cusiis
307 2913 435 2980 nuribus
453 2911 568 2976 amoris
581 2910 707 2975 nomino
721 2911 881 2986 nesbiens,
898 2914 941 2976 ab
955 2912 1101 2978 interiori
1114 2913 1246 2979 bomin

202 3023 243 3088 od
265 3021 452 3086 exteriorem
474 3030 506 3082 et
526 3015 685 3084 curnulem
704 3017 808 3083 virum
830 3038 957 3084 omnem
975 3018 1130 3086 deflectet
1151 3019 1247 3086 nudi·

200 3143 270 3196 tum
282 3167 290 3204 5
304 3141 336 3194 et
352 3154 370 3195 u
389 3127 499 3216 spiritu
514 3137 719 3192 convertetur
736 3125 777 3191 od
791 3149 919 3192 curnem
935 3129 1119 3216 nutrietque
1134 3131 1170 3192 in
1194 3150 1247 3190 se-

203 3240 337 3326 metipso
365 3235 636 3325 concupiscentius
665 3233 832 3310 carnalos,
863 3244 895 3299 et
925 3237 1096 3302 occasione
1121 3235 1256 3300 divina

203 3335 375 3436 Sorlpturae
383 3343 577 3410 commoveri
587 3353 618 3407 et
629 3343 751 3408 incitari
767 3343 924 3410 videbitur
934 3344 975 3410 ud
991 3343 1161 3411 libidinem
1179 3367 1256 3410 mr

202 3458 262 3523 nis,
280 3452 333 3521 Ob
349 3453 411 3518 boo'
430 3469 506 3541 ergo
525 3472 657 3528 monuo,
675 3465 706 3518 et
722 3450 887 3518 consillum
910 3453 952 3517 do
973 3455 1062 3520 omui
1080 3455 1132 3542 qui
1158 3477 1260 3520 nnn-

203 3568 280 3634 dum
296 3562 399 3630 onmis
413 3571 445 3625 ot
466 3561 623 3650 sanguinis
643 3557 794 3626 molestiis
813 3573 918 3637 curet,
940 3584 1044 3650 neque
1061 3564 1096 3628 rb
1115 3561 1256 3628 offecto

204 3684 324 3742 naturis
338 3666 506 3737 massalis
524 3665 683 3746 abscedit,
708 3682 744 3734 ut
765 3695 783 3736 a
805 3669 940 3736 lucdono
958 3670 1054 3738 libelli
1070 3671 1182 3758 hujus
1202 3695 1260 3738 ee
1291 3667 1293 3752 l

205 3779 464 3869 rumquoqunrin
480 3775 695 3853 sortirentur,
711 3778 835 3865 penitus
854 3791 1019 3867 tomperot.
1036 3779 1130 3846 diunt
1150 3782 1253 3846 uni·
1284 3755 1293 3936 l

1290 3401 1293 3444 l

243 3923 253 3958 ¹
268 3923 342 3974 llebr.
355 3939 378 3976 v,
397 3925 435 3981 14.
