2682 4594
181 246 241 328 174
628 243 769 316 ouionu'as

174 509 911 554 ΜΜΜΜΜΜΜᾺΜΜΜΜΜΜΜΜΜ
915 525 1221 558 ΜΜΜΜΜΜ

464 722 660 792 HOMILIA
684 723 894 797 SECUNDA
908 731 934 798 ¹.

421 946 642 1032 (lausannam
666 973 766 1017 anona
792 975 936 1023 anuamo.
955 945 984 1045 )1

524 1158 569 1216 Do
582 1155 829 1235 Engastrimytho
839 1157 859 1218 ².

213 1357 292 1436 Qun
308 1354 390 1423 lecta
412 1357 610 1436 audivimus,
626 1359 716 1449 plum
739 1375 832 1430 sant:
854 1366 894 1433 de
909 1368 947 1434 iis
962 1370 1089 1442 induas
1106 1390 1214 1465 partas

181 1464 277 1530 'ivisis
288 1487 393 1532 memo
407 1466 499 1532 nobis
515 1469 680 1536 habendus
694 1471 765 1536 erit.
782 1473 862 1552 Quae
874 1476 913 1542 de
924 1478 950 1544 N
954 1479 1043 1548 ahala
1060 1485 1212 1553 Carmclo

204 1573 334 1660 :riptura
348 1573 473 1639 narrat³
485 1624 494 1651 ,
507 1572 640 1664 legimus
648 1601 658 1652 ς
672 1590 744 1666 post
760 1578 829 1646 haec
841 1583 1062 1658 occultationis
1077 1593 1209 1662 Davidis

204 1679 257 1744 tud
270 1679 416 1768 Ziphaeos
431 1682 633 1761 historiam⁴,
657 1683 746 1752 illum
770 1690 809 1754 ab
825 1690 870 1756 eis
886 1710 1086 1778 accusatum,
1105 1704 1204 1770 adve-

200 1809 251 1851 sse
267 1787 395 1854 Saulem
408 1812 448 1854 eo
463 1790 589 1866 animo,
607 1803 642 1856 ut
655 1792 808 1862 Davidem
824 1815 974 1889 capecetc
999 1819 1124 1876 etcum
1151 1813 1208 1880 ad·

176 1895 303 1960 uenisset
315 1908 439 1985 tempus
454 1909 651 1985 expectassea
668 1906 885 1990 supervenisse
900 1910 988 1978 Sauli
1008 1917 1159 1987 Davidem
1170 1921 1202 1998 ⁵,

171 2000 289 2092 illoque
306 2027 343 2068 ac
353 2001 436 2070 illius
447 2006 631 2072 custodibus
642 2008 893 2090 dormientibus,
910 2014 1056 2088 lanceam
1070 2037 1101 2091 et
1109 2051 1197 2114 aquae

169 2106 352 2174 lenticulam
371 2109 528 2197 rapuiss03
546 2122 655 2198 postea
670 2110 731 2179 illis
746 2117 800 2204 qui
823 2116 905 2186 illius
925 2128 1070 2194 custodes
1085 2143 1188 2207 mant,

169 2214 331 2282 revelasse.
364 2216 514 2304 Sequitur
543 2220 635 2284 tentia
661 2223 821 2302 narratio,
845 2225 998 2300 Davidem
1030 2239 1070 2304 ad
1089 2236 1193 2306 lchan

106 2301 113 2319 ⁶
166 2351 273 2416 regem
295 2326 379 2394 Geth
400 2327 557 2418 aufugisse
575 2329 605 2406 ⁶,
629 2343 662 2398 et
680 2357 775 2422 quam
802 2337 922 2406 invenit
939 2347 1073 2432 gratiam
1096 2351 1201 2419 David

165 2447 236 2523 post
253 2458 302 2500 res
324 2432 474 2523 praeclare
497 2449 618 2526 gestas,
642 2441 812 2530 adquam,
837 2452 1008 2539 «corporis
1034 2457 1097 2523 mni
1125 2482 1204 2527 Qus.

165 2542 295 2608 »todem
325 2543 515 2610 constituam
541 2543 589 2610 te⁷
612 2577 656 2623 ,»
686 2549 798 2638 inquit.
838 2554 954 2624 Ultima
982 2565 1128 2634 omnium
1154 2583 1206 2636 est

166 2649 298 2718 celebris
318 2651 448 2718 historia
472 2652 511 2718 de
533 2653 730 2745 ventriloqua
749 2672 781 2725 et
808 2661 954 2734 Samuele
964 2667 985 2734 ⁸.
1010 2670 1084 2740 Visa
1107 2700 1204 2745 nam-

164 2783 226 2847 que
257 2768 305 2825 est
333 2758 531 2848 ventriloqua
560 2761 742 2831 Samuelem
769 2791 916 2840 evocasse
923 2800 933 2850 ς
964 2776 1093 2848 Samuel
1114 2787 1203 2854 Sauli

161 2865 358 2930 vaticinatur.
402 2863 561 2944 Quaelihet
596 2865 710 2934 harum
744 2875 912 2959 partium,
957 2904 1027 2968 quaa
1063 2903 1204 2974 quatuor

163 2984 261 3050 sunt,
289 2995 396 3037 rerum
423 2971 537 3061 copia,
568 2972 664 3040 etiam
686 2975 735 3042 his
758 2981 812 3067 qui
844 2983 930 3051 hisce
955 2991 1051 3057 rebus
1076 3001 1203 3067 ammi.

163 3081 275 3146 nandis
291 3092 386 3157 sunt,
405 3103 470 3146 non
489 3081 582 3146 unius
599 3083 654 3149 sed
668 3082 809 3173 plurium
824 3089 975 3164 honarum
992 3121 1200 3192 congressum

162 3189 373 3278 occupando,
399 3189 561 3277 negotium
594 3190 737 3260 lacesset.
767 3196 931 3268 Arbitratu
957 3230 1014 3274 suo
1043 3227 1198 3301 partem,

195 3337 286 3384 anum,
297 3349 335 3395 11,
346 3351 402 3400 pag.
415 3343 466 3398 49⁰
476 3333 548 3398 ·to⁸·

193 3428 271 3490 aAgis
280 3425 310 3472 de
322 3425 491 3489 ventriloqua,
504 3435 529 3472 et
539 3424 725 3476 desiccatione
738 3431 864 3484 Samuelis.
873 3439 962 3489 Omnia
976 3459 1120 3510 argumenta
1133 3455 1196 3504 falso

85 3548 91 3562 ἲ
156 3517 271 3562 nitamur
285 3512 408 3575 principio
427 3510 561 3557 Samuelem
578 3511 645 3576 apud
658 3515 749 3564 inferos
763 3517 839 3570 lubae
852 3537 909 3571 cum
924 3531 1052 3595 mprobis,
1073 3548 1097 3584 et
1110 3536 1197 3590 Claris-

153 3615 205 3652 tum
215 3603 290 3649 suine
299 3603 372 3647 ctiam
380 3598 447 3664 apud
457 3599 556 3650 inferos.
567 3601 614 3648 Sed
623 3613 712 3664 tamen,
722 3619 824 3671 propter
833 3615 1000 3667 curiositatem
1008 3621 1068 3684 loci,
1077 3643 1129 3678 non
1140 3631 1196 3682 vin

78 3693 79 3696 ’
154 3706 189 3741 eat
201 3690 358 3740 transeunda.

191 3777 201 3810 ⁸
215 3794 224 3824 1
237 3779 297 3840 aeg.
307 3791 348 3823 xv.
358 3801 387 3812 -
400 3773 459 3824 ald.
472 3791 544 3825 xxva.
557 3772 679 3828 -⁵1bid.
695 3795 723 3830 12
738 3809 770 3820 —
781 3783 791 3818 ⁶
802 3785 839 3833 ld.
850 3803 931 3840 xxsu.
942 3821 975 3834 --

987 3789 1158 3870 ⁷1dunn,
1171 3825 1196 3858 a.

157 3892 189 3900 -
201 3862 252 3912 ud.
267 3877 369 3923 xxvnt,
383 3857 408 3912 8.
