2776 4616
286 279 352 362 ut
726 297 867 344 onam

287 419 358 488 lech
373 411 493 484 obstitit
504 411 600 484 lsrael
615 415 648 482 in
662 417 723 493 ria,
737 419 793 484 sod
808 431 913 484 tamon
930 439 994 484 non
1009 421 1113 508 potuit
1126 435 1224 510 caput
1238 426 1310 512 ejus

287 527 483 602 abscindere,
492 527 552 592 nisi
562 525 696 594 oeudant
706 537 845 592 tantum:
859 526 963 602 idest,
977 547 1032 592 eos
1042 529 1146 618 potuit
1161 531 1309 598 obtinere

287 639 341 727 qui
352 649 437 703 rotro
450 636 544 727 positi
558 647 661 710 erant,
676 635 730 725 qui
748 634 849 702 ultimi
864 637 1093 724 sequebantur-3
1107 661 1168 706 nec
1181 663 1220 706 oa
1239 665 1309 730 quse

286 760 372 816 retro
382 760 473 815 erant
486 746 719 824 obliviscentes,
732 747 944 814 extendebant
955 765 989 812 te
1000 747 1041 813 ad
1051 771 1089 814 oa
1100 769 1171 836 que
1186 750 1221 816 in
1235 765 1309 818 ante

285 870 368 925 sunt.
385 861 427 925 Et
449 859 520 924 ideo
536 868 614 948 puto
635 858 708 946 quia
723 857 876 924 Dominus
891 859 1094 947 precipiebat
1112 860 1144 924 in
1161 861 1308 952 Evange-

285 967 334 1034 liis
348 968 456 1036 dicans
473 992 481 1033 ε
502 993 515 1028 ι
532 968 631 1034 Nemo
646 968 774 1032 mittens
788 989 919 1034 monum
934 991 1024 1034 suam
1041 984 1306 1058 superuacuum,

285 1090 345 1144 set
360 1090 445 1144 retro
460 1077 642 1165 respiciens,
657 1086 748 1164 optus
763 1087 810 1142 est
825 1099 922 1165 regno
936 1077 994 1144 Dei
1005 1078 1028 1141 ¹.
1042 1107 1056 1140 ι
1072 1080 1112 1144 Et
1128 1081 1248 1144 merito
1261 1103 1269 1145 :
1284 1084 1307 1146 si

285 1189 370 1254 enim
393 1199 478 1254 retro
500 1187 569 1275 quis
590 1186 735 1251 inventus
751 1183 845 1251 fuerit
867 1187 900 1251 in
916 1187 1028 1262 caude,
1044 1189 1212 1254 abscindet
1235 1213 1306 1256 eum

284 1296 447 1364 Amalech.
467 1295 531 1362 Sed
546 1306 578 1360 et
593 1293 685 1361 aliam
700 1293 808 1361 odhuc
825 1295 866 1360 de
881 1293 1033 1362 Amalech
1049 1295 1217 1362 historiam
1232 1321 1307 1386 pro-

282 1409 431 1484 feramus,
447 1417 483 1472 nt
501 1429 540 1472 ex
556 1405 699 1494 pluribus
715 1404 886 1493 Scripturas
896 1404 974 1472 locis
988 1405 1206 1494 clariusquod
1227 1431 1306 1497 quo

281 1518 380 1583 rimus
392 1516 582 1581 advertetur.
601 1514 637 1579 ln
649 1514 752 1601 primo
767 1509 949 1603 Regnorum
964 1515 1044 1583 libro
1055 1518 1100 1582 eit
1114 1516 1250 1584 Samuel
1267 1520 1303 1586 sd

282 1623 357 1690 Ssut
376 1648 384 1688 ε
408 1648 420 1684 s
440 1623 524 1688 Misit
540 1645 591 1688 me
607 1622 760 1688 Dominus
783 1647 900 1713 ungere
919 1635 951 1690 te
970 1647 1077 1714 regem
1092 1649 1189 1716 super
1207 1651 1306 1718 popu·

282 1763 294 1795 s
308 1732 375 1800 lum
386 1755 479 1798 suum
494 1729 603 1806 lsrael,
616 1742 648 1796 et
664 1754 750 1799 nunc
766 1733 840 1799 sudi
853 1757 964 1800 rocem
980 1737 1151 1812 verborum
1162 1738 1303 1804 Domini.

280 1844 382 1909 »llaeo
397 1841 474 1907 dicit
488 1839 641 1907 Dominus
655 1841 809 1907 virtutum
826 1865 834 1906 τ
852 1842 1033 1932 Recogitavi
1048 1845 1156 1912 omnia
1171 1869 1237 1933 φιτ
1252 1846 1304 1911 le-

279 1952 351 2017 »oit
373 1947 524 2017 Amalech
547 1948 713 2014 advorsum
738 1949 845 2026 lsrael,
869 1953 1030 2040 quomodo
1050 1956 1205 2043 percussit
1227 1978 1303 2022 oum

279 2087 293 2122 s
309 2061 340 2124 in
362 2060 410 2124 rin
430 2081 503 2126 cum
524 2058 709 2124 ascenderet
726 2081 765 2124 ex
784 2043 931 2147 AEgppto.
952 2062 1043 2128 Nunc
1064 2085 1139 2152 ergo
1156 2065 1251 2139 rade,
1269 2079 1297 2128 et

279 2197 292 2232 s
308 2181 436 2259 percute
449 2166 599 2236 Amalech
604 2214 614 2248 2
626 2179 659 2232 et
669 2167 900 2234 anathematiza
913 2171 1016 2236 omnia
1029 2194 1241 2263 quecumque
1249 2175 1296 2239 ha·

279 2281 377 2353 sbet3
397 2291 430 2344 et
444 2302 508 2344 non
523 2295 647 2366 parces,
664 2276 721 2342 sed
735 2276 878 2344 interfice
892 2302 1015 2356 omnes,
1030 2303 1048 2346 s
1063 2283 1130 2346 viro
1148 2285 1303 2373 usquead

279 2386 483 2465 mulierem,
507 2400 540 2453 et
559 2385 705 2476 purvulos
720 2399 753 2452 et
767 2385 932 2466 lactentes,
949 2401 981 2456 et
1002 2391 1123 2467 tauros,
1139 2406 1174 2460 et
1191 2418 1304 2485 greges

277 2501 423 2576 sosium,
438 2509 471 2565 et
488 2495 638 2572 camelos,
655 2508 688 2561 et
706 2497 821 2562 esinos.
838 2498 880 2563 Et
902 2501 1051 2588 praecepit
1071 2501 1147 2568 saut
1167 2504 1303 2594 populo,

278 2621 337 2674 »et
352 2608 485 2696 inspexit
500 2629 555 2671 eos
570 2606 601 2670 in
622 2602 741 2670 Galosd
758 2606 892 2674 ducente
910 2608 1005 2676 millii
1023 2612 1179 2700 peditum,
1194 2627 1231 2680 et
1248 2617 1307 2681 tris

277 2709 400 2786 »mittis
417 2717 555 2781 virorum
567 2738 606 2780 ex
622 2714 641 2781 J
645 2715 726 2788 uda;
742 2727 774 2780 et
790 2716 874 2782 venit
885 2717 961 2784 saut
976 2718 1017 2785 od
1028 2721 1189 2788 civitatem
1210 2726 1306 2792 Ans

277 2856 289 2888 s
304 2826 388 2904 lech,
401 2839 433 2892 et
445 2825 571 2891 insidios
587 2825 692 2912 posuit
711 2824 743 2889 iu
763 2823 860 2899 velle:
874 2839 906 2892 et
921 2829 964 2894 ait
982 2827 1057 2895 saul
1076 2831 1116 2896 ed
1131 2832 1277 2900 Cineum
1293 2857 1301 2898 ε

275 2966 288 2998 s
303 2937 390 3004 Vade
405 2948 455 3011 tu,
467 2947 500 3000 et
515 2933 641 3000 discede
658 2934 814 3002 demedio
826 2935 991 3013 Amalech,
1003 2963 1044 3004 ne
1058 2939 1184 3006 lorteet
1202 2954 1238 3008 tu
1249 2943 1304 3008 ad

275 3073 289 3108 s
305 3045 420 3134 jioiaris
432 3067 506 3112 cum
520 3044 597 3132 ipso.
613 3042 662 3107 Tu
673 3042 758 3108 onim
769 3043 870 3112 fecisti
885 3046 1132 3116 misericordiam
1144 3074 1226 3118 oum
1237 3075 1306 3118 ons

275 3155 395 3222 »nibus
414 3152 485 3220 filiis
502 3152 616 3230 lsrael,
630 3176 704 3219 cum
720 3155 927 3222 escenderent
942 3158 982 3223 de
1002 3170 1084 3228 terre
1100 3159 1246 3251 AEgypti.
1263 3164 1304 3228 Et

273 3289 286 3327 s
301 3264 440 3332 discessit
449 3265 564 3330 cineus
573 3264 613 3328 de
623 3264 728 3330 medio
740 3264 941 3342 Amuleoh‚et
954 3270 1196 3358 percussitSaiil
1205 3273 1304 3340 Ama-

273 3401 286 3437 »
299 3375 384 3450 lech,
395 3377 435 3442 oh
446 3373 547 3440 Evilat
558 3398 657 3463 usque
670 3375 743 3458 Sur,
755 3399 825 3464 quse
838 3388 886 3444 est
900 3367 1010 3444 contre
1021 3381 1133 3447 sociem
1144 3381 1300 3474 AEgypti:

201 3501 204 3509 ·
273 3495 334 3551 »et
348 3485 431 3571 cepit
453 3483 540 3573 Agog
562 3507 668 3574 regem
684 3485 836 3554 Amalech
853 3488 973 3566 rivum,
989 3502 1022 3556 et
1043 3514 1170 3560 omnem
1189 3519 1301 3587 popu-

272 3593 365 3659 »lum
382 3593 451 3680 ejus
463 3593 736 3661 anathematizavit
756 3596 788 3662 in
807 3619 861 3662 ore
878 3596 972 3686 gladii
987 3620 995 3663 τ
1010 3611 1042 3666 et
1056 3597 1203 3692 peper'cit
1220 3603 1298 3671 Sonl

271 3731 284 3764 ι
299 3715 332 3768 et
345 3699 479 3791 populus
490 3703 555 3791 regi
571 3702 670 3792 Agag.
690 3717 722 3770 et
736 3707 870 3772 ses-vovit
885 3730 979 3774 omne
990 3709 1076 3797 quod
1091 3712 1300 3781 bonument

270 3836 282 3872 n
299 3833 337 3876 ex
348 3801 458 3875 ovibus
469 3821 501 3874 et
512 3812 629 3887 hohus,
641 3812 695 3878 sed
705 3825 738 3878 et
751 3838 821 3902 quae
834 3813 977 3884 loecunde
991 3807 1081 3886 oront
1093 3843 1132 3886 ex
1143 3825 1300 3890 omnibus

301 3941 310 3974 ¹
323 3941 384 3988 huc.
396 3955 429 4001 rx,
442 3939 482 3988 sm.
