2748 4596
377 301 407 342 ru
432 300 546 346 ιιιιιιιιι
568 301 637 342 rnsu
663 303 743 344 nuru
770 306 841 348 ιιοιι.
870 308 910 348 ιι.
1118 296 1161 379 49

126 427 266 510 »debant
281 424 356 492 hinc
373 435 405 488 et
423 422 510 490 illinc
526 447 630 516 orcum
651 425 844 492 Testamenti
860 430 1004 497 Domini.
1026 432 1165 503 »videa-³

127 557 198 599 mus
211 556 288 621 ergo
308 531 434 618 quidin
455 531 503 596 his
519 532 666 596 omnibus
686 532 862 630 indicetur,
885 539 1009 625 etquid
1028 565 1165 630 praeseus

126 639 221 706 lectio
240 638 331 703 nohis
358 637 573 703 edificationis
597 639 748 725 acquirat.
777 639 896 706 Omnes
919 645 974 730 qui
1001 647 1165 718 inlesum

130 748 292 812 Christum
306 745 486 820 credimus,
511 743 629 832 lapides
652 746 710 810 vivi
732 769 800 810 esse
820 748 973 820 dicimur.
989 757 1166 822 secundum

12 895 17 905 ι
130 854 217 940 quod
231 855 394 942 Scriptura
410 853 615 940 pronuntiat,
631 852 738 918 diceus
753 854 861 921 :tvos
877 869 982 922 autem
998 863 1070 926 estis
1086 861 1166 952 lapi·-

131 961 207 1024 »des
220 961 297 1034 viri,
314 959 459 1026 aedificeti
474 959 586 1024 domus
598 959 744 1048 spiritalis
757 962 788 1026 in
801 964 977 1029 sacerdotio
990 981 1098 1034 sancto
1109 1018 1118 1045 ,
1131 983 1167 1035 ut

26 1125 30 1144 ,
127 1068 289 1132 »οΙΓοιιιῑίε
312 1065 464 1154 spiritales
487 1065 625 1141 hostias,
653 1067 862 1168 acceptabiles
890 1072 958 1137 Deo
982 1098 1038 1162 per
1055 1075 1165 1143 «lesum

126 1173 314 1238 »Christum
325 1173 348 1238 ¹.
367 1174 479 1239 »Sicut
495 1185 601 1238 autem
613 1173 647 1238 in
663 1174 728 1237 istis
745 1177 875 1241 terrenis
888 1176 1044 1266 lapidibus
1056 1185 1167 1250 obscr-

127 1282 192 1372 rari
208 1282 371 1357 novimus,
392 1293 426 1345 ut
447 1281 479 1345 hi
496 1281 624 1368 quidem
642 1279 761 1368 lopitles
784 1284 838 1370 qui
860 1284 1024 1352 validiores
1045 1303 1168 1358 suntet

127 1389 339 1476 potentiores,
352 1390 445 1477 primi
459 1389 491 1454 in
507 1388 711 1454 fundamenta
728 1391 906 1476 jaciantur,
930 1406 965 1458 ut
985 1395 1058 1484 ipsis
1081 1400 1168 1464 credi

131 1507 165 1558 et
180 1496 348 1582 superponi
363 1497 459 1584 possit
471 1495 568 1560 totius
580 1494 703 1559 aedificii
716 1496 841 1583 pondus
857 1523 865 1563 :
883 1497 936 1564 nlii
956 1525 1031 1568 vero
1050 1507 1104 1592 qui
1119 1530 1171 1572 se-

130 1617 265 1691 quentes
277 1616 367 1679 sunt,
383 1604 416 1669 id
430 1615 477 1668 est
488 1652 497 1679 ,
510 1602 606 1692 poulo
622 1602 681 1668 illis
697 1605 877 1681 inferiores,
894 1611 1029 1696 proximi
1042 1611 1168 1701 illisqui

130 1713 163 1776 iu
183 1711 384 1776 fundamento
406 1723 496 1788 sunt,
517 1713 725 1777 ordinentur:
750 1714 896 1800 quivero
916 1715 985 1804 plus
1005 1719 1167 1788 inferiores

126 1830 220 1894 sunt,
232 1818 326 1907 paulo
339 1820 481 1908 superius
497 1844 514 1885 a
530 1819 744 1884 fundamentis
758 1843 767 1885 ε
782 1832 849 1886 tum
867 1822 981 1889 deinde
993 1826 1024 1890 in
1037 1850 1167 1917 compu-

125 1927 249 1991 retione
271 1925 411 2014 lapidum
433 1926 484 2013 qui
502 1925 691 1992 infirmiores
714 1940 805 2003 sunt,
826 1929 857 1993 in
881 1933 1112 2018 superioribus,
1135 1948 1167 2000 et

4 2054 11 2064 ·
125 2058 226 2122 prope
242 2034 308 2122 ipse
324 2035 389 2122 jam
401 2033 476 2098 tecti
489 2033 609 2121 lastigie
626 2032 845 2105 collocentur:
865 2036 906 2101 ito
922 2061 1008 2104 nuuc
1027 2040 1166 2130 intellige

123 2141 224 2205 ctiam
240 2139 455 2228 delapidihus
470 2141 547 2208 rivis·
567 2163 633 2204 esse
650 2139 770 2226 aliquos
786 2141 818 2205 in
839 2142 1049 2212 fundamentis
1070 2147 1167 2236 hujus

126 2245 275 2334 spiritalis
294 2248 426 2313 edificii.
454 2247 517 2328 Qui
538 2259 645 2314 nutem
669 2261 742 2313 sunt
764 2249 812 2312 isti
830 2249 883 2336 qui
903 2251 935 2314 in
952 2251 1166 2322 fundamentis

126 2353 344 2421 collocantur?
362 2355 505 2446 Apostoli
522 2368 553 2421 et
572 2356 748 2444 Prophetae.
767 2357 820 2422 Sic
835 2359 921 2426 enim
939 2361 1014 2425 dicit
1029 2363 1163 2440 Paulus,

122 2463 196 2527 lraec
224 2463 289 2550 ipse
310 2464 427 2528 docens
449 2489 457 2526 :
485 2492 497 2524 ι
519 2463 698 2539 AEdilrcati,
721 2464 837 2550 inquit,
860 2489 953 2553 supra
974 2467 1164 2536 fundamen-

121 2583 217 2635 »tum
232 2569 456 2658 Apostolorum
472 2581 505 2635 et
520 2569 766 2659 Prophetarum,
790 2572 857 2661 ipso
878 2597 1003 2639 summo
1021 2577 1162 2666 angulari

122 2675 250 2765 »lapide
266 2678 393 2742 Christo
408 2677 484 2742 «Iesu
503 2678 641 2743 Domino
656 2691 764 2743 nostro
773 2677 796 2749 ²,
817 2707 830 2740 ι
847 2679 888 2744 Ut
904 2692 1011 2747 eutem
1030 2707 1161 2774 promp-

131 2787 234 2852 iorcm
245 2799 277 2853 te
292 2811 464 2876 praepares,
482 2788 500 2851 ὃ
517 2787 660 2853 auditor!
679 2789 832 2875 sed-hujus
851 2789 974 2855 aedisrcii
991 2805 1161 2864 construc-
1270 2853 1277 2861 .

1 2920 9 2978 3
122 2895 265 2970 tionem,
279 2907 311 2958 ut
320 2893 397 2982 lupis
406 2894 691 2981 aliquisinvouiuris
701 2895 832 2959 vicinior
841 2897 1066 2976 fundamento,
1078 2903 1163 2970 disce

121 3000 198 3088 quin
210 3002 318 3089 etipse
331 3002 475 3067 Christus
488 3002 582 3089 hujus
595 3001 681 3088 quod
692 3025 777 3067 nunc
791 3002 1026 3092 descripsimus,
1039 3009 1162 3076 aedittcti

2 3159 9 3194 ·.
120 3112 365 3178 fundamentum
381 3124 439 3177 est.
458 3113 511 3178 Sic
526 3113 612 3175 enirn
628 3111 705 3177 dicit
720 3109 890 3200 Apostolus
905 3111 1019 3178 Paulus
1035 3117 1163 3184 :ulton-

122 3222 333 3286 »dumeutum
344 3222 428 3286 euim
441 3218 527 3286 aliud
539 3242 631 3284 nemo
643 3231 748 3307 potest
759 3241 894 3307 ponere,
907 3233 1021 3308 praeter
1032 3223 1064 3288 id
1077 3227 1163 3311 quod

124 3334 285 3421 »positum
301 3345 366 3407 est,
383 3333 436 3420 qui
452 3344 499 3397 cst
516 3331 660 3396 Christus
674 3331 767 3394 lesus
778 3329 802 3394 ⁸.
819 3357 830 3389 ι
846 3329 935 3394 Beati
952 3355 1026 3418 ergo
1042 3333 1095 3419 qui
1108 3358 1163 3398 su·
1207 3409 1210 3414 Ι

122 3464 185 3530 pra
210 3439 290 3505 istud
319 3453 383 3506 tam
411 3438 517 3504 uoltile
544 3439 785 3526 fundumentum
812 3437 944 3502 aetlisrciu
971 3437 1114 3527 religiosa
1137 3456 1169 3506 et

121 3560 236 3615 sanctu
253 3549 496 3613 construxerint.
516 3548 579 3612 Sed
597 3547 627 3610 in
648 3545 710 3610 huc
726 3545 860 3610 {edificio
878 3543 1024 3610 Ecclesiae
1046 3561 1170 3636 oportet

117 3679 194 3722 esse
210 3668 242 3719 et
255 3656 365 3722 altore.
384 3655 477 3720 Unde
493 3677 552 3742 ego
563 3655 717 3726 arbitror,
733 3654 818 3739 quod
831 3653 1021 3740 quicumque
1033 3679 1072 3719 ex
1083 3657 1170 3720 vobis

120 3764 286 3852 lapidibus
312 3763 387 3829 rivis
410 3763 474 3850 opti
491 3774 584 3837 sunt,
609 3763 641 3826 in
661 3761 724 3825 hoc
740 3761 895 3849 prompti,
922 3773 956 3824 ut
977 3763 1170 3834 orationibus

162 3913 171 3944 ¹
187 3921 195 3952 ι
217 3909 277 3952 Ρι·ιι·.
289 3925 316 3958 ιι.
329 3903 352 3955 5.
365 3935 395 3942 -
413 3905 522 3969 1ΙὴιΙιιιι.
538 3921 573 3964 ιι,
586 3921 624 3952 ιιι.
638 3907 688 3942 -i
707 3919 715 3951 ι
731 3905 786 3951 (ἴοι.
801 3921 829 3952 ιιι
845 3942 850 3965 ,
869 3921 906 3950 ιι.

241 4015 269 4055 x.
1043 3997 1059 4070 l
