2632 4600
237 273 301 356 298
688 291 830 336 macoma

238 417 495 490 »benedicimns,
512 416 767 504 persecutionem
782 417 921 504 patimur
932 431 963 482 et
973 422 1215 498 motincmuebbc

233 527 631 615 »phematideprccamun
647 525 734 605 »Qui
751 539 858 591 cirtem
870 527 1006 593 nendum
1020 543 1064 594 est
1075 532 1214 618 periectos,

233 635 361 724 preficit
371 647 498 710 mmor,
513 655 588 699 cum
603 632 804 699 maledicitur
818 637 1007 701 obmutescit
1017 649 1047 701 et
1059 637 1211 713 bombico,

233 755 265 808 et
280 741 350 810 eiiet
369 767 387 809 a
405 743 508 806 bouis.
529 742 592 807 Sed
606 742 665 806 iste
680 743 734 828 qui
749 741 934 830 hujusmodi
946 755 979 807 et
993 743 1070 808 dolet
1080 795 1088 819 ,
1100 757 1129 809 et
1140 747 1214 810 dicit:

242 852 307 916 «Et
319 848 410 914 dolor
425 871 514 915 meua
532 861 701 916 renovatus
715 862 773 914 cat.
785 877 799 910 r
812 850 963 916 Damrihe
972 852 1044 918 miin'
1055 852 1150 917 vulnus
1159 855 1218 940 quod

233 969 377 1032 curatur,
393 969 426 1022 at
441 979 552 1022 curam
567 958 637 1045 ejus
648 957 869 1045 proficientem
881 971 914 1023 ot
926 960 987 1046 jam
999 961 1154 1046 proximam
1165 963 1221 1026 cica-

235 1067 308 1132 tua
323 1090 331 1131 :
345 1079 414 1131 um
426 1066 540 1131 uernae
554 1066 588 1130 in
604 1066 671 1153 ipso
690 1066 821 1132 vuum
837 1067 1002 1156 quaejam
1016 1051 1140 1157 ooepuu
1152 1069 1221 1133 oua

237 1198 311 1240 cero
335 1175 536 1249 cicatricem,
559 1175 683 1239 intuere
700 1173 786 1240 aliud
809 1174 924 1241 vulnus
945 1175 1057 1264 infligi,
1082 1188 1110 1240 et
1127 1176 1222 1263 parhoc

236 1281 350 1348 vuinus
368 1305 497 1357 roccus,
513 1280 592 1348 illud
605 1283 775 1371 pristinum
791 1305 958 1349 renovare.
969 1281 1042 1349 Tala
1054 1285 1137 1348 etiam
1150 1283 1222 1347 creuit

234 1391 310 1457 bnic
328 1391 382 1478 qui
403 1390 550 1479 proficit,
570 1389 628 1454 ueri
642 1390 787 1455 nondum
807 1389 967 1478 perfectus
982 1401 1046 1466 eet,
1064 1413 1116 1456 nec
1135 1392 1185 1478 jur
1199 1389 1224 1454 ri

235 1523 392 1565 summam
418 1498 591 1586 perductus
606 1510 655 1562 eat
674 1498 852 1588 sanitatem.
875 1499 911 1564 Si
929 1521 1005 1588 ergo
1021 1500 1094 1578 dum
1113 1497 1224 1564 adbuciu

234 1619 345 1673 tenero
362 1618 410 1672 cet
422 1608 523 1680 cutis,
540 1607 695 1672 accedant
709 1606 739 1670 ei
754 1604 1005 1672 maledictorum
1019 1620 1051 1671 et
1064 1605 1225 1672 convitiorum

235 1715 383 1790 vulnera,
411 1726 582 1779 renovetur
596 1712 702 1787 dolor,
723 1725 757 1777 ct
774 1725 930 1804 papantur
952 1713 1112 1804 augustie,
1131 1726 1158 1777 et
1174 1725 1226 1776 turc

233 1824 349 1888 merito
363 1822 458 1896 dicit,
476 1823 582 1886 «dum
601 1821 742 1888 constitit
763 1834 916 1909 peccator
939 1823 1102 1889 advenum
1118 1845 1172 1894 mc,
1186 1820 1227 1884 ob-

237 1929 361 1993 »mutui
376 1939 408 1991 et
422 1925 610 1992 humiliatae
626 1948 715 2002 aum,
732 1941 767 1992 et
777 1927 849 1993 silui
866 1953 882 1994 a
901 1931 1016 2006 bonis,
1034 1943 1066 1996 et
1081 1927 1155 1996 dolor
1167 1945 1226 1993 meu

239 2046 428 2101 »renovatus
449 2047 506 2100 cst.
530 2032 630 2102 »Vide
649 2056 724 2125 ergo
747 2037 911 2123 quomodo
927 2040 953 2106 ia
976 2041 1030 2127 qui
1053 2041 1084 2104 in
1104 2035 1221 2104 cataniae

236 2146 359 2232 positus
373 2155 440 2218 cst,
456 2144 512 2231 qui
528 2166 561 2208 se
576 2144 735 2210 refrenare
750 2146 840 2233 cupit
852 2148 892 2211 ab
910 2147 1076 2213 iracundia
1090 2145 1129 2212 vet
1138 2146 1226 2212 turon,

235 2263 267 2316 et
283 2252 359 2318 dum
375 2253 441 2340 ipsc
457 2252 525 2318 boec
541 2253 625 2340 apud
640 2275 675 2317 sc
688 2253 877 2330 meditatur,
889 2268 924 2320 ct
940 2257 1075 2321 irritatio
1088 2256 1114 2321 ei
1127 2269 1221 2340 superte

234 2361 281 2426 nit
296 2362 487 2448 peccatorio,
510 2383 579 2447 quae
594 2383 670 2426 aum
688 2363 858 2426 conturbet
871 2364 1009 2451 quidem
1025 2377 1057 2430 ot
1073 2363 1177 2450 fatiget,
1190 2377 1232 2421 mr

234 2481 341 2536 tamen
360 2472 482 2546 vincut,
505 2470 717 2557 seducamus
739 2486 938 2559 provocetur
956 2487 990 2540 et
1006 2461 1233 2540 inflammeturri

235 2578 513 2667 respondendum,
530 2579 716 2644 remordens
735 2590 842 2644 tamen
858 2581 1010 2650 dolorem
1028 2605 1115 2650 sirum
1129 2578 1237 2645 cohibeat

235 2701 267 2753 ot
279 2689 448 2776 reprimat,
461 2687 515 2753 bic
526 2687 603 2752 dicit
617 2709 651 2750 τι
663 2687 762 2752 Dolor
777 2711 868 2754 merra
884 2705 1061 2758 renovatus
1072 2703 1126 2756 eat.
1141 2687 1235 2751 »rou

235 2797 322 2885 quod
333 2795 453 2862 scilicet
463 2797 528 2882 jam
539 2794 747 2883 proficiebam
759 2845 768 2869 ,
784 2808 817 2860 at
828 2798 896 2884 jam
913 2823 969 2864 mo
981 2800 1021 2866 ad
1033 2800 1182 2864 sanitatem
1192 2809 1236 2878 pn*

235 2904 355 2970 venisse
386 2904 579 2976 credebam,
606 2915 780 2989 antequam
804 2907 1034 2982 exacerbarer,
1056 2918 1088 2972 ot
1112 2915 1240 2987 anteqml

233 3012 378 3080 convitiis
393 3009 563 3076 lacesserer
575 3034 582 3075 ε
594 3011 649 3075 scd
660 3011 762 3075 modo
774 3014 971 3083 rescinditur
985 3015 1097 3082 vulnus
1110 3029 1200 3079 meum
1208 3011 1242 3078 ‚ti

232 3120 393 3189 maledicti
408 3119 615 3184 mucronibus
627 3123 809 3194 renouatur,
818 3121 897 3187 dnm
916 3124 1048 3212 injuriae
1059 3122 1147 3188 dolor
1159 3114 1245 3206 paticu-

234 3231 310 3296 tium
326 3229 457 3316 rumpit.

277 3339 330 3406 VI.
350 3337 669 3424 inconsequentibus
687 3335 791 3402 adhuc
805 3338 946 3427 amplius
967 3342 1145 3430 passionem
1159 3330 1242 3402 duceri

233 3447 280 3512 bit
294 3448 362 3534 ejus
379 3445 431 3533 qui
445 3443 590 3532 proiicit,
603 3466 678 3510 cum
690 3444 786 3510 dicit:
798 3471 810 3504 ι
821 3447 1001 3514 Concoluit
1012 3473 1071 3517 cor
1083 3443 1249 3518 marmiun

234 3580 317 3621 ame.
338 3582 350 3616 r
367 3553 449 3618 Cum
466 3551 551 3618 enim
571 3551 661 3617 audit
681 3552 750 3639 quis
771 3551 1024 3642 maleloquentis
1041 3571 1075 3624 et
1093 3543 1251 3623 donaberis

233 3687 364 3739 vocem,
378 3683 442 3726 uon
459 3671 563 3750 potest
577 3661 644 3724 sinc
660 3658 786 3734 dolore,
802 3662 884 3726 sicut
899 3663 959 3730 ilic
976 3665 1253 3756 qniperioctuscsb

234 3775 287 3861 qui
301 3775 366 3860 jam
381 3771 530 3836 diuturna
544 3767 723 3834 ¹cunctantia
739 3770 977 3839 beatitudinem
994 3776 1113 3842 meruit
1130 3797 1138 3837 ε
1154 3769 1199 3836 scd
1212 3766 1252 3828 ba

233 3879 319 3946 dolet
333 3931 340 3956 ,
353 3891 385 3946 ct
401 3876 510 3942 dolens
527 3877 621 3941 corde
635 3875 873 3943 concalesccute
888 3880 1000 3949 servet
1017 3886 1101 3951 intra
1116 3907 1146 3949 se
1161 3904 1193 3946 uc
1205 3891 1255 3962 μᾶ·-
