2748 4596
281 273 323 335 68
723 297 866 342 «rainerus

279 439 366 482 ram:
384 430 418 494 et
432 417 483 484 hie
496 419 593 486 modo
604 422 758 508 seriptum
769 433 837 497 est,
851 421 924 508 quia
941 431 1022 483 terre
1032 416 1130 482 relicta
1137 428 1176 479 est
1185 408 1255 479 muita

279 523 381 590 valde.
399 525 534 606 Putasne
551 529 707 593 contrariu
719 529 779 594 sibi
792 529 957 616 Scriptura
972 522 1139 592 contineat?
1150 523 1206 612 Hos
1216 542 1256 584 nee

278 629 389 696 leviter
404 634 627 721 suspicandum
649 647 708 700 est.
736 635 798 724 Sed
825 636 991 702 redeamus
1015 632 1053 698 ad
1069 627 1257 717 intelligentiam

278 738 467 826 spiritaiem,
484 753 516 806 et
532 742 565 806 in
577 765 616 808 ea
630 741 709 808 nihil
724 743 864 808 invenies
879 765 947 807 esse
962 740 1153 807 eontrarium.
1165 737 1256 800 intuere

275 846 403 912 Domini
415 860 447 912 et
464 849 632 915 Salvatoris
644 851 743 915 nostri
754 851 859 939 primo
874 849 1003 937 quidem
1019 846 1145 914 adventu
1154 864 1214 908 eum
1223 861 1258 904 te·

275 954 322 1018 nit
336 954 491 1020 seminare
508 958 640 1023 verbum
661 981 754 1022 suum
768 957 802 1022 in
825 959 937 1023 orbem
952 969 1060 1030 terrae,
1076 949 1212 1041 quomodo
1223 969 1255 1011 oe

274 1059 322 1146 pit
337 1083 464 1126 omnem
481 1072 597 1127 terrem
614 1061 681 1127 solo
696 1063 824 1128 seminis
839 1064 947 1150 jactu,
964 1074 997 1127 et
1021 1057 1169 1150 quomodo
1181 1053 1259 1120 adrer-

274 1167 369 1232 sarias
384 1179 555 1257 potestates
574 1193 612 1234 ex
632 1191 669 1236 ea
692 1182 724 1233 et
740 1169 878 1258 Angelos
899 1168 1041 1257 refugas,
1060 1163 1110 1254 qui
1130 1157 1259 1228 Gentilium

272 1286 395 1340 mentes
408 1276 617 1352 obsederant,
630 1276 796 1364 effugavit,
810 1288 842 1342 et
854 1276 981 1342 interim
992 1272 1149 1340 seminavit
1163 1267 1259 1336 verbum

273 1394 368 1470 atque
382 1381 538 1448 Ecclesiae
554 1384 748 1472 propagavit.
763 1384 839 1450 Haeo
851 1395 899 1449 est
911 1384 1012 1471 prima
1028 1383 1094 1470 ejus
1106 1379 1190 1445 totius
1199 1387 1261 1438 tent
1319 1410 1320 1448 1

271 1489 434 1576 possessio.
455 1490 593 1578 Sequere
606 1501 711 1555 autem
724 1513 796 1566 me,
811 1493 830 1554 ὃ
842 1491 966 1556 auditor
979 1493 986 1553 t
1001 1513 1059 1577 per
1069 1484 1185 1553 subtiles
1194 1480 1261 1546 tirso
1319 1483 1320 1524 ³

272 1596 381 1672 verbi,
395 1609 427 1660 et
438 1596 603 1662 ostendam
616 1597 674 1661 tihi
689 1597 850 1684 quomodo
865 1598 961 1662 etiam
976 1595 1116 1662 secundo
1126 1590 1212 1679 sapiat
1222 1598 1263 1650 ter·
1318 1533 1320 1636 1

269 1727 338 1770 ram
353 1704 458 1780 hanc,
477 1728 547 1792 quae
568 1728 654 1770 nune
678 1705 795 1770 dieitur
817 1705 858 1772 ad
879 1705 991 1771 Jesum
1012 1704 1111 1770 multa
1131 1721 1189 1766 esse
1204 1696 1262 1760 dere

270 1811 353 1878 licta.
373 1811 455 1878 Audi
476 1812 515 1877 de
530 1835 569 1876 eo
585 1811 719 1877 Paulum
736 1813 915 1878 dicentem:
938 1812 1101 1901 «Oportet
1125 1807 1199 1874 enim
1215 1823 1262 1866 eun
1319 1839 1320 1854 1

269 1941 441 2007 »regnare,
458 1920 561 1985 donee
575 1932 673 2008 ponat
690 1942 799 1985 omnes
815 1920 960 1985 inimicos
972 1943 1048 1985 suos
1064 1913 1218 1985 scabellum
1230 1929 1263 1997 pt·
1318 1859 1320 2010 1

268 2027 564 2092 »1111111101υω“,1
580 2028 739 2115 Heseergo
750 2039 797 2092 est
808 2019 1264 2115 terra‚quoenunomultedieitur
1319 2105 1320 2114 ἵ

269 2155 337 2196 esse
353 2129 522 2208 derelicta,
538 2133 642 2197 donec
663 2154 774 2197 omnes
796 2132 928 2197 omnino
948 2133 1127 2198 subdentur
1140 2119 1265 2212 subped-
1319 2125 1320 2140 ¹

268 2240 328 2304 bus
339 2239 427 2326 ejus,
444 2251 477 2303 et
490 2261 549 2327 per
562 2238 631 2304 haee
646 2239 829 2306 hereditate
845 2239 948 2327 capiat
966 2241 1141 2306 univorsos.
1158 2228 1266 2299 ‹Ethtc

269 2359 355 2424 aest,
375 2347 488 2433 inquit,
505 2359 609 2424 terre,
626 2369 695 2433 quae
717 2345 867 2413 derelicta
882 2359 947 2422 est,
970 2367 1085 2413 omnes
1096 2346 1171 2412 fines
1188 2334 1267 2404 Pstis
1320 2325 1321 2374 1

269 2453 403 2530 rtiim²,
418 2482 430 2516 r
444 2466 475 2519 et
487 2453 547 2522 alia
564 2453 795 2541 quaurplurima
806 2477 876 2542 quer
888 2467 1078 2544 sequuntur.
1097 2451 1187 2518 Multa
1196 2444 1267 2512 adhuc
1318 2441 1321 2600 p

267 2573 437 2650 supersunt
452 2573 607 2648 quantum
625 2561 665 2625 ad
680 2573 787 2626 nostra
804 2575 948 2649 tempora
969 2574 1112 2650 spectat,
1135 2580 1197 2646 quae
1210 2549 1270 2618 sidt-

267 2695 339 2737 mus
352 2670 496 2736 nondum
508 2669 641 2756 pedibus
657 2665 733 2732 «Iesu
748 2691 817 2734 esse
830 2670 992 2756 subjecta,
1010 2692 1109 2758 quem
1121 2683 1230 2734 necesse
1240 2665 1269 2720 ³⁵¹

268 2779 377 2866 utique
393 2776 497 2842 omnia
518 2775 675 2840 obtinere.
697 2775 807 2861 Neque
828 2777 914 2842 enim
935 2774 1008 2842 finis
1028 2799 1100 2842 esse
1120 2771 1223 2863 poterit
1239 2785 1272 2828 m

267 2909 356 2962 rum,
374 2886 434 2950 nisi
449 2883 566 2948 fuerint
577 2883 605 2946 ei
622 2882 709 2970 prius
724 2896 839 2953 cuncta
852 2884 1007 2971 subjecto.
1024 2886 1081 2952 sie
1092 2884 1175 2949 enim
1189 2875 1272 2943 etPtt
1320 2963 1321 2968 η

265 2995 361 3085 pheta
378 2992 475 3065 dicit,
500 2990 573 3077 quia
599 3013 733 3056 «omnes
753 3003 862 3078 gentes
885 2992 1024 3057 servient
1046 2991 1118 3066 ei⁸,
1135 3003 1181 3064 et,
1198 2979 1274 3053 afini-
1320 3027 1321 3106 p

268 3105 349 3168 »bus
363 3100 531 3165 fluminum
545 3121 642 3186 usque
655 3098 785 3164 adfines
797 3100 883 3165 orbis
905 3111 1067 3166 terrarum
1085 3101 1119 3165 in
1138 3097 1274 3184 competit

268 3212 357 3297 »ejus
376 3205 541 3296 procident
563 3204 768 3293 AEthiopes‘‚
786 3219 831 3283 et,
852 3206 891 3272 de
908 3220 995 3274 trans
1023 3209 1112 3298 ripas
1142 3203 1274 3272 fluminum

270 3315 458 3402 »AEthiopiae
474 3313 608 3382 offerent
623 3313 777 3380 sacrificia
787 3313 807 3380 ⁵.
824 3343 836 3376 ι
857 3315 947 3381 Unde
965 3329 1096 3382 constat
1111 3312 1193 3405 quod
1206 3309 1233 3376 iu
1244 3325 1275 3368 st·

268 3420 730 3490 cundoedventuhaneterram
745 3420 961 3510 multumque
978 3435 1143 3513 superest,
1155 3407 1276 3486 obtinebit

267 3532 358 3596 Jesus
370 3552 377 3593 ε
396 3528 452 3593 sed
462 3528 546 3594 beati
562 3541 635 3592 sunt
647 3527 690 3593 itli
702 3578 711 3603 ,
723 3530 777 3615 qui
790 3529 822 3595 in
833 3530 937 3617 primo
948 3531 1018 3618 ejus
1036 3532 1175 3598 adventu
1187 3513 1278 3592 obtenti

269 3649 353 3702 sunt.
371 3636 426 3700 lsti
442 3637 527 3701 enim
544 3658 616 3700 vere
631 3637 711 3724 greti
728 3649 838 3714 erunt,
857 3639 910 3724 qui
927 3637 1036 3704 multis
1057 3634 1232 3706 adversariis
1243 3647 1277 3690 tt*

302 3799 412 3852 ¹1Cor.
428 3797 530 3854 xmd.
548 3829 557 3875 j
578 3797 651 3851 ²Jos.
663 3817 729 3862 1111,
745 3818 769 3850 a.
781 3797 1025 3866 -⁸1³atm.s2111,
1042 3793 1277 3852 rr.-⁴1bid.8.s

268 3919 302 3930 -
313 3893 323 3924 ⁵
334 3891 442 3956 sophon.
453 3906 484 3937 111
493 3925 501 3948 ,
516 3904 555 3938 1ο.
