2734 4594
261 180 321 244 rto
704 202 846 246 carnatus

257 323 372 389 Christi
395 323 524 410 quidem
541 324 670 388 nomine
692 325 812 388 censeri
831 315 1142 416 c'expugnara‘autcm
1155 327 1237 395 llcclca

257 433 335 498 aiam
351 431 488 506 Christi,
501 444 536 496 et
553 454 638 496 arma
654 430 797 496 conferre
813 431 979 498 adversum
995 431 1101 498 Christi
1114 433 1239 510 hiemat

258 540 443 627 impugnare
459 537 611 627 populum
626 538 769 614 Domini,
785 537 868 606 bella
883 540 1032 606 suscitare
1048 540 1189 634 adversum
1202 564 1238 606 cc-

258 643 409 710 tholicam
424 643 521 710 fidem
540 668 548 709 c
566 644 639 711 nolo
655 645 781 710 dubites
796 645 836 710 da
851 644 887 710 iis
904 644 1031 722 dicere,
1046 646 1124 733 quod
1137 648 1177 711 isti
1191 661 1241 710 sunt

260 751 389 837 quidem
405 748 460 814 filii
472 750 631 827 Orientis,
644 750 699 816 sed
714 774 788 817 cum
799 751 975 818 Madianitis
986 801 995 826 ‚
1007 764 1039 816 et
1049 774 1118 817 oum
1126 749 1239 818 Amalech
1316 757 1317 766 ’

260 879 439 945 expugnare
451 858 581 923 veniunt
594 856 750 947 populum
761 857 838 933 Dei,
851 859 923 946 quia
940 881 1013 924 eum
1024 857 1143 946 Paganis
1156 869 1181 921 et
1192 879 1242 921 cun
1316 925 1317 936 χ

157 998 158 1001 ¹
262 963 379 1027 Judaeis
391 961 563 1029 Ecclesiam
571 964 630 1029 Dei
643 963 737 1029 etiam
751 963 891 1030 haeretici
904 977 1136 1052 persequuntur.
1145 964 1177 1028 lit
1187 963 1243 1052 ipsos
1316 945 1317 960 ¹

263 1091 331 1136 csse
346 1070 472 1158 opinor,
490 1069 544 1156 qui
560 1070 762 1160 designantur
776 1071 809 1135 in
823 1069 894 1134 liliis
908 1068 1057 1137 Orientis.

306 1175 346 1240 ll.
360 1175 502 1241 «Omnes
518 1200 612 1266 ergo,
626 1175 740 1261 inquit,
752 1175 948 1252 Madianitae‚
960 1189 993 1242 et
1004 1173 1162 1249 Amalech,
1174 1171 1244 1237 ethlii

269 1282 430 1348 »Orientis
446 1295 662 1348 convenerunt
677 1280 787 1358 simul.
804 1295 836 1350 et
851 1284 1081 1357 asconderunt,
1094 1293 1124 1346 et
1138 1300 1247 1368 superac-

264 1405 401 1458 »nernnt
413 1391 477 1467 eis,
490 1404 523 1456 et
533 1403 635 1458 castra
649 1406 824 1480 posuerunt
837 1393 868 1458 in
884 1385 1248 1472 vallelearahcl¹.=lsllqul

262 1500 449 1588 impugnare
467 1496 574 1564 volunt
592 1496 745 1588 populum
767 1499 843 1574 Dei,
864 1512 965 1566 eastra
989 1499 1023 1564 in
1041 1495 1161 1563 vallibus
1179 1491 1248 1558 collo·

265 1617 358 1681 cant,
374 1605 407 1671 in
424 1603 554 1692 dejectis
571 1617 601 1670 et
617 1601 790 1670 humilibus
809 1603 907 1680 lonis,
922 1606 954 1670 in
971 1603 1069 1680 valle,
1086 1601 1187 1689 iuquit,
1199 1597 1250 1662 Jec-

264 1711 363 1780 rahel.
382 1711 562 1778 Invenimus
582 1723 687 1778 autem
704 1712 903 1802 interpretari
919 1708 1084 1786 Jezrahel,
1100 1729 1189 1774 semen
1200 1703 1246 1768 bai.

265 1819 362 1888 Vides
390 1821 445 1883 ubi
467 1817 625 1885 collocant
644 1831 745 1885 castra
771 1819 960 1887 adversarii?
982 1819 1056 1888 Non
1079 1829 1146 1884 sunt
1161 1813 1209 1879 ansi
1222 1811 1251 1872 icc

266 1923 361 1999 illuc,
381 1925 436 1989 nbi
455 1925 601 1991 videntur
622 1925 687 2013 jam
704 1926 767 1990 nati
782 1949 850 1992 esso
865 1926 986 1993 [ructus
1003 1925 1145 2016 spiritus,
1160 1919 1201 1986 sed
1214 1913 1251 1978 ubi
1315 1903 1317 1968 l

269 2033 373 2099 adhuc
388 2057 494 2098 semen
509 2035 567 2099 Dei
581 2034 684 2124 jacet,
701 2035 755 2102 ubi
769 2037 912 2101 nondum
927 2035 1052 2102 fructus
1068 2029 1194 2104 ascendit·
1206 2021 1249 2102 0¹¹5

270 2142 354 2208 enim
369 2142 444 2208 exiit
461 2144 616 2210 seminare
631 2167 761 2218 semen,
777 2144 909 2210 seminat
924 2169 1020 2234 super
1040 2135 1252 2210 omnemlccun.

271 2248 335 2316 Sed
350 2249 424 2314 nudi
439 2250 542 2337 ipsum
555 2251 727 2319 Dominum
739 2251 897 2318 dicentem
913 2250 990 2340 quid
1006 2253 1072 2340 pati
1087 2247 1255 2315 soloatcancn
1316 2285 1317 2342 l

271 2355 340 2420 Dei.
360 2355 501 2431 «Aliud,
518 2356 631 2443 inquit,
651 2357 766 2422 cecidit
783 2382 872 2425 secus
891 2359 992 2434 viam,
1008 2370 1043 2424 et
1060 2356 1200 2423 venientes
1212 2364 1260 2412 aces
1316 2353 1317 2374 ¹

273 2461 365 2528 »eoeli
379 2462 528 2552 diripiunt
543 2462 650 2529 illud².
667 2465 783 2546 »Quod
791 2467 858 2556 ipse
872 2467 904 2531 in
912 2465 1139 2553 posterioribus
1146 2461 1260 2541 incerprc·

272 2581 354 2634 tatus
370 2569 447 2633 dixit
465 2593 473 2635 :
490 2599 503 2630 ι
520 2571 584 2650 Qui
600 2583 706 2636 autem
723 2594 814 2636 secus
829 2573 911 2638 viam
927 2574 1075 2639 seminati
1091 2581 1174 2642 sunt,
1187 2564 1203 2628 ii
1215 2566 1264 2624 sunl

273 2677 347 2767 »qui
358 2677 490 2740 audiunt
502 2678 632 2742 verbum
644 2727 653 2754 ,
663 2689 696 2752 et
707 2701 780 2742 oum
792 2675 898 2744 laetitia
908 2679 1069 2770 accipiunt
1083 2701 1092 2742 c
1109 2674 1181 2742 venit
1189 2679 1264 2735 auten

276 2781 456 2858 »Zabulus‚
469 2795 501 2847 et
512 2781 593 2848 tollit
604 2783 645 2848 de
661 2785 756 2849 corde
767 2809 879 2851 eorum
892 2787 978 2875 quod
993 2788 1179 2854 seminatum
1188 2773 1262 2842 0⁵²³st

274 2891 328 2956 Sic
345 2914 419 2978 ergo
434 2903 466 2956 et
483 2892 532 2955 isti
547 2903 624 2956 tunc
639 2893 768 2957 veniunt
785 2893 825 2958 ad
840 2917 947 2958 semen
963 2894 1043 2970 Dei,
1060 2906 1092 2958 et
1106 2887 1205 2958 volunt
1216 2873 1268 2946 illul

276 2995 385 3061 tollere
401 2997 441 3060 de
457 2998 553 3062 corde
571 3021 682 3062 eorum
700 2999 732 3063 in
747 3000 863 3087 quibus
878 3000 1072 3066 seminatum
1089 3011 1152 3072 est,
1167 2993 1226 3080 quia
1236 2987 1269 3048 it·

277 3104 407 3168 veniunt
418 3127 471 3169 eos
483 3105 514 3168 in
524 3102 656 3172 vallibus
667 3106 803 3194 positos,
816 3120 849 3172 et
864 3109 926 3176 ima
939 3130 1076 3195 qnaeque
1089 3091 1271 3171 sectantes-lle

277 3207 337 3278 illis
349 3221 422 3273 sunt
436 3209 520 3274 enirn
533 3211 585 3298 qui
599 3209 759 3298 humiliter
770 3223 802 3275 et
817 3212 943 3300 indigne
957 3225 989 3277 et
1007 3213 1061 3298 (nt
1076 3213 1118 3276 ita
1131 3203 1229 3286 dicam)
1242 3197 1272 3282 ju·
1316 3217 1317 3282 l

280 3317 371 3381 daico
394 3314 555 3380 intellectu
577 3317 750 3408 suscipiunt
774 3318 905 3382 verbum
927 3319 1005 3394 Dei,
1034 3331 1068 3382 et
1091 3316 1160 3381 ideo
1178 3309 1275 3418 possull

277 3420 357 3487 illud
372 3445 481 3510 rapere
498 3422 936 3490 daemonesdecordeeorum.
956 3425 1021 3504 Qui
1039 3437 1146 3490 autem
1161 3415 1275 3484 abtun-

279 3524 367 3590 litate
387 3523 498 3591 littorae
519 3527 558 3590 ad
576 3527 701 3615 spiritns
718 3526 839 3593 excelsa
860 3529 1066 3605 conscendit,
1085 3540 1117 3593 et
1138 3519 1277 3606 intelligor

283 3633 359 3700 tiam
379 3630 535 3721 refugiens
556 3633 733 3710 carnalem,
756 3646 893 3700 sectatur
914 3634 946 3702 in
965 3635 1133 3702 altioribus
1151 3651 1211 3722 qna
1227 3627 1277 3687 sunl

318 3775 394 3826 ¹Jua.
408 3795 445 3840 vr,
461 3775 881 3842 33.-²1.uc.v111‚5.-³1bid.
899 3797 939 3842 tn,
955 3779 994 3831 13.
