2744 4600
395 318 428 360 us
454 317 592 363 nonanes
616 317 745 362 uentura
768 319 831 362 xxa.
1058 293 1123 373 [185

100 435 299 522 quiturlNon
307 437 348 504 ab
357 437 478 526 Moyse,
486 439 542 504 sed
553 442 594 505 ab
603 439 690 505 lesu.
703 438 915 528 Nambloyses
935 439 1056 506 etiamsi
1068 441 1124 504 dnt
1223 529 1225 534 Ι

100 544 247 632 aliquibus
258 545 489 625 hereditatem,
502 572 567 615 non
581 551 635 616 dat
646 550 729 616 iutra
740 549 927 624 Jordanem,
940 571 1000 616 nec
1011 550 1123 614 transit

97 653 1123 735 omninoJordanem,sedextralerdanemdatterram‚nonssuen-

98 775 157 830 tem
168 763 249 832 laete
263 779 295 832 et
309 765 417 843 melle,
430 768 487 833 sed
500 768 669 857 pecoribus
679 782 799 857 aptam,
812 780 845 834 et
862 780 951 832 muta
971 765 1115 834 animalia

97 884 184 961 atque
196 873 390 942 irrationales
402 876 541 964 pecudes
552 875 665 942 melius
679 899 774 965 quam
787 874 955 942 rationales
972 875 1116 940 homines

41 1051 44 1058 ,
96 983 294 1049 nutrientem.
311 983 407 1050 lesus
418 1007 492 1050 vero
505 1007 595 1051 meus
611 981 752 1050 secundo
762 983 881 1073 populo
893 997 1011 1052 terram
1022 1005 1119 1071 quam

95 1091 246 1166 dat,terra
262 1102 311 1158 est
326 1090 407 1158 lacte
417 1104 451 1160 et
461 1091 556 1159 melle
567 1092 688 1165 lluens;
703 1094 768 1159 imo
782 1091 869 1158 favus
881 1091 981 1160 mellis
993 1104 1041 1158 est
1052 1114 1117 1182 prae

92 1193 172 1266 cinni
189 1211 286 1265 terra.
302 1201 342 1266 Et
352 1201 484 1289 'Moyses
499 1201 716 1268 haereditatem
736 1225 800 1267 nou
820 1203 874 1268 dat
890 1203 922 1268 in
941 1199 1038 1277 clero,
1056 1223 1116 1266 nee

92 1321 169 1376 sorte
179 1311 423 1386 distribuit,nec
434 1321 539 1399 potest
550 1334 607 1398 per
618 1308 726 1398 plebes
745 1311 900 1377 etdomos
913 1333 951 1378 ac
971 1309 1116 1382 familias,

90 1431 123 1484 ut
136 1419 260 1486 nomina
276 1431 309 1484 et
324 1420 437 1485 merita
456 1418 651 1508 singulorum
668 1419 772 1484 divina
790 1431 874 1486 sorte
886 1441 1019 1508 pensare
1032 1441 1040 1482 ε
1054 1417 1117 1484 boc

91 1529 173 1594 solus
188 1528 262 1594 facit
276 1529 381 1604 lesus,
398 1529 451 1595 cui
473 1551 566 1596 omne
580 1528 736 1615 judicium
751 1528 844 1594 Pater
859 1527 1002 1593 tradidit¹
1023 1549 1032 1591 ι
1051 1527 1118 1614 ipsc
1157 1563 1160 1570 ·

90 1639 147 1704 scit
164 1638 322 1726 quomodo
333 1637 489 1727 populum
500 1661 593 1704 suum
606 1660 672 1704 nou
687 1636 790 1702 solum
801 1661 859 1725 per
869 1639 970 1703 tribus
982 1648 1016 1701 et
1029 1636 1117 1700 lami-

89 1746 182 1812 liasat
194 1747 317 1822 domos,
332 1769 441 1812 verum
458 1759 490 1813 et
502 1769 560 1834 per
569 1747 697 1812 nomina
708 1769 969 1833 unumquemque
981 1733 1073 1833 digna
1084 1756 1117 1809 et

87 1857 277 1944 competenti
301 1857 464 1922 mansione
479 1854 648 1944 dispenset.
670 1853 752 1919 Sunt
766 1866 874 1920 tamen
890 1853 985 1940 aliqui
1002 1853 1116 1919 inistis

84 1969 138 2056 qui
152 1967 334 2033 conditione
349 1967 441 2032 sortis
457 1966 705 2054 supereminent,
721 1977 753 2030 et
768 1965 898 2030 omnino
913 1986 974 2030 nec
989 1964 1114 2031 addun-

85 2088 138 2140 tur
158 2076 198 2140 ad
217 2087 346 2141 sortem.
364 2074 485 2141 Omnes
505 2074 632 2149 Levitae,
658 2074 692 2140 id
711 2087 771 2149 est,
788 2097 898 2139 omnes
918 2073 972 2161 qui
994 2075 1115 2140 intente

84 2197 117 2250 et
135 2185 347 2250 indesinenter
365 2195 553 2274 permanent
572 2184 605 2250 in
620 2182 795 2249 ministerio
812 2185 884 2259 Dei,
901 2196 933 2248 ct
946 2185 1114 2273 pervigiles

84 2297 119 2359 in
140 2294 266 2360 servitio
281 2295 347 2382 ejus
361 2293 510 2361 excubias
526 2304 653 2382 gerunt,
671 2306 791 2359 sortem
805 2292 888 2358 inter
903 2305 1033 2358 caeteros
1048 2317 1114 2359 non

82 2405 266 2492 accipiunt:
280 2404 335 2470 sed
345 2425 407 2470 nec
417 2404 547 2469 omnino
563 2403 596 2468 in
607 2413 749 2468 terraest
759 2423 827 2467 sors
842 2425 966 2478 eorum,
979 2403 1035 2468 sed
1049 2405 1114 2491 ipse

75 2513 237 2580 Dominus
253 2537 319 2578 sors
340 2514 384 2578 eis
401 2526 434 2578 et
449 2512 614 2578 hereditas
625 2535 694 2577 esse
704 2523 911 2580 memoratur.
926 2510 987 2578 Per
997 2511 1055 2578 bos
1068 2511 1112 2578 illi

78 2625 158 2690 mibi
178 2621 327 2689 videntur
344 2621 476 2689 indicari
495 2622 550 2710 qui
567 2620 662 2687 nullis
685 2643 846 2708 corporeae
868 2633 989 2687 naturae
1009 2623 1113 2687 obsta·

75 2732 159 2800 culis
176 2732 329 2806 hebetati,
343 2733 399 2797 sed
416 2730 559 2796 omnium
573 2728 742 2796 visibilium
753 2729 887 2818 gloriam
904 2734 1110 2820 supergressi,

74 2843 109 2906 in
127 2837 193 2905 sola
209 2839 268 2905 sibi
288 2840 441 2928 sapientia
455 2838 512 2904 Dei
529 2850 563 2903 et
578 2839 675 2904 verbo
690 2840 761 2927 ejus
778 2839 902 2904 vivendi
919 2863 1012 2907 usum
1026 2865 1113 2906 exer-

71 2953 254 3038 citiumque
270 2961 457 3039 pesuerunt,
470 2949 523 3036 qui
539 2969 729 3037 corporeum
745 2945 824 3015 nibil
840 2949 1018 3035 requirunt,
1032 2951 1111 3018 nibil

67 3061 207 3126 rationis
228 3059 378 3125 alienum.
399 3057 638 3146 concupierunt
658 3059 744 3123 enim
767 3059 966 3146 sapientiam,
988 3082 1110 3128 concu-

68 3171 206 3260 pierunt
217 3180 414 3236 secretorum
427 3167 485 3233 Dei
501 3167 694 3255 agnitionem
710 3190 719 3231 t
738 3168 836 3234 stubi
852 3179 900 3232 est
911 3173 1106 3246 cereorum,

64 3279 118 3346 ibi
135 3289 230 3343 estet
243 3278 410 3342 thesaurus
427 3275 564 3341 corum².
579 3275 635 3341 lsti
652 3299 729 3364 ergo
741 3275 956 3342 haereditatem
971 3301 1037 3344 non
1048 3279 1106 3345 ha-

65 3393 159 3456 bent
174 3388 206 3453 in
221 3389 325 3460 terris,
343 3387 398 3454 sed
411 3387 694 3476 supergrediuntur
706 3409 829 3452 summa
842 3384 913 3453 coeli
929 3387 1062 3476 fastigia,
1075 3403 1108 3455 ct
1214 3419 1218 3431 ·

58 3498 117 3567 ibi
137 3519 263 3585 semper
271 3498 304 3563 in
321 3497 471 3572 Domino,
484 3519 609 3585 semper
623 3496 657 3561 in
674 3497 863 3584 verbosius,
876 3519 1002 3585 semper
1017 3500 1048 3564 in
1061 3523 1108 3566 sa·

57 3610 209 3702 pientia,
222 3620 254 3674 et
266 3611 298 3674 in
316 3607 477 3697 voluptate
494 3607 633 3673 scicntiae
643 3609 713 3695 ejus
729 3605 972 3673 deliciabuntur.
990 3609 1048 3675 llic
1062 3613 1107 3676 eis

53 3721 177 3794 cibus,
191 3717 255 3784 boc
270 3719 330 3782 erit
341 3714 494 3806 poculum
502 3741 511 3789 ;
528 3717 594 3781 istae
607 3716 734 3790 divitiae,
748 3717 808 3781 hoc
821 3717 881 3781 crit
894 3739 1037 3805 reguum.
1049 3717 1106 3785 Te-

50 3834 106 3899 les
128 3853 211 3918 ergo
229 3839 337 3903 erunt,
358 3840 390 3892 ct
405 3827 443 3893 in
466 3827 502 3891 iis
521 3839 627 3900 erunt,
649 3825 691 3891 illi
712 3827 825 3914 quibus
844 3825 1012 3892 haereditas
1036 3828 1102 3916 ipsc

88 3952 351 4015 Quamnam-²
365 3953 504 4011 Maubai,
520 3969 558 4002 ar.
