2748 4596
380 283 413 326 sn
438 251 553 324 insnu'n
574 281 644 324 ausu
670 282 752 325 narn
776 283 849 326 nou.
877 284 918 326 ιν.
1131 285 1167 346 ¹7

136 405 333 494 semetipsum
356 401 517 492 decipiat:
542 412 630 467 extra
652 400 737 468 hanc
758 402 909 478 domum,
936 403 1057 479 idest,
1082 417 1169 470 extra

138 513 304 582 Ecclesiam
321 533 416 576 nemo
432 508 579 575 salvatur.
596 509 675 576 Nam
692 509 716 574 si
732 511 802 598 quis
818 509 900 576 foras
912 511 1042 588 exierit,
1056 511 1170 578 mortis

138 647 195 690 suae
208 623 275 710 ipse
290 619 327 684 fit
343 641 426 684 reus.
444 620 505 684 llic
516 619 642 707 sanguis
656 630 703 684 est
718 619 863 706 signum,
879 621 954 707 quia
974 618 1027 685 hic
1048 632 1097 686 cst
1115 643 1172 710 pu-

139 730 266 797 risscatio
277 779 285 803 ‚
298 749 368 815 quae
379 749 437 814 por
447 727 633 814 sanguinem
645 737 780 791 constat.
796 726 891 806 Quod
907 738 1014 792 autem
1026 727 1059 792 in
1072 727 1173 793 fenes-

141 853 185 906 tra
200 838 355 928 dependet
371 837 433 902 hoc
447 836 591 925 signum,
608 834 688 900 illud
703 836 840 900 arbitror
854 836 1005 912 indicari,
1029 838 1102 925 quia
1124 838 1173 903 se·

142 959 240 1013 nestra
248 957 298 1010 est
309 942 542 1033 quaeiliuminat
554 943 685 1009 domum
697 992 705 1017 ,
715 955 746 1008 et
755 965 914 1031 perquam
922 968 985 1009 non
995 946 1152 1034 integrum
1163 949 1172 1022 ξ

140 1054 190 1119 scd
206 1063 330 1118 tantum
345 1062 500 1138 quantum
516 1048 616 1115 oculis
631 1062 663 1115 et
678 1050 756 1115 visui
772 1063 881 1116 nostro
897 1051 1031 1118 sufficiat
1046 1051 1174 1118 luminis

140 1159 288 1246 capimus.
309 1156 392 1236 Quia
407 1179 482 1242 ergo
498 1167 530 1220 et
544 1155 720 1220 incarnatio
736 1153 905 1221 Salvatoris
921 1181 986 1223 non
1001 1159 1092 1224 nobis
1104 1182 1175 1224 me-

140 1291 207 1332 rum
221 1265 350 1354 ingessit
364 1275 396 1328 et
414 1265 573 1351 integrum
592 1263 724 1328 Deitatis
747 1274 930 1351 aspectum,
953 1267 1009 1330 sed
1026 1279 1176 1355 tanquam

141 1401 195 1464 per
210 1375 378 1439 fenestram
394 1372 470 1436 fecit
485 1394 542 1436 nos
553 1394 611 1458 per
622 1371 872 1438 incarnationem
885 1396 974 1439 suam
986 1371 1094 1440 lumen
1106 1376 1178 1440 Dei-

143 1484 213 1549 tatis
230 1482 385 1570 aspicere,
404 1479 524 1546 idcirco
539 1480 616 1545 mihi
640 1479 764 1576 videtur
785 1481 910 1569 signum
931 1480 1039 1547 salutis
1058 1505 1115 1571 per
1135 1482 1179 1547 se-

143 1602 281 1657 nestram
296 1589 403 1653 datum
423 1610 431 1652 r
456 1610 520 1676 quo
541 1583 630 1676 signo
649 1586 783 1652 salutem
798 1601 1034 1676 consequantur
1048 1613 1177 1667 omues,

143 1699 195 1788 qui
207 1699 238 1763 in
254 1697 348 1762 domo
359 1697 428 1783 ejus
444 1717 513 1782 qnae
528 1695 697 1783 aliquando
718 1707 786 1761 erat
805 1698 972 1772 meretrix,
996 1698 1113 1763 fuerint
1130 1697 1181 1764 inm

143 1808 244 1881 venti,
269 1804 415 1870 mundati
430 1804 462 1868 in
478 1827 558 1891 aqua
578 1815 611 1868 et
628 1803 747 1892 Spiritu
769 1817 898 1882 sancto,
918 1818 951 1871 et
971 1805 1005 1871 in
1029 1808 1180 1896 sanguino

139 1913 267 1982 Domini
282 1923 315 1977 et
330 1909 501 1977 Salvaton's
516 1911 616 1998 nostri
629 1911 706 1976 «Iesu
723 1911 860 1988 Christi,
884 1914 936 1980 cui
957 1925 1006 1979 cst
1026 1913 1124 2004 gloria
1148 1927 1181 1981 et

140 2021 310 2110 imperium
325 2019 358 2084 in
374 2017 487 2086 saecula
502 2017 701 2085 saecutorum.
717 2019 833 2084 Amen.
1175 2031 1177 2036 '

145 2295 480 2322 *mm-mmmmm
485 2293 1184 2325 mmwwmuwewwmww‹eswwwuteuwxew

411 2477 636 2553 nonium
663 2433 910 2573 Quaeras.
971 2460 975 2468 '

475 2727 518 2784 De
540 2727 663 2789 transitu
687 2725 823 2784 Jordunis
837 2722 859 2782 ¹.

187 2893 390 2962 Paccaronr⁸
401 2894 529 2980 quidem
537 2894 640 2958 omnis
652 2905 734 2958 terra
744 2892 842 2958 hostis
854 2904 919 2968 est,
933 2895 1014 2958 siout
1023 2893 1062 2957 de
1070 2891 1189 2982 AEgyp7

138 3005 194 3068 u'is
209 3003 363 3090 scriptum
380 3013 449 3066 est:
469 3013 554 3067 terra
573 3023 628 3066 eos
651 3001 876 3089 impugnabat,
893 3000 1007 3066 ssuvius
1023 2995 1191 3094 impugna-J
1267 3009 1275 3063 ’.

139 3113 219 3187 bat,
241 3117 295 3175 ue'r
317 3110 383 3198 ipse
404 3111 621 3198 impugnabat.
647 3109 741 3173 Justo
765 3132 838 3173 vero
863 3132 933 3195 quae
957 3091 1191 3175 inaccessibilia

138 3213 418 3302 ridentur,·plana
433 3213 617 3280 efficiuntur
631 3225 663 3276 et
679 3211 840 3301 proclivia.
859 3213 945 3278 Mare
962 3213 1107 3280 Rubrum
1122 3217 1191 3303 jus-¹

140 3323 197 3388 tus
212 3336 363 3411 tanquam
378 3347 436 3410 per
451 3322 571 3387 aridam
584 3322 694 3386 transit
711 3345 718 3386 :
737 3320 903 3409 AEgyptins
915 3345 990 3386 vero
1009 3323 1033 3386 si
1054 3323 1186 3389 transire

141 3429 281 3496 voluerit
298 3433 538 3520 submergetur,
555 3453 615 3494 nec
630 3429 725 3496 fretai
743 3453 822 3515 aqua
843 3453 953 3494 murus
973 3430 1081 3495 dextra
1097 3429 1187 3497 laeva-

139 3561 220 3627 que.
235 3539 256 3605 J
258 3551 345 3605 ustus
360 3538 482 3604 etiamsi
498 3561 641 3603 eremum
660 3535 842 3603 horribilem
860 3538 1053 3628 ingrediatur
1075 3551 1107 3604 et
1123 3563 1188 3606 vas-

180 3699 192 3733 ¹
203 3703 274 3750 Torn.
291 3718 327 3762 11,
339 3717 411 3766 pagg.
425 3703 548 3762 sort-406.

180 3791 193 3826 2
205 3791 260 3838 Jos.
273 3805 301 3836 rr.

178 3885 190 3917 ³
203 3880 245 3928 Nn
266 3895 292 3925 r·
305 3895 343 3926 ru.

238 3990 267 4029 Χ.
