2604 4614
228 281 288 365 57²
673 305 814 350 cunnus

224 429 436 517 Inspectivum
454 439 579 517 quoque
595 428 701 495 locvrm
718 431 750 494 in
768 430 831 496 hoc
846 430 952 498 libello
970 434 1124 508 tradidit,
1139 433 1257 521 quibo

224 538 318 602 betur
334 535 366 599 in
386 535 547 608 manibus,
570 534 665 598 idest
688 534 721 598 in
742 535 876 601 Canticc
894 538 1128 612 canticorum,
1144 538 1178 602 in
1198 563 1257 625 quo

224 663 364 706 amorem
372 638 1256 726 celestium,divinorumquedesiderinmincutitanima

221 751 279 814 sub
296 748 399 837 specie
415 771 536 835 spensae
554 770 592 814 ac
610 747 734 835 sponsi,
750 747 911 814 charitatis
927 762 961 815 et
976 751 1096 816 amoris
1118 751 1177 815 viis
1194 775 1255 838 per-

221 856 408 922 veniendum
424 856 542 921 docens
562 855 602 920 ad
617 854 811 922 consortium
826 856 895 922 Dei.
910 858 982 924 Hoc
998 880 1076 924 vero
1091 881 1173 923 eum
1187 882 1254 922 sere

219 963 422 1053 philosophiae
439 964 680 1030 fundumentum
695 977 889 1053 ponentem,
904 979 936 1030 ct
951 967 1104 1034 ordinem
1127 967 1253 1057 discipli-

218 1096 350 1148 narum,
368 1072 663 1159 institutionumque
682 1073 893 1150 condentem,
914 1075 1003 1161 quod
1023 1097 1091 1140 nen
1120 1073 1253 1150 latuerit.

217 1205 319 1270 neque
334 1185 379 1247 ab
396 1203 436 1246 oo
457 1181 600 1268 abjectus
611 1181 656 1246 sit
673 1181 769 1247 edam
786 1180 946 1248 rationalis
963 1181 1079 1258 locus,
1101 1185 1253 1249 evidenter

216 1289 401 1356 ostendit-in
421 1287 577 1377 principio
595 1287 704 1354 statim
723 1289 966 1376 proverbiorum
988 1313 1143 1356 auersam.
1163 1291 1251 1358 Pruna

217 1398 358 1463 omnium
373 1419 430 1485 per
445 1395 508 1462 hoc
521 1395 626 1482 ipsum
636 1394 724 1482 quod
737 1396 907 1462 Proverbia
920 1397 1107 1464 attitulavit
1123 1398 1246 1464 libellum

217 1529 330 1581 suum,
351 1504 440 1591 quod
454 1504 562 1590 utique
584 1525 700 1568 nomen
725 1503 880 1590 significat
900 1503 989 1570 aliud
1009 1506 1149 1592 quidem
1163 1506 1246 1595 prin

217 1613 298 1689 dici,
316 1611 401 1678 aliud
416 1633 490 1676 vere
502 1609 691 1676 intrinsecus
708 1609 851 1676 iudicari.
870 1612 941 1678 Hoc
956 1613 1050 1678 enim
1070 1625 1107 1678 et
1121 1637 1242 1680 commn-

221 1722 269 1786 nis
285 1743 358 1786 usus
375 1717 615 1808 proverbiorum
630 1716 743 1792 docet,
759 1729 791 1782 et
805 1719 943 1786 Jcanues
959 1720 995 1784 in
1007 1719 1239 1810 EvangelioSai·

216 1841 358 1894 vatnrcm
377 1828 420 1893 ita
435 1826 546 1892 scribit
563 1825 723 1890 dicentem
741 1847 750 1889 :
766 1853 780 1886 ι
795 1825 869 1892 Hac
885 1825 918 1892 in
934 1830 1122 1914 proverbiis
1133 1828 1228 1892 inuitus

216 1959 306 2002 »sum
320 1935 425 2010 vobis,
439 1933 542 1999 veniet
554 1931 634 1998 hora
656 1955 729 1998 cum
745 1932 810 2020 jam
825 1955 889 1999 non
903 1932 936 1998 in
952 1937 1123 2022 proverbii
1131 1933 1219 2018 bqusr

216 2045 325 2112 »vobis
343 2067 351 2108 t
369 2043 433 2108 sed·
444 2040 611 2108 manifeste
629 2040 668 2108 dc
689 2042 781 2108 Patre
804 2041 997 2108 annunciem
1017 2043 1126 2110 vobis¹.
1137 2069 1148 2100 ι
1159 2042 1216 2106 bec

217 2153 343 2220 interim
361 2151 392 2216 in
416 2151 482 2239 ipsa
499 2147 581 2215 tituli
604 2149 821 2237 inscriptione.
839 2151 876 2216 ln
893 2152 1047 2239 sequenti
1067 2175 1133 2216 sero
1145 2151 1227 2214 stati·

219 2258 381 2347 subjungit
392 2256 615 2322 ¹discretionem
636 2256 811 2330 sermonis,
827 2267 860 2322 et
875 2255 1046 2345 distinguit
1062 2256 1234 2322 scientum

219 2368 390 2457 sapientia,
405 2378 438 2430 ct
452 2389 470 2432 a
485 2364 636 2452 sapientia
650 2363 867 2452 disciplinam,
883 2376 916 2429 et
931 2364 1134 2432 intellectum
1151 2366 1245 2431 verbr-

220 2480 292 2543 r'um
304 2474 387 2543 aliud
398 2473 486 2563 ponit
500 2496 508 2538 ι
522 2485 555 2536 ct
565 2471 769 2560 prudentiam
783 2472 862 2538 dicit
873 2473 906 2538 in
915 2496 956 2540 ec
969 2496 1038 2540 esse
1048 2523 1059 2548 ,
1070 2486 1104 2540 ut
1114 2475 1253 2562 excipere

221 2583 291 2671 quis
308 2580 405 2669 possit
422 2578 591 2644 verborum
606 2575 787 2642 versutiam.
805 2575 979 2664 Distinguit
992 2579 1092 2644 ctiam
1105 2581 1256 2666 justitiam

221 2711 327 2756 veram
345 2685 548 2751 adiunctione
564 2683 675 2770 judicii
694 2707 702 2748 t
720 2682 776 2748 sod
791 2694 824 2746 et
839 2683 985 2750 astutiam
1000 2687 1155 2752 nominat
1170 2711 1258 2775 quan

223 2796 297 2862 dam
317 2790 366 2856 bis
385 2811 463 2876 quos
485 2789 599 2854 imbuit
620 2787 844 2862 necessariam,
866 2785 952 2854 illam
970 2789 1068 2854 credo
1086 2813 1151 2877 per
1171 2815 1261 2878 qnam

226 2879 452 2992 dtpbismatum
462 2894 591 2983 intelligi
600 2918 638 2960 ac
652 2893 800 2960 declinari
817 2896 915 2984 possit
930 2897 1061 2984 argutia.
1077 2899 1121 2963 Et
1137 2900 1214 2964 ideo
1224 2899 1266 2966 d'r

228 3010 271 3076 cit
292 3003 512 3072 innocentibus
529 3024 586 3090 per
603 3001 786 3090 sapientiam
804 3001 871 3067 dari
891 3003 1058 3078 astutiam,
1079 3006 1151 3072 sine
1167 3008 1266 3072 dubio

230 3137 270 3180 ne
288 3113 320 3177 in
340 3111 436 3176 verbo
451 3107 508 3173 Dei
528 3106 724 3194 decipiantur
740 3104 851 3172 fraude
867 3107 1050 3198 sophistica.
1070 3109 1133 3176 Sed
1148 3111 1184 3176 iu
1202 3112 1271 3178 boc

230 3220 307 3286 mihi
320 3218 442 3284 videtur
453 3213 610 3282 rationalis
623 3211 794 3301 disciplinae
806 3213 1003 3290 meminisse,
1016 3237 1176 3303 perquam
1187 3219 1271 3286 doc-

230 3331 312 3396 trina
334 3331 520 3401 verborum,
539 3325 759 3412 dictorumque
782 3323 997 3412 significantiae
1019 3326 1272 3406 discernuntur,

232 3451 265 3504 ct
280 3436 525 3523 uniuscujusque
540 3432 691 3498 sermonis
704 3432 880 3520 proprietas
891 3443 983 3498 certa·
992 3457 1069 3500 eum
1084 3437 1223 3506 radone
1233 3441 1274 3506 di

232 3546 409 3635 stinguitur.
433 3543 470 3608 ln
491 3565 552 3630 qua
572 3540 727 3629 praecipue
745 3540 864 3606 erudiri
882 3542 1032 3606 convenit
1049 3567 1180 3631 pueros.
1206 3550 1270 3614 flet

231 3655 317 3721 euim
329 3653 489 3726 hortatur,
501 3672 576 3715 cum
589 3647 665 3714 dicit
679 3671 711 3712 ει
724 3647 832 3722 Utdet
845 3671 946 3736 puero
960 3650 1077 3738 juniori
1087 3675 1266 3726 sensums

233 3758 507 3852 temtationem&
531 3759 597 3824 sEt
617 3757 689 3845 quia
708 3758 810 3846 quiin
829 3758 878 3824 his
900 3760 1062 3836 eruditur.
1084 3771 1261 3834 occeani

269 3913 358 3960 ¹Jcan.
370 3925 430 3969 xvi,
444 3904 484 3958 25.
496 3931 523 3940 —
537 3899 628 3952 Ῥω.
640 3921 649 3952 ι
662 3899 701 3967 ,’4.
