<?xml version="1.0" encoding="UTF-8"?>
<!DOCTYPE html PUBLIC "-//W3C//DTD XHTML 1.0 Transitional//EN"
    "http://www.w3.org/TR/xhtml1/DTD/xhtml1-transitional.dtd">
<html xmlns="http://www.w3.org/1999/xhtml" xml:lang="en" lang="en">
 <head>
  <title>
</title>
<meta http-equiv="Content-Type" content="text/html;charset=utf-8" />
  <meta name='ocr-system' content='tesseract 3.04.00' />
  <meta name='ocr-capabilities' content='ocr_page ocr_carea ocr_par ocr_line ocrx_word'/>
</head>
<body>
  <div class='ocr_page' id='page_1' title='image "./collectioselect01guilgoog_1044.png"; bbox 0 0 2644 4612; ppageno 0'>
   <div class='ocr_carea' id='block_1_1' title="bbox 258 217 837 301">
    <p class='ocr_par' dir='ltr' id='par_1_1' title="bbox 258 217 837 301">
     <span class='ocr_line' id='line_1_1' title="bbox 258 217 837 301; baseline 0.003 -19"><span class='ocrx_word' id='word_1_1' title='bbox 258 217 322 301; x_wconf 70' lang='grc'><strong>476</strong></span> <span class='ocrx_word' id='word_1_2' title='bbox 699 241 837 286; x_wconf 77' lang='lat' dir='ltr'><strong>omasum</strong></span> 
     </span>
    </p>
   </div>
   <div class='ocr_carea' id='block_1_2' title="bbox 256 363 1269 3262">
    <p class='ocr_par' dir='ltr' id='par_1_2' title="bbox 256 363 1269 3262">
     <span class='ocr_line' id='line_1_2' title="bbox 258 363 1218 454; baseline 0.003 -29"><span class='ocrx_word' id='word_1_3' title='bbox 258 365 552 454; x_wconf 67' lang='lat' dir='ltr'><strong>sacramentoquod</strong></span> <span class='ocrx_word' id='word_1_4' title='bbox 571 363 648 430; x_wconf 80' lang='lat' dir='ltr'><strong>dixit</strong></span> <span class='ocrx_word' id='word_1_5' title='bbox 665 412 674 439; x_wconf 89' lang='lat'>‚</span> <span class='ocrx_word' id='word_1_6' title='bbox 699 387 795 432; x_wconf 83' lang='lat' dir='ltr'><strong>«ecce</strong></span> <span class='ocrx_word' id='word_1_7' title='bbox 810 388 843 430; x_wconf 90' lang='lat' dir='ltr'><strong>es</strong></span> <span class='ocrx_word' id='word_1_8' title='bbox 859 366 990 453; x_wconf 84' lang='lat' dir='ltr'><strong>speciosa</strong></span> <span class='ocrx_word' id='word_1_9' title='bbox 1005 368 1218 454; x_wconf 74' lang='lat' dir='ltr'><strong>proximamur.»</strong></span> 
     </span>
     <span class='ocr_line' id='line_1_3' title="bbox 257 468 1222 562; baseline 0.006 -30"><span class='ocrx_word' id='word_1_10' title='bbox 257 468 387 559; x_wconf 73' lang='lat' dir='ltr'><strong>intelligi</strong></span> <span class='ocrx_word' id='word_1_11' title='bbox 403 471 442 536; x_wconf 89' lang='lat' dir='ltr'><strong>de</strong></span> <span class='ocrx_word' id='word_1_12' title='bbox 458 472 602 559; x_wconf 76' lang='lat' dir='ltr'><strong>praesenti</strong></span> <span class='ocrx_word' id='word_1_13' title='bbox 617 471 734 538; x_wconf 63' lang='lat' dir='ltr'><strong>werilo</strong></span> <span class='ocrx_word' id='word_1_14' title='bbox 749 473 891 538; x_wconf 87' lang='lat' dir='ltr'><strong>dictum:</strong></span> <span class='ocrx_word' id='word_1_15' title='bbox 914 473 984 560; x_wconf 88' lang='lat' dir='ltr'><strong>quia</strong></span> <span class='ocrx_word' id='word_1_16' title='bbox 998 475 1119 561; x_wconf 84' lang='lat' dir='ltr'><strong>speciosa</strong></span> <span class='ocrx_word' id='word_1_17' title='bbox 1131 475 1222 562; x_wconf 85' lang='lat' dir='ltr'><strong>quiden</strong></span> 
     </span>
     <span class='ocr_line' id='line_1_4' title="bbox 257 577 1223 668; baseline 0.006 -29"><span class='ocrx_word' id='word_1_18' title='bbox 257 577 297 640; x_wconf 90' lang='lat' dir='ltr'><strong>sit</strong></span> <span class='ocrx_word' id='word_1_19' title='bbox 311 589 344 641; x_wconf 86' lang='lat' dir='ltr'><strong>et</strong></span> <span class='ocrx_word' id='word_1_20' title='bbox 358 577 410 644; x_wconf 90' lang='lat' dir='ltr'><strong>hic</strong></span> <span class='ocrx_word' id='word_1_21' title='bbox 427 577 584 654; x_wconf 87' lang='lat' dir='ltr'><strong>Ecclesia,</strong></span> <span class='ocrx_word' id='word_1_22' title='bbox 606 603 679 646; x_wconf 92' lang='lat' dir='ltr'><strong>cum</strong></span> <span class='ocrx_word' id='word_1_23' title='bbox 693 581 836 668; x_wconf 80' lang='lat' dir='ltr'><strong>proxima</strong></span> <span class='ocrx_word' id='word_1_24' title='bbox 849 593 897 645; x_wconf 85' lang='lat' dir='ltr'><strong>est</strong></span> <span class='ocrx_word' id='word_1_25' title='bbox 918 579 1053 654; x_wconf 86' lang='lat' dir='ltr'><strong>Christo,</strong></span> <span class='ocrx_word' id='word_1_26' title='bbox 1069 593 1098 645; x_wconf 85' lang='lat' dir='ltr'><strong>et</strong></span> <span class='ocrx_word' id='word_1_27' title='bbox 1109 605 1168 647; x_wconf 88' lang='lat' dir='ltr'><strong>oum</strong></span> <span class='ocrx_word' id='word_1_28' title='bbox 1179 582 1223 645; x_wconf 83' lang='lat' dir='ltr'><strong>ini</strong></span> 
     </span>
     <span class='ocr_line' id='line_1_5' title="bbox 258 684 1223 774; baseline 0.005 -27"><span class='ocrx_word' id='word_1_29' title='bbox 258 695 342 750; x_wconf 87' lang='lat' dir='ltr'><strong>tatur</strong></span> <span class='ocrx_word' id='word_1_30' title='bbox 353 684 524 752; x_wconf 79' lang='lat' dir='ltr'><strong>Christum.</strong></span> <span class='ocrx_word' id='word_1_31' title='bbox 540 687 635 768; x_wconf 88' lang='lat' dir='ltr'><strong>Quod</strong></span> <span class='ocrx_word' id='word_1_32' title='bbox 650 711 724 753; x_wconf 85' lang='lat' dir='ltr'><strong>vero</strong></span> <span class='ocrx_word' id='word_1_33' title='bbox 741 689 882 764; x_wconf 53' lang='lat' dir='ltr'><strong>iteravit?</strong></span> <span class='ocrx_word' id='word_1_34' title='bbox 896 700 929 752; x_wconf 87' lang='lat' dir='ltr'><strong>et</strong></span> <span class='ocrx_word' id='word_1_35' title='bbox 936 688 1027 753; x_wconf 84' lang='lat' dir='ltr'><strong>dixit:</strong></span> <span class='ocrx_word' id='word_1_36' title='bbox 1048 690 1223 774; x_wconf 69' lang='lat' dir='ltr'><strong>‹bocenna-</strong></span> 
     </span>
     <span class='ocr_line' id='line_1_6' title="bbox 259 793 1222 884; baseline 0.003 -29"><span class='ocrx_word' id='word_1_37' title='bbox 259 793 406 870; x_wconf 77' lang='lat' dir='ltr'><strong>sciosa,a</strong></span> <span class='ocrx_word' id='word_1_38' title='bbox 435 806 537 883; x_wconf 90' lang='lat' dir='ltr'><strong>potest</strong></span> <span class='ocrx_word' id='word_1_39' title='bbox 557 795 597 861; x_wconf 92' lang='lat' dir='ltr'><strong>ad</strong></span> <span class='ocrx_word' id='word_1_40' title='bbox 616 794 759 863; x_wconf 79' lang='lat' dir='ltr'><strong>futurum</strong></span> <span class='ocrx_word' id='word_1_41' title='bbox 779 795 930 863; x_wconf 74' lang='lat' dir='ltr'><strong>seculum</strong></span> <span class='ocrx_word' id='word_1_42' title='bbox 949 794 1107 884; x_wconf 84' lang='lat' dir='ltr'><strong>pertinere,</strong></span> <span class='ocrx_word' id='word_1_43' title='bbox 1127 795 1168 859; x_wconf 91' lang='lat' dir='ltr'><strong>ubi</strong></span> <span class='ocrx_word' id='word_1_44' title='bbox 1183 795 1222 879; x_wconf 76' lang='lat' dir='ltr'><strong>ian</strong></span> 
     </span>
     <span class='ocr_line' id='line_1_7' title="bbox 259 900 1222 993; baseline -0.001 -27"><span class='ocrx_word' id='word_1_45' title='bbox 259 925 321 968; x_wconf 92' lang='lat' dir='ltr'><strong>non</strong></span> <span class='ocrx_word' id='word_1_46' title='bbox 338 900 440 968; x_wconf 88' lang='lat' dir='ltr'><strong>solum</strong></span> <span class='ocrx_word' id='word_1_47' title='bbox 459 903 650 980; x_wconf 80' lang='lat' dir='ltr'><strong>imitatione,</strong></span> <span class='ocrx_word' id='word_1_48' title='bbox 666 904 722 969; x_wconf 88' lang='lat' dir='ltr'><strong>sed</strong></span> <span class='ocrx_word' id='word_1_49' title='bbox 736 905 802 993; x_wconf 89' lang='lat' dir='ltr'><strong>ipsa</strong></span> <span class='ocrx_word' id='word_1_50' title='bbox 818 905 865 970; x_wconf 89' lang='lat' dir='ltr'><strong>sui</strong></span> <span class='ocrx_word' id='word_1_51' title='bbox 880 903 1064 993; x_wconf 80' lang='lat' dir='ltr'><strong>perfectione</strong></span> <span class='ocrx_word' id='word_1_52' title='bbox 1078 901 1183 966; x_wconf 77' lang='lat' dir='ltr'><strong>formosa</strong></span> <span class='ocrx_word' id='word_1_53' title='bbox 1193 913 1222 964; x_wconf 83' lang='lat' dir='ltr'><strong>est</strong></span> 
     </span>
     <span class='ocr_line' id='line_1_8' title="bbox 257 1009 1222 1101; baseline -0.003 -25"><span class='ocrx_word' id='word_1_54' title='bbox 257 1023 288 1076; x_wconf 91' lang='lat' dir='ltr'><strong>et</strong></span> <span class='ocrx_word' id='word_1_55' title='bbox 300 1012 458 1099; x_wconf 80' lang='lat' dir='ltr'><strong>speciosa:</strong></span> <span class='ocrx_word' id='word_1_56' title='bbox 475 1024 512 1076; x_wconf 89' lang='lat' dir='ltr'><strong>ut</strong></span> <span class='ocrx_word' id='word_1_57' title='bbox 526 1013 569 1078; x_wconf 91' lang='lat' dir='ltr'><strong>ibi</strong></span> <span class='ocrx_word' id='word_1_58' title='bbox 583 1013 668 1080; x_wconf 88' lang='lat' dir='ltr'><strong>dicat</strong></span> <span class='ocrx_word' id='word_1_59' title='bbox 681 1036 749 1078; x_wconf 86' lang='lat' dir='ltr'><strong>essa</strong></span> <span class='ocrx_word' id='word_1_60' title='bbox 762 1011 870 1079; x_wconf 88' lang='lat' dir='ltr'><strong>oculos</strong></span> <span class='ocrx_word' id='word_1_61' title='bbox 886 1014 954 1101; x_wconf 89' lang='lat' dir='ltr'><strong>ejus</strong></span> <span class='ocrx_word' id='word_1_62' title='bbox 976 1010 1129 1084; x_wconf 80' lang='lat' dir='ltr'><strong>columbe,</strong></span> <span class='ocrx_word' id='word_1_63' title='bbox 1139 1022 1165 1073; x_wconf 88' lang='lat' dir='ltr'><strong>ut</strong></span> <span class='ocrx_word' id='word_1_64' title='bbox 1174 1009 1222 1074; x_wconf 85' lang='lat' dir='ltr'><strong>dno</strong></span> 
     </span>
     <span class='ocr_line' id='line_1_9' title="bbox 259 1116 1221 1210; baseline -0.002 -27"><span class='ocrx_word' id='word_1_65' title='bbox 259 1142 331 1184; x_wconf 91' lang='lat' dir='ltr'><strong>rum</strong></span> <span class='ocrx_word' id='word_1_66' title='bbox 344 1118 510 1187; x_wconf 90' lang='lat' dir='ltr'><strong>oculorum</strong></span> <span class='ocrx_word' id='word_1_67' title='bbox 526 1119 681 1188; x_wconf 84' lang='lat' dir='ltr'><strong>columbae</strong></span> <span class='ocrx_word' id='word_1_68' title='bbox 696 1121 766 1187; x_wconf 86' lang='lat' dir='ltr'><strong>duae</strong></span> <span class='ocrx_word' id='word_1_69' title='bbox 781 1121 995 1210; x_wconf 77' lang='lat' dir='ltr'><strong>intelligantur</strong></span> <span class='ocrx_word' id='word_1_70' title='bbox 1006 1142 1068 1183; x_wconf 87' lang='lat' dir='ltr'><strong>esse</strong></span> <span class='ocrx_word' id='word_1_71' title='bbox 1077 1116 1142 1182; x_wconf 84' lang='lat' dir='ltr'><strong>filius</strong></span> <span class='ocrx_word' id='word_1_72' title='bbox 1153 1117 1221 1182; x_wconf 74' lang='lat' dir='ltr'><strong>aaa</strong></span> 
     </span>
     <span class='ocr_line' id='line_1_10' title="bbox 259 1225 1220 1314; baseline -0.003 -22"><span class='ocrx_word' id='word_1_73' title='bbox 259 1227 393 1314; x_wconf 83' lang='lat' dir='ltr'><strong>Spiritus</strong></span> <span class='ocrx_word' id='word_1_74' title='bbox 402 1240 539 1294; x_wconf 88' lang='lat' dir='ltr'><strong>sanetus.</strong></span> <span class='ocrx_word' id='word_1_75' title='bbox 552 1230 592 1294; x_wconf 87' lang='lat' dir='ltr'><strong>Et</strong></span> <span class='ocrx_word' id='word_1_76' title='bbox 601 1251 640 1294; x_wconf 88' lang='lat' dir='ltr'><strong>ne</strong></span> <span class='ocrx_word' id='word_1_77' title='bbox 649 1229 771 1295; x_wconf 88' lang='lat' dir='ltr'><strong>mireris</strong></span> <span class='ocrx_word' id='word_1_78' title='bbox 779 1230 805 1294; x_wconf 88' lang='lat' dir='ltr'><strong>si</strong></span> <span class='ocrx_word' id='word_1_79' title='bbox 813 1228 962 1296; x_wconf 88' lang='lat' dir='ltr'><strong>columba</strong></span> <span class='ocrx_word' id='word_1_80' title='bbox 972 1225 1060 1292; x_wconf 87' lang='lat' dir='ltr'><strong>simul</strong></span> <span class='ocrx_word' id='word_1_81' title='bbox 1066 1225 1220 1300; x_wconf 64' lang='lat' dir='ltr'><strong>diutinam</strong></span> 
     </span>
     <span class='ocr_line' id='line_1_11' title="bbox 260 1335 1218 1424; baseline -0.002 -24"><span class='ocrx_word' id='word_1_82' title='bbox 260 1348 392 1424; x_wconf 87' lang='lat' dir='ltr'><strong>uterque</strong></span> <span class='ocrx_word' id='word_1_83' title='bbox 402 1336 544 1403; x_wconf 88' lang='lat' dir='ltr'><strong>similiter</strong></span> <span class='ocrx_word' id='word_1_84' title='bbox 564 1338 733 1404; x_wconf 83' lang='lat' dir='ltr'><strong>advocatus</strong></span> <span class='ocrx_word' id='word_1_85' title='bbox 750 1339 892 1415; x_wconf 88' lang='lat' dir='ltr'><strong>dicatur,</strong></span> <span class='ocrx_word' id='word_1_86' title='bbox 908 1339 990 1404; x_wconf 86' lang='lat' dir='ltr'><strong>sicut</strong></span> <span class='ocrx_word' id='word_1_87' title='bbox 1001 1335 1121 1401; x_wconf 77' lang='lat' dir='ltr'><strong>loannes</strong></span> <span class='ocrx_word' id='word_1_88' title='bbox 1133 1355 1218 1421; x_wconf 56' lang='lat' dir='ltr'><strong>carrae</strong></span> 
     </span>
     <span class='ocr_line' id='line_1_12' title="bbox 259 1438 1214 1531; baseline 0.005 -26"><span class='ocrx_word' id='word_1_89' title='bbox 259 1440 329 1507; x_wconf 88' lang='lat' dir='ltr'><strong>liata</strong></span> <span class='ocrx_word' id='word_1_90' title='bbox 339 1441 496 1518; x_wconf 78' lang='lat' dir='ltr'><strong>declarat,</strong></span> <span class='ocrx_word' id='word_1_91' title='bbox 512 1443 666 1531; x_wconf 87' lang='lat' dir='ltr'><strong>Spiritum</strong></span> <span class='ocrx_word' id='word_1_92' title='bbox 678 1444 963 1531; x_wconf 86' lang='lat' dir='ltr'><strong>quidcmaanctum</strong></span> <span class='ocrx_word' id='word_1_93' title='bbox 970 1442 1072 1508; x_wconf 86' lang='lat' dir='ltr'><strong>dicem</strong></span> <span class='ocrx_word' id='word_1_94' title='bbox 1079 1438 1214 1529; x_wconf 74' lang='lat' dir='ltr'><strong>paracletum.</strong></span> 
     </span>
     <span class='ocr_line' id='line_1_13' title="bbox 260 1545 1213 1637; baseline -0.002 -23"><span class='ocrx_word' id='word_1_95' title='bbox 260 1548 347 1637; x_wconf 90' lang='lat' dir='ltr'><strong>quod</strong></span> <span class='ocrx_word' id='word_1_96' title='bbox 358 1561 405 1614; x_wconf 86' lang='lat' dir='ltr'><strong>est</strong></span> <span class='ocrx_word' id='word_1_97' title='bbox 416 1549 617 1616; x_wconf 85' lang='lat' dir='ltr'><strong>advocatus¹.</strong></span> <span class='ocrx_word' id='word_1_98' title='bbox 626 1551 667 1616; x_wconf 86' lang='lat' dir='ltr'><strong>Et</strong></span> <span class='ocrx_word' id='word_1_99' title='bbox 681 1551 721 1616; x_wconf 91' lang='lat' dir='ltr'><strong>de</strong></span> <span class='ocrx_word' id='word_1_100' title='bbox 733 1549 809 1616; x_wconf 81' lang='lat' dir='ltr'><strong>Jesu</strong></span> <span class='ocrx_word' id='word_1_101' title='bbox 822 1551 952 1617; x_wconf 85' lang='lat' dir='ltr'><strong>Christo</strong></span> <span class='ocrx_word' id='word_1_102' title='bbox 962 1545 1213 1633; x_wconf 73' lang='lat' dir='ltr'><strong>nihilominuiaap&#39;s</strong></span> 
     </span>
     <span class='ocr_line' id='line_1_14' title="bbox 261 1656 1209 1748; baseline -0.001 -28"><span class='ocrx_word' id='word_1_103' title='bbox 261 1656 387 1722; x_wconf 86' lang='lat' dir='ltr'><strong>tolasna</strong></span> <span class='ocrx_word' id='word_1_104' title='bbox 401 1657 496 1732; x_wconf 86' lang='lat' dir='ltr'><strong>dicit,</strong></span> <span class='ocrx_word' id='word_1_105' title='bbox 514 1659 586 1745; x_wconf 85' lang='lat' dir='ltr'><strong>quie</strong></span> <span class='ocrx_word' id='word_1_106' title='bbox 600 1659 666 1748; x_wconf 87' lang='lat' dir='ltr'><strong>ipse</strong></span> <span class='ocrx_word' id='word_1_107' title='bbox 679 1659 718 1725; x_wconf 84' lang='lat' dir='ltr'><strong>sit</strong></span> <span class='ocrx_word' id='word_1_108' title='bbox 733 1659 905 1726; x_wconf 86' lang='lat' dir='ltr'><strong>advocatus</strong></span> <span class='ocrx_word' id='word_1_109' title='bbox 920 1659 1006 1747; x_wconf 86' lang='lat' dir='ltr'><strong>apud</strong></span> <span class='ocrx_word' id='word_1_110' title='bbox 1018 1669 1120 1746; x_wconf 87' lang='lat' dir='ltr'><strong>patren</strong></span> <span class='ocrx_word' id='word_1_111' title='bbox 1129 1675 1209 1742; x_wconf 79' lang='lat' dir='ltr'><strong>propat·</strong></span> 
     </span>
     <span class='ocr_line' id='line_1_15' title="bbox 259 1759 1203 1855; baseline -0.008 -24"><span class='ocrx_word' id='word_1_112' title='bbox 259 1764 495 1831; x_wconf 85' lang='lat' dir='ltr'><strong>catisnostris².</strong></span> <span class='ocrx_word' id='word_1_113' title='bbox 513 1765 616 1832; x_wconf 85' lang='lat' dir='ltr'><strong>Sedet</strong></span> <span class='ocrx_word' id='word_1_114' title='bbox 625 1767 708 1855; x_wconf 89' lang='lat' dir='ltr'><strong>apud</strong></span> <span class='ocrx_word' id='word_1_115' title='bbox 719 1765 907 1835; x_wconf 77' lang='lat' dir='ltr'><strong>Zachariam</strong></span> <span class='ocrx_word' id='word_1_116' title='bbox 923 1759 1203 1855; x_wconf 82' lang='lat' dir='ltr'><strong>prophetamlaealire</strong></span> 
     </span>
     <span class='ocr_line' id='line_1_16' title="bbox 260 1868 1195 1964; baseline 0.002 -26"><span class='ocrx_word' id='word_1_117' title='bbox 260 1875 299 1939; x_wconf 90' lang='lat' dir='ltr'><strong>ad</strong></span> <span class='ocrx_word' id='word_1_118' title='bbox 310 1874 470 1940; x_wconf 78' lang='lat' dir='ltr'><strong>dexteram</strong></span> <span class='ocrx_word' id='word_1_119' title='bbox 482 1886 516 1938; x_wconf 90' lang='lat' dir='ltr'><strong>et</strong></span> <span class='ocrx_word' id='word_1_120' title='bbox 527 1876 566 1940; x_wconf 89' lang='lat' dir='ltr'><strong>ad</strong></span> <span class='ocrx_word' id='word_1_121' title='bbox 578 1875 734 1941; x_wconf 83' lang='lat' dir='ltr'><strong>sinistram</strong></span> <span class='ocrx_word' id='word_1_122' title='bbox 745 1874 926 1942; x_wconf 84' lang='lat' dir='ltr'><strong>candelabri</strong></span> <span class='ocrx_word' id='word_1_123' title='bbox 942 1868 1195 1964; x_wconf 58' lang='lat' dir='ltr'><strong>potestante</strong></span> 
     </span>
     <span class='ocr_line' id='line_1_17' title="bbox 260 1979 1161 2072; baseline -0.002 -26"><span class='ocrx_word' id='word_1_124' title='bbox 260 1979 463 2048; x_wconf 84' lang='lat' dir='ltr'><strong>nihilominus</strong></span> <span class='ocrx_word' id='word_1_125' title='bbox 477 1993 510 2048; x_wconf 93' lang='lat' dir='ltr'><strong>et</strong></span> <span class='ocrx_word' id='word_1_126' title='bbox 524 1982 679 2070; x_wconf 87' lang='lat' dir='ltr'><strong>Spiritum</strong></span> <span class='ocrx_word' id='word_1_127' title='bbox 691 1995 836 2050; x_wconf 87' lang='lat' dir='ltr'><strong>sanctum</strong></span> <span class='ocrx_word' id='word_1_128' title='bbox 851 1982 1020 2072; x_wconf 77' lang='lat' dir='ltr'><strong>designare</strong></span> <span class='ocrx_word' id='word_1_129' title='bbox 1035 1981 1161 2048; x_wconf 73' lang='lat' dir='ltr'><strong>credula·</strong></span> 
     </span>
     <span class='ocr_line' id='line_1_18' title="bbox 310 2089 1207 2178; baseline 0.002 -26"><span class='ocrx_word' id='word_1_130' title='bbox 310 2089 421 2155; x_wconf 81' lang='lat' dir='ltr'><strong>«Ecce</strong></span> <span class='ocrx_word' id='word_1_131' title='bbox 436 2112 470 2154; x_wconf 88' lang='lat' dir='ltr'><strong>es</strong></span> <span class='ocrx_word' id='word_1_132' title='bbox 485 2091 585 2154; x_wconf 88' lang='lat' dir='ltr'><strong>bonus</strong></span> <span class='ocrx_word' id='word_1_133' title='bbox 600 2091 757 2156; x_wconf 84' lang='lat' dir='ltr'><strong>fraternus</strong></span> <span class='ocrx_word' id='word_1_134' title='bbox 773 2114 881 2167; x_wconf 90' lang='lat' dir='ltr'><strong>meus,</strong></span> <span class='ocrx_word' id='word_1_135' title='bbox 894 2091 1067 2178; x_wconf 87' lang='lat' dir='ltr'><strong>etquidem</strong></span> <span class='ocrx_word' id='word_1_136' title='bbox 1079 2101 1207 2167; x_wconf 56' lang='lat' dir='ltr'><strong>ecoeaat·</strong></span> 
     </span>
     <span class='ocr_line' id='line_1_19' title="bbox 259 2187 1210 2284; baseline -0.007 -23"><span class='ocrx_word' id='word_1_137' title='bbox 259 2196 404 2278; x_wconf 76' lang='lat' dir='ltr'><strong>scissus,</strong></span> <span class='ocrx_word' id='word_1_138' title='bbox 425 2196 528 2263; x_wconf 86' lang='lat' dir='ltr'><strong>cubile</strong></span> <span class='ocrx_word' id='word_1_139' title='bbox 548 2210 692 2266; x_wconf 90' lang='lat' dir='ltr'><strong>nostrum</strong></span> <span class='ocrx_word' id='word_1_140' title='bbox 710 2198 929 2266; x_wconf 77' lang='lat' dir='ltr'><strong>umbrosum⁴.</strong></span> <span class='ocrx_word' id='word_1_141' title='bbox 952 2228 965 2262; x_wconf 75' lang='grc' dir='ltr'><strong><em>ι</em></strong></span> <span class='ocrx_word' id='word_1_142' title='bbox 987 2187 1210 2284; x_wconf 73' lang='lat' dir='ltr'><strong>Nunepanuna</strong></span> 
     </span>
     <span class='ocr_line' id='line_1_20' title="bbox 259 2305 1217 2396; baseline -0.003 -27"><span class='ocrx_word' id='word_1_143' title='bbox 259 2305 353 2369; x_wconf 86' lang='lat' dir='ltr'><strong>detur</strong></span> <span class='ocrx_word' id='word_1_144' title='bbox 365 2305 513 2372; x_wconf 85' lang='lat' dir='ltr'><strong>attentius</strong></span> <span class='ocrx_word' id='word_1_145' title='bbox 524 2306 695 2396; x_wconf 80' lang='lat' dir='ltr'><strong>inspexisse</strong></span> <span class='ocrx_word' id='word_1_146' title='bbox 706 2306 811 2396; x_wconf 87' lang='lat' dir='ltr'><strong>sponsi</strong></span> <span class='ocrx_word' id='word_1_147' title='bbox 818 2308 866 2372; x_wconf 89' lang='lat' dir='ltr'><strong>sui</strong></span> <span class='ocrx_word' id='word_1_148' title='bbox 879 2305 1129 2395; x_wconf 86' lang='lat' dir='ltr'><strong>pulchritudinem</strong></span> <span class='ocrx_word' id='word_1_149' title='bbox 1136 2317 1217 2386; x_wconf 61' lang='lat' dir='ltr'><strong>pana,</strong></span> 
     </span>
     <span class='ocr_line' id='line_1_21' title="bbox 257 2409 1221 2505; baseline -0.002 -27"><span class='ocrx_word' id='word_1_150' title='bbox 257 2426 292 2478; x_wconf 82' lang='lat' dir='ltr'><strong>ct</strong></span> <span class='ocrx_word' id='word_1_151' title='bbox 319 2414 531 2481; x_wconf 85' lang='lat' dir='ltr'><strong>considerasse</strong></span> <span class='ocrx_word' id='word_1_152' title='bbox 556 2414 616 2482; x_wconf 90' lang='lat' dir='ltr'><strong>illis</strong></span> <span class='ocrx_word' id='word_1_153' title='bbox 642 2415 741 2484; x_wconf 87' lang='lat' dir='ltr'><strong>oculis</strong></span> <span class='ocrx_word' id='word_1_154' title='bbox 760 2417 814 2505; x_wconf 86' lang='lat' dir='ltr'><strong>qui</strong></span> <span class='ocrx_word' id='word_1_155' title='bbox 830 2416 991 2482; x_wconf 78' lang='lat' dir='ltr'><strong>columbae</strong></span> <span class='ocrx_word' id='word_1_156' title='bbox 1017 2437 1079 2480; x_wconf 86' lang='lat' dir='ltr'><strong>esse</strong></span> <span class='ocrx_word' id='word_1_157' title='bbox 1096 2409 1148 2476; x_wconf 82' lang='lat' dir='ltr'><strong>dicti</strong></span> <span class='ocrx_word' id='word_1_158' title='bbox 1163 2413 1221 2472; x_wconf 71' lang='lat' dir='ltr'><strong>suth</strong></span> 
     </span>
     <span class='ocr_line' id='line_1_22' title="bbox 258 2511 1224 2612; baseline 0.001 -25"><span class='ocrx_word' id='word_1_159' title='bbox 258 2522 355 2600; x_wconf 80' lang='lat' dir='ltr'><strong>decus</strong></span> <span class='ocrx_word' id='word_1_160' title='bbox 373 2536 406 2587; x_wconf 90' lang='lat' dir='ltr'><strong>et</strong></span> <span class='ocrx_word' id='word_1_161' title='bbox 424 2525 561 2612; x_wconf 87' lang='lat' dir='ltr'><strong>speciem</strong></span> <span class='ocrx_word' id='word_1_162' title='bbox 581 2526 667 2592; x_wconf 84' lang='lat' dir='ltr'><strong>verbi</strong></span> <span class='ocrx_word' id='word_1_163' title='bbox 683 2526 752 2593; x_wconf 91' lang='lat' dir='ltr'><strong>Dei.</strong></span> <span class='ocrx_word' id='word_1_164' title='bbox 775 2526 858 2607; x_wconf 85' lang='lat' dir='ltr'><strong>Quia</strong></span> <span class='ocrx_word' id='word_1_165' title='bbox 875 2548 987 2592; x_wconf 86' lang='lat' dir='ltr'><strong>revera</strong></span> <span class='ocrx_word' id='word_1_166' title='bbox 1005 2546 1063 2590; x_wconf 93' lang='lat' dir='ltr'><strong>non</strong></span> <span class='ocrx_word' id='word_1_167' title='bbox 1076 2527 1154 2609; x_wconf 72' lang='lat' dir='ltr'><strong>potest</strong></span> <span class='ocrx_word' id='word_1_168' title='bbox 1170 2511 1224 2600; x_wconf 62' lang='lat' dir='ltr'><strong>Pfl&#39;tt</strong></span> 
     </span>
     <span class='ocr_line' id='line_1_23' title="bbox 258 2617 1223 2722; baseline -0.002 -27"><span class='ocrx_word' id='word_1_169' title='bbox 258 2631 413 2719; x_wconf 87' lang='lat' dir='ltr'><strong>perspici,</strong></span> <span class='ocrx_word' id='word_1_170' title='bbox 437 2655 499 2698; x_wconf 90' lang='lat' dir='ltr'><strong>nec</strong></span> <span class='ocrx_word' id='word_1_171' title='bbox 522 2635 647 2722; x_wconf 74' lang='lat' dir='ltr'><strong>agnosci</strong></span> <span class='ocrx_word' id='word_1_172' title='bbox 670 2645 785 2720; x_wconf 88' lang='lat' dir='ltr'><strong>quanta</strong></span> <span class='ocrx_word' id='word_1_173' title='bbox 809 2633 848 2699; x_wconf 89' lang='lat' dir='ltr'><strong>sit</strong></span> <span class='ocrx_word' id='word_1_174' title='bbox 870 2634 903 2699; x_wconf 94' lang='lat' dir='ltr'><strong>in</strong></span> <span class='ocrx_word' id='word_1_175' title='bbox 926 2634 1024 2699; x_wconf 87' lang='lat' dir='ltr'><strong>verbo</strong></span> <span class='ocrx_word' id='word_1_176' title='bbox 1041 2617 1223 2716; x_wconf 62' lang='lat' dir='ltr'><strong>magnffittnffla</strong></span> 
     </span>
     <span class='ocr_line' id='line_1_24' title="bbox 260 2722 1226 2828; baseline -0.005 -25"><span class='ocrx_word' id='word_1_177' title='bbox 260 2739 316 2803; x_wconf 87' lang='lat' dir='ltr'><strong>nisi</strong></span> <span class='ocrx_word' id='word_1_178' title='bbox 327 2739 414 2827; x_wconf 91' lang='lat' dir='ltr'><strong>prius</strong></span> <span class='ocrx_word' id='word_1_179' title='bbox 426 2737 533 2806; x_wconf 86' lang='lat' dir='ltr'><strong>oculos</strong></span> <span class='ocrx_word' id='word_1_180' title='bbox 549 2742 637 2828; x_wconf 87' lang='lat' dir='ltr'><strong>quasi</strong></span> <span class='ocrx_word' id='word_1_181' title='bbox 649 2741 823 2816; x_wconf 81' lang='lat' dir='ltr'><strong>columhae,</strong></span> <span class='ocrx_word' id='word_1_182' title='bbox 840 2741 873 2807; x_wconf 90' lang='lat' dir='ltr'><strong>id</strong></span> <span class='ocrx_word' id='word_1_183' title='bbox 887 2753 960 2816; x_wconf 87' lang='lat' dir='ltr'><strong>est,</strong></span> <span class='ocrx_word' id='word_1_184' title='bbox 978 2722 1226 2825; x_wconf 72' lang='lat' dir='ltr'><strong>intelligantsua&#39;r</strong></span> 
     </span>
     <span class='ocr_line' id='line_1_25' title="bbox 257 2829 1269 2940; baseline -0.013 -30"><span class='ocrx_word' id='word_1_185' title='bbox 257 2845 379 2912; x_wconf 89' lang='lat' dir='ltr'><strong>ritalcm</strong></span> <span class='ocrx_word' id='word_1_186' title='bbox 401 2849 543 2936; x_wconf 87' lang='lat' dir='ltr'><strong>accipiat.</strong></span> <span class='ocrx_word' id='word_1_187' title='bbox 567 2849 744 2916; x_wconf 87' lang='lat' dir='ltr'><strong>Commune</strong></span> <span class='ocrx_word' id='word_1_188' title='bbox 766 2861 874 2915; x_wconf 85' lang='lat' dir='ltr'><strong>antem</strong></span> <span class='ocrx_word' id='word_1_189' title='bbox 895 2847 1004 2915; x_wconf 91' lang='lat' dir='ltr'><strong>cubile</strong></span> <span class='ocrx_word' id='word_1_190' title='bbox 1025 2845 1079 2911; x_wconf 87' lang='lat' dir='ltr'><strong>sibi</strong></span> <span class='ocrx_word' id='word_1_191' title='bbox 1097 2837 1163 2929; x_wconf 91' lang='lat' dir='ltr'><strong>qnod</strong></span> <span class='ocrx_word' id='word_1_192' title='bbox 1178 2829 1227 2897; x_wconf 79' lang='lat' dir='ltr'><strong>dicit</strong></span> <span class='ocrx_word' id='word_1_193' title='bbox 1268 2929 1269 2940; x_wconf 15' lang='lat'>2</span> 
     </span>
     <span class='ocr_line' id='line_1_26' title="bbox 256 2943 1269 3046; baseline -0.016 -26"><span class='ocrx_word' id='word_1_194' title='bbox 256 2979 323 3020; x_wconf 89' lang='lat' dir='ltr'><strong>esse</strong></span> <span class='ocrx_word' id='word_1_195' title='bbox 337 2977 411 3022; x_wconf 89' lang='lat' dir='ltr'><strong>cum</strong></span> <span class='ocrx_word' id='word_1_196' title='bbox 426 2980 541 3046; x_wconf 88' lang='lat' dir='ltr'><strong>sponso</strong></span> <span class='ocrx_word' id='word_1_197' title='bbox 553 3008 561 3033; x_wconf 90' lang='lat'><strong>,</strong></span> <span class='ocrx_word' id='word_1_198' title='bbox 574 2981 688 3046; x_wconf 92' lang='lat' dir='ltr'><strong>corpus</strong></span> <span class='ocrx_word' id='word_1_199' title='bbox 705 2957 766 3024; x_wconf 90' lang='lat' dir='ltr'><strong>hoc</strong></span> <span class='ocrx_word' id='word_1_200' title='bbox 780 2957 859 3023; x_wconf 91' lang='lat' dir='ltr'><strong>mihi</strong></span> <span class='ocrx_word' id='word_1_201' title='bbox 870 2957 997 3036; x_wconf 82' lang='lat' dir='ltr'><strong>ridetur</strong></span> <span class='ocrx_word' id='word_1_202' title='bbox 1010 2943 1226 3019; x_wconf 66' lang='lat' dir='ltr'><strong>indicarimus,</strong></span> <span class='ocrx_word' id='word_1_203' title='bbox 1268 2963 1269 2970; x_wconf 51' lang='lat'>¹</span> 
     </span>
     <span class='ocr_line' id='line_1_27' title="bbox 256 3051 1226 3155; baseline -0.003 -28"><span class='ocrx_word' id='word_1_204' title='bbox 256 3063 288 3128; x_wconf 91' lang='lat' dir='ltr'><strong>in</strong></span> <span class='ocrx_word' id='word_1_205' title='bbox 303 3087 366 3150; x_wconf 91' lang='lat' dir='ltr'><strong>quo</strong></span> <span class='ocrx_word' id='word_1_206' title='bbox 382 3063 487 3130; x_wconf 88' lang='lat' dir='ltr'><strong>adhuc</strong></span> <span class='ocrx_word' id='word_1_207' title='bbox 501 3067 601 3153; x_wconf 90' lang='lat' dir='ltr'><strong>posita</strong></span> <span class='ocrx_word' id='word_1_208' title='bbox 617 3067 711 3155; x_wconf 83' lang='lat' dir='ltr'><strong>digna</strong></span> <span class='ocrx_word' id='word_1_209' title='bbox 727 3065 834 3132; x_wconf 88' lang='lat' dir='ltr'><strong>habita</strong></span> <span class='ocrx_word' id='word_1_210' title='bbox 852 3065 891 3130; x_wconf 89' lang='lat' dir='ltr'><strong>sit</strong></span> <span class='ocrx_word' id='word_1_211' title='bbox 907 3064 1016 3130; x_wconf 86' lang='lat' dir='ltr'><strong>ascisci</strong></span> <span class='ocrx_word' id='word_1_212' title='bbox 1031 3061 1066 3126; x_wconf 90' lang='lat' dir='ltr'><strong>ad</strong></span> <span class='ocrx_word' id='word_1_213' title='bbox 1083 3051 1226 3124; x_wconf 69' lang='lat' dir='ltr'><strong>consortium</strong></span> 
     </span>
     <span class='ocr_line' id='line_1_28' title="bbox 258 3158 1226 3262; baseline -0.003 -27"><span class='ocrx_word' id='word_1_214' title='bbox 258 3172 344 3236; x_wconf 83' lang='lat' dir='ltr'><strong>verbi</strong></span> <span class='ocrx_word' id='word_1_215' title='bbox 355 3173 423 3238; x_wconf 88' lang='lat' dir='ltr'><strong>Dei.</strong></span> <span class='ocrx_word' id='word_1_216' title='bbox 440 3174 537 3262; x_wconf 91' lang='lat' dir='ltr'><strong>ldque</strong></span> <span class='ocrx_word' id='word_1_217' title='bbox 551 3177 750 3251; x_wconf 90' lang='lat' dir='ltr'><strong>umbrosum,</strong></span> <span class='ocrx_word' id='word_1_218' title='bbox 765 3186 884 3262; x_wconf 85' lang='lat' dir='ltr'><strong>utpote</strong></span> <span class='ocrx_word' id='word_1_219' title='bbox 899 3195 966 3240; x_wconf 92' lang='lat' dir='ltr'><strong>non</strong></span> <span class='ocrx_word' id='word_1_220' title='bbox 982 3171 1110 3240; x_wconf 85' lang='lat' dir='ltr'><strong>aridam.</strong></span> <span class='ocrx_word' id='word_1_221' title='bbox 1123 3158 1186 3227; x_wconf 81' lang='lat' dir='ltr'><strong>sedi</strong></span> <span class='ocrx_word' id='word_1_222' title='bbox 1220 3189 1226 3198; x_wconf 92' lang='lat'><em>·</em></span> 
     </span>
    </p>
   </div>
   <div class='ocr_carea' id='block_1_3' title="bbox 171 3271 1230 3801">
    <p class='ocr_par' dir='ltr' id='par_1_3' title="bbox 171 3271 1230 3801">
     <span class='ocr_line' id='line_1_29' title="bbox 259 3271 1227 3372; baseline -0.009 -28"><span class='ocrx_word' id='word_1_223' title='bbox 259 3291 383 3344; x_wconf 90' lang='lat' dir='ltr'><strong>tucsum</strong></span> <span class='ocrx_word' id='word_1_224' title='bbox 400 3294 574 3357; x_wconf 89' lang='lat' dir='ltr'><strong>memorat,</strong></span> <span class='ocrx_word' id='word_1_225' title='bbox 587 3295 619 3346; x_wconf 92' lang='lat' dir='ltr'><strong>et</strong></span> <span class='ocrx_word' id='word_1_226' title='bbox 635 3295 784 3372; x_wconf 87' lang='lat' dir='ltr'><strong>tanquam</strong></span> <span class='ocrx_word' id='word_1_227' title='bbox 800 3282 954 3347; x_wconf 83' lang='lat' dir='ltr'><strong>densitate</strong></span> <span class='ocrx_word' id='word_1_228' title='bbox 971 3271 1144 3362; x_wconf 83' lang='lat' dir='ltr'><strong>boniopcria</strong></span> <span class='ocrx_word' id='word_1_229' title='bbox 1157 3281 1227 3330; x_wconf 82' lang='lat' dir='ltr'><strong>nem</strong></span> 
     </span>
     <span class='ocr_line' id='line_1_30' title="bbox 258 3387 1230 3479; baseline -0.009 -27"><span class='ocrx_word' id='word_1_230' title='bbox 258 3411 374 3454; x_wconf 91' lang='lat' dir='ltr'><strong>rosum.</strong></span> <span class='ocrx_word' id='word_1_231' title='bbox 403 3389 465 3454; x_wconf 80' lang='lat' dir='ltr'><strong>Scal</strong></span> <span class='ocrx_word' id='word_1_232' title='bbox 487 3389 556 3456; x_wconf 81' lang='lat' dir='ltr'><strong>hacc</strong></span> <span class='ocrx_word' id='word_1_233' title='bbox 582 3407 693 3479; x_wconf 83' lang='lat' dir='ltr'><strong>sponsa</strong></span> <span class='ocrx_word' id='word_1_234' title='bbox 718 3391 820 3465; x_wconf 88' lang='lat' dir='ltr'><strong>dicit,</strong></span> <span class='ocrx_word' id='word_1_235' title='bbox 841 3389 946 3455; x_wconf 88' lang='lat' dir='ltr'><strong>anima</strong></span> <span class='ocrx_word' id='word_1_236' title='bbox 971 3387 1108 3452; x_wconf 82' lang='lat' dir='ltr'><strong>duntaxat</strong></span> <span class='ocrx_word' id='word_1_237' title='bbox 1130 3397 1184 3463; x_wconf 65' lang='lat' dir='ltr'><strong>qua</strong></span> <span class='ocrx_word' id='word_1_238' title='bbox 1197 3389 1230 3432; x_wconf 65' lang='lat' dir='ltr'><strong>tt</strong></span> 
     </span>
     <span class='ocr_line' id='line_1_31' title="bbox 171 3478 1229 3590; baseline -0.023 -26"><span class='ocrx_word' id='word_1_239' title='bbox 171 3579 174 3586; x_wconf 25' lang='grc' dir='ltr'>Ι</span> <span class='ocrx_word' id='word_1_240' title='bbox 260 3493 375 3561; x_wconf 84' lang='lat' dir='ltr'><strong>lumhae</strong></span> <span class='ocrx_word' id='word_1_241' title='bbox 390 3497 455 3583; x_wconf 90' lang='lat' dir='ltr'><strong>jam</strong></span> <span class='ocrx_word' id='word_1_242' title='bbox 470 3497 579 3564; x_wconf 90' lang='lat' dir='ltr'><strong>oculos</strong></span> <span class='ocrx_word' id='word_1_243' title='bbox 593 3499 698 3566; x_wconf 88' lang='lat' dir='ltr'><strong>habet.</strong></span> <span class='ocrx_word' id='word_1_244' title='bbox 714 3499 752 3564; x_wconf 92' lang='lat' dir='ltr'><strong>lli</strong></span> <span class='ocrx_word' id='word_1_245' title='bbox 768 3521 842 3563; x_wconf 86' lang='lat' dir='ltr'><strong>vero</strong></span> <span class='ocrx_word' id='word_1_246' title='bbox 853 3497 906 3584; x_wconf 88' lang='lat' dir='ltr'><strong>qui</strong></span> <span class='ocrx_word' id='word_1_247' title='bbox 919 3488 1125 3560; x_wconf 85' lang='lat' dir='ltr'><strong>tantummodo</strong></span> <span class='ocrx_word' id='word_1_248' title='bbox 1135 3478 1229 3590; x_wconf 74' lang='lat' dir='ltr'><strong>credunt</strong></span> 
     </span>
     <span class='ocr_line' id='line_1_32' title="bbox 259 3585 1227 3696; baseline -0.019 -26"><span class='ocrx_word' id='word_1_249' title='bbox 259 3628 392 3692; x_wconf 86' lang='lat' dir='ltr'><strong>sponso,</strong></span> <span class='ocrx_word' id='word_1_250' title='bbox 418 3627 483 3670; x_wconf 94' lang='lat' dir='ltr'><strong>non</strong></span> <span class='ocrx_word' id='word_1_251' title='bbox 512 3618 618 3672; x_wconf 89' lang='lat' dir='ltr'><strong>tamen</strong></span> <span class='ocrx_word' id='word_1_252' title='bbox 648 3607 824 3696; x_wconf 87' lang='lat' dir='ltr'><strong>perspicere</strong></span> <span class='ocrx_word' id='word_1_253' title='bbox 854 3615 1023 3692; x_wconf 87' lang='lat' dir='ltr'><strong>potuerant</strong></span> <span class='ocrx_word' id='word_1_254' title='bbox 1052 3601 1079 3662; x_wconf 94' lang='lat' dir='ltr'><strong>in</strong></span> <span class='ocrx_word' id='word_1_255' title='bbox 1101 3591 1179 3658; x_wconf 84' lang='lat' dir='ltr'><strong>aerbo</strong></span> <span class='ocrx_word' id='word_1_256' title='bbox 1196 3585 1227 3647; x_wconf 79' lang='lat' dir='ltr'><strong>aa</strong></span> 
     </span>
     <span class='ocr_line' id='line_1_33' title="bbox 261 3709 1227 3801; baseline -0.012 -23"><span class='ocrx_word' id='word_1_257' title='bbox 261 3725 376 3797; x_wconf 87' lang='lat' dir='ltr'><strong>quanta</strong></span> <span class='ocrx_word' id='word_1_258' title='bbox 394 3714 432 3777; x_wconf 84' lang='lat' dir='ltr'><strong>sit</strong></span> <span class='ocrx_word' id='word_1_259' title='bbox 447 3713 665 3801; x_wconf 88' lang='lat' dir='ltr'><strong>pulchritudo,</strong></span> <span class='ocrx_word' id='word_1_260' title='bbox 683 3715 791 3780; x_wconf 87' lang='lat' dir='ltr'><strong>dicunt</strong></span> <span class='ocrx_word' id='word_1_261' title='bbox 809 3739 843 3777; x_wconf 84' lang='lat' dir='ltr'><strong>:a</strong></span> <span class='ocrx_word' id='word_1_262' title='bbox 859 3713 896 3777; x_wconf 89' lang='lat' dir='ltr'><strong>Et</strong></span> <span class='ocrx_word' id='word_1_263' title='bbox 913 3711 1041 3776; x_wconf 87' lang='lat' dir='ltr'><strong>vidimus</strong></span> <span class='ocrx_word' id='word_1_264' title='bbox 1054 3727 1119 3770; x_wconf 84' lang='lat' dir='ltr'><strong>euur</strong></span> <span class='ocrx_word' id='word_1_265' title='bbox 1130 3751 1137 3774; x_wconf 91' lang='lat'>‚</span> <span class='ocrx_word' id='word_1_266' title='bbox 1150 3709 1175 3762; x_wconf 83' lang='lat' dir='ltr'><strong>ct</strong></span> <span class='ocrx_word' id='word_1_267' title='bbox 1188 3711 1227 3757; x_wconf 79' lang='lat' dir='ltr'><strong>11⁰ss</strong></span> 
     </span>
    </p>
   </div>
   <div class='ocr_carea' id='block_1_4' title="bbox 295 3858 1096 3917">
    <p class='ocr_par' dir='ltr' id='par_1_4' title="bbox 295 3858 1096 3917">
     <span class='ocr_line' id='line_1_34' title="bbox 295 3858 1096 3917; baseline -0.007 -7"><span class='ocrx_word' id='word_1_268' title='bbox 295 3859 302 3892; x_wconf 83' lang='lat'>¹</span> <span class='ocrx_word' id='word_1_269' title='bbox 316 3864 388 3914; x_wconf 84' lang='lat' dir='ltr'><strong>Jcan.</strong></span> <span class='ocrx_word' id='word_1_270' title='bbox 399 3882 452 3914; x_wconf 83' lang='lat' dir='ltr'><strong>xrr.</strong></span> <span class='ocrx_word' id='word_1_271' title='bbox 466 3892 486 3900; x_wconf 90' lang='lat'><em>-</em></span> <span class='ocrx_word' id='word_1_272' title='bbox 507 3861 517 3894; x_wconf 89' lang='lat'><strong>²</strong></span> <span class='ocrx_word' id='word_1_273' title='bbox 530 3883 538 3912; x_wconf 87' lang='lat' dir='ltr'><strong>r</strong></span> <span class='ocrx_word' id='word_1_274' title='bbox 557 3869 626 3917; x_wconf 86' lang='lat' dir='ltr'><strong>Joan.</strong></span> <span class='ocrx_word' id='word_1_275' title='bbox 639 3885 665 3917; x_wconf 85' lang='lat' dir='ltr'><strong>ra.</strong></span> <span class='ocrx_word' id='word_1_276' title='bbox 679 3895 711 3903; x_wconf 87' lang='lat'><em>-</em></span> <span class='ocrx_word' id='word_1_277' title='bbox 724 3866 732 3898; x_wconf 78' lang='lat'><strong>³</strong></span> <span class='ocrx_word' id='word_1_278' title='bbox 747 3867 817 3914; x_wconf 76' lang='lat' dir='ltr'><strong>Zacb.</strong></span> <span class='ocrx_word' id='word_1_279' title='bbox 829 3881 862 3916; x_wconf 84' lang='lat' dir='ltr'><strong>ra.</strong></span> <span class='ocrx_word' id='word_1_280' title='bbox 874 3891 907 3900; x_wconf 91' lang='lat'><em>-</em></span> <span class='ocrx_word' id='word_1_281' title='bbox 920 3859 928 3892; x_wconf 73' lang='lat'><strong><em>⁶</em></strong></span> <span class='ocrx_word' id='word_1_282' title='bbox 941 3863 1010 3912; x_wconf 67' lang='lat' dir='ltr'><strong>(lant.</strong></span> <span class='ocrx_word' id='word_1_283' title='bbox 1022 3878 1043 3909; x_wconf 86' lang='lat' dir='ltr'><strong>r.</strong></span> <span class='ocrx_word' id='word_1_284' title='bbox 1062 3858 1096 3905; x_wconf 83' lang='lat' dir='ltr'><strong>ati.</strong></span> 
     </span>
    </p>
   </div>
   <div class='ocr_carea' id='block_1_5' title="bbox 0 0 1329 4612">
    <p class='ocr_par' dir='ltr' id='par_1_5' title="bbox 0 0 1329 4612">
     <span class='ocr_line' id='line_1_35' title="bbox 0 0 1329 4612; baseline 0 0"><span class='ocrx_word' id='word_1_285' title='bbox 0 0 1329 4612; x_wconf 95' lang='lat' dir='ltr'><strong> </strong></span> 
     </span>
    </p>
   </div>
  </div>
 </body>
</html>
