2644 4612
116 363 122 372 ι
184 277 249 343 506
635 295 777 340 cassurus

178 435 236 512 put
250 423 319 510 ejus
335 431 550 495 sustentetur,
567 431 600 484 et
614 431 652 484 ut
666 431 732 484 tota
748 417 998 507 complectatur,
1015 443 1056 484 ne
1073 415 1160 484 forte
1176 429 1233 484 aut

179 532 211 596 in
227 530 291 596 lide
305 530 440 605 titubet,
457 539 511 595 aut
526 551 643 616 corpus
657 528 728 615 ejus
751 527 964 592 tentationum
983 527 1130 615 pondere
1146 551 1233 614 prse-

180 651 339 728 gravetur.
358 641 398 704 Et
417 637 489 702 ideo
507 636 630 702 videtur
646 634 726 700 mihi
741 635 854 723 hyems
870 635 965 701 luisse
980 634 1059 700 illud
1078 648 1232 722 tempus,

181 769 257 812 cum
269 758 365 834 caput
375 767 481 821 snum,
491 743 565 809 fidei
575 742 696 809 scilicet
706 744 936 820 summitatem,
949 741 1025 808 laeva
1035 743 1148 832 sponsi
1159 765 1235 808 con·

179 853 272 919 tincri
296 854 470 941 poscebat,
500 863 533 915 et
558 851 687 916 dextera
708 851 779 941 ejus
804 873 900 916 omno
923 873 1040 940 corpus
1063 847 1231 938 amplecti.

181 962 275 1028 Nunc
290 972 394 1026 autem
414 960 472 1024 istu
485 959 582 1034 visio,
602 981 673 1045 quas
688 958 729 1023 ds
744 957 906 1024 montibus
923 969 1075 1046 apparet,
1089 971 1125 1022 et
1142 956 1234 1022 colli-

182 1071 260 1143 bus,
284 1068 457 1156 gratiarum
475 1077 554 1154 puto
569 1065 757 1154 spiritalium
780 1063 981 1140 altitudines,
1004 1064 1232 1154 potentiusque

182 1177 334 1264 designat.
352 1175 461 1241 Sedet
475 1197 532 1262 per
546 1172 699 1238 fenestras
719 1173 806 1260 quod
817 1172 998 1261 prospicere
1010 1172 1149 1248 dicitur,
1167 1195 1233 1238 scn-

182 1285 269 1348 sibus
286 1282 364 1348 mihi
381 1281 489 1346 lumen
505 1281 630 1346 ridetur
644 1281 797 1368 praehere.
816 1282 856 1345 Et
871 1279 949 1345 retia
965 1303 1037 1367 quse
1054 1279 1229 1369 dirumpit,

181 1403 213 1454 et
224 1391 379 1464 conterit,
397 1387 525 1476 laqueos
542 1387 674 1453 indicari
694 1387 869 1454 diabolicos
884 1399 982 1475 puto,
1000 1400 1118 1476 utpote
1129 1401 1228 1454 tenta-

181 1498 304 1563 tionum
318 1509 462 1584 tempore
473 1507 637 1582 tamquam
649 1496 765 1583 hyeme
776 1497 842 1583 jana
853 1507 992 1583 peracta.
1007 1495 1225 1562 Ostenduntur

181 1606 276 1672 etiam
289 1606 375 1693 signa
390 1605 489 1678 veris,
505 1616 538 1668 et
553 1605 688 1679 estatis,
704 1603 786 1669 sicut
806 1603 838 1668 in
857 1601 989 1669 Psalmis
1011 1603 1139 1670 dictum
1157 1617 1217 1669 est:

190 1713 369 1791 lestatem
385 1724 417 1777 et
432 1733 504 1790 uer,
525 1723 560 1774 tu
583 1711 684 1775 fecisti
703 1733 740 1776 ca
755 1711 805 1774 ’.ι
832 1709 910 1775 lude
932 1710 1076 1797 denique
1091 1725 1123 1776 et
1137 1711 1221 1776 llorcs

180 1823 380 1913 perlectuum
403 1819 535 1909 protulit
556 1819 721 1896 Ecclesia,
746 1820 975 1885 tentationibus
995 1823 1166 1909 superatis,
1187 1833 1216 1885 et

180 1929 352 2018 putationis
372 1927 603 2014 disponsatione
626 1938 803 2003 transacta,
820 1926 903 1991 sicut
925 1926 958 1990 in
978 1927 1049 1991 suis
1062 1925 1205 1992 luciacum

182 2037 222 2102 ad
236 2037 305 2100 lraee
320 2034 502 2099 disserenda
518 2046 648 2099 ventum
661 2033 757 2099 luerit
772 2033 966 2099 ostendetur.
992 2036 1100 2100 «Ecce
1110 2036 1204 2100 hiere·

182 2142 250 2206 »nit
265 2140 377 2206 saliens
391 2165 487 2230 super
505 2154 650 2218 montes,
666 2141 844 2207 transiliens
864 2163 959 2230 super
974 2141 1136 2208 colles⁸.a
1152 2143 1212 2207 llis·

181 2250 319 2314 toricum
342 2249 486 2314 ordinem
501 2251 566 2336 jaus
585 2248 745 2337 prosecuti
768 2271 888 2314 sumus.
917 2249 1010 2316 Nunc
1028 2263 1135 2316 autem
1150 2273 1216 2338 quo

181 2357 277 2421 modo
289 2358 433 2422 Christus
444 2407 458 2444 ,,
471 2357 509 2423 ad
522 2356 697 2424 Ecclesiam
711 2357 853 2433 veniens,
869 2356 959 2423 saliat
971 2381 1071 2446 super
1081 2371 1217 2433 montes,

180 2476 212 2540 et
227 2464 332 2532 exiliat
346 2489 441 2553 super
456 2462 571 2540 colles,
593 2465 765 2530 videndum
787 2476 845 2529 est.
864 2464 1002 2530 Exilieus
1024 2468 1115 2532 enim
1131 2468 1220 2554 magis

180 2593 276 2656 quum
289 2569 465 2636 transiliens
481 2569 635 2658 propositi
650 2569 804 2636 sermonis
820 2570 996 2657 proprietas
1010 2570 1125 2637 habet.
1141 2572 1223 2637 lsaac

180 2679 266 2742 enim
279 2677 443 2743 ambulans
455 2689 487 2742 et
499 2678 703 2766 progrediens
715 2676 941 2765 majorliebat,
955 2701 1125 2766 usquequo
1136 2678 1224 2744 lieret

181 2808 314 2886 mugnus
326 2784 426 2851 valde.
444 2784 558 2851 Paulus
573 2798 681 2851 autem
698 2808 762 2850 non
776 2787 843 2873 jam
859 2784 1054 2851 ambulando
1068 2787 1224 2876 prefecit,

181 2893 238 2970 sed
256 2895 433 2969 currendo.
449 2916 525 2959 cum
544 2893 643 2958 dicit:
667 2893 798 2958 Cursum
820 2893 1053 2959 consummaui³.
1081 2894 1229 2960 Salvator

182 3016 287 3070 autem
304 3017 410 3069 noster
426 3018 457 3070 et
474 3003 622 3071 Ecclesiae
638 3027 790 3093 sponsus,
807 3029 910 3091 neque
923 3002 1105 3081 ambulare,
1123 3029 1227 3093 neque

181 3133 328 3190 currere,
354 3114 409 3178 sed
431 3136 526 3202 super
546 3112 615 3178 hacc
636 3112 727 3178 salire
744 3112 879 3187 dicitur,
899 3124 932 3177 et
950 3111 1068 3178 exilire.
1088 3115 1124 3179 Si
1141 3116 1227 3180 enim

182 3220 381 3296 consideres,
398 3221 560 3308 quomodo
576 3221 663 3309 parvi
680 3221 831 3310 temporis
843 3222 944 3308 spatio
955 3234 1150 3308 occupatum
1168 3221 1228 3286 lal-
1311 3289 1312 3320 ,

182 3325 223 3390 sis
246 3326 522 3412 superstitionibus
543 3325 699 3391 mundum
722 3349 826 3392 sermo
847 3326 906 3392 Dei
927 3327 1107 3415 percurrit,
1132 3327 1226 3392 etad
1311 3339 1312 3410 ξ

184 3433 376 3520 agnitionem
392 3455 473 3497 verae
495 3431 568 3497 fidei
591 3433 768 3506 revocarit,
784 3432 939 3521 intelliges
956 3435 1119 3522 quomodo
1135 3433 1228 3500 saliat

183 3563 278 3628 super
292 3551 434 3614 montes,
451 3561 564 3626 magna
581 3537 726 3606 videlicet
746 3561 879 3626 quaeque
899 3562 996 3628 regna
1012 3540 1145 3606 saltibus
1159 3543 1227 3606 suis

181 3671 352 3736 superans,
371 3658 403 3712 et
421 3648 460 3714 ad
477 3647 689 3736 recipiendam
704 3646 918 3734 coguitionem
934 3647 1047 3712 divinae
1063 3648 1226 3738 religionis

182 3755 335 3822 *antinus
350 3780 358 3821 τ
375 3769 408 3822 et
422 3753 528 3820 exiliat
542 3777 638 3842 super
652 3752 766 3830 colles,
779 3777 855 3819 cum
870 3752 967 3820 ctiam
984 3757 1106 3822 minora
1126 3781 1226 3846 regna

218 3907 421 3970 ιΙίιιΙιιι,ικιιν,
437 3925 476 3968 ¹7·
503 3901 708 3966 Ψ’(’,,·ιιιῐ.ιι,8.
732 3935 745 3941 -
767 3902 960 3972 Ιι’1“ίιιι.ιιι,7,
