2604 4614
201 250 268 330 564
643 271 785 316 caminis

199 394 257 480 qui
273 393 447 461 nesciunte
462 389 564 458 littera
571 392 792 460 conscendere
806 391 846 458 ad
857 393 1013 481 spiritum..
1027 391 1244 482 apertissime

201 485 310 572 eutem
325 502 357 566 in
373 501 434 566 hoc
450 501 518 590 ipso
538 498 644 566 libello
663 501 717 588 qni
733 503 869 568 habetur
883 501 916 566 in
932 501 1106 575 manibus,
1126 503 1242 568 amoris

202 631 321 678 nomeu
334 607 492 676 charitatis
510 606 661 674 vocabulo
673 621 887 697 permutatum
895 620 960 683 est,
972 609 1005 674 in
1015 631 1058 674 eo
1073 609 1135 672 ubi
1147 608 1241 673 dixit:

212 717 387 805 «Adjuravi
410 740 463 783 vos
480 715 551 786 filie
569 715 785 793 Hierusalem,
803 718 829 782 si
850 718 1035 782 inveneritis
1056 715 1241 784 fratruelem

204 849 333 892 »meum
348 875 356 901 ,
374 837 408 890 ut
424 825 621 893 annuncmtis
643 827 690 902 ei,
712 827 785 914 quia
801 823 972 892 vulnerate
993 824 1174 892 charitatis
1192 847 1243 914 ego
1293 811 1294 824 ¹

205 955 294 1001 »asum
308 933 337 998 ¹:
351 958 431 1023 »pru
445 957 484 1001 eo
500 935 608 1023 utique
624 946 658 999 ut
673 935 792 1002 diceret
806 957 814 999 ε
826 961 838 995 ι
850 933 979 1000 Amoris
994 935 1072 1021 ejus
1089 934 1159 998 telo
1174 955 1242 1021 per-
1293 975 1294 978 =

205 1060 404 1104 ,cuasarum
420 1037 524 1106 »Nihil
532 1063 608 1128 ergo
619 1041 749 1106 interest
761 1039 795 1104 iu
806 1038 1112 1128 Scripturisdiriuis
1123 1050 1241 1114 ,uuum

204 1141 338 1234 charitas
354 1143 490 1219 dicatur,
500 1167 540 1215 an
549 1167 649 1219 amor,
662 1143 711 1210 vel
726 1142 871 1210 dilectio:
886 1144 947 1210 nisi
963 1144 1056 1231 quod
1071 1143 1107 1208 in
1122 1155 1238 1208 tautum

202 1273 320 1318 nomen
334 1250 494 1322 charitatis
510 1249 680 1327 antomon,
694 1263 729 1316 ut
742 1251 838 1318 etiem
852 1253 919 1340 ipse
932 1251 1026 1316 Deus
1042 1249 1185 1318 charius
1195 1276 1239 1340 ap

202 1359 349 1446 pelletur,
367 1361 447 1428 sicut
457 1361 594 1429 Joannes
607 1360 700 1426 dixit:
713 1360 892 1429 ‹Carissimi
904 1359 1084 1450 diligamus
1095 1360 1236 1432 invicem,

204 1469 296 1557 »quia
314 1469 448 1537 charitas
464 1492 502 1534 cx
518 1469 585 1534 Deo
597 1481 662 1544 est,
678 1481 710 1534 et
726 1469 827 1537 omnis
842 1469 894 1558 qui
911 1467 1042 1557 diligit,
1059 1491 1102 1534 ex
1115 1469 1179 1534 Deo
1191 1492 1233 1533 ua

203 1589 359 1654 attineat,
376 1589 409 1644 et
425 1577 587 1665 cognoscit
602 1577 726 1642 Deum:
746 1577 800 1664 qui
821 1589 926 1642 antem
948 1599 1021 1642 non
1041 1575 1159 1666 diligit,
1176 1599 1228 1642 uon

202 1685 387 1774 recognoscit
408 1684 532 1760 Deum,
555 1686 628 1773 quia
649 1685 734 1753 Deus
755 1685 891 1750 charitas
908 1683 991 1750 est².
1008 1713 1023 1744 ι
1042 1687 1087 1750 Et
1107 1687 1221 1774 quanvis

206 1791 332 1865 alterius
345 1793 495 1881 temporis
509 1793 549 1860 sit
561 1791 793 1880 dicerealiquid
805 1792 987 1881 dabisque
999 1791 1207 1881 eremeticam

200 1928 239 1970 ex
251 1903 271 1970 J
273 1904 382 1970 onnnis
393 1903 522 1992 epistola
536 1904 742 1994 protulimus,
755 1917 860 1974 tamen
873 1908 1020 1973 breviter
1034 1908 1110 1972 etim
1119 1905 1201 1992 aiiqm

200 2012 408 2100 perstringere
424 2035 487 2081 non
502 2025 551 2078 est
565 2014 665 2083 visum
681 2013 864 2080 absurdum.
882 2013 1104 2104 «Diligentius.
1115 2014 1200 2098 urei,

201 2120 372 2196 sinticen,
389 2121 461 2208 quia
476 2120 611 2188 charitas
626 2144 665 2186 ex
679 2122 747 2188 Deo
761 2133 808 2188 est
819 2145 827 2186 :
837 2150 849 2182 ι
859 2133 891 2188 et
905 2135 979 2210 post
991 2124 1209 2211 pausantes

201 2229 357 2296 »charitas
372 2242 428 2296 est.
444 2259 457 2292 ι
475 2231 510 2296 ln
527 2231 743 2319 quorostendit
757 2243 789 2296 et
803 2232 905 2319 ipsum
923 2231 1032 2298 Deum
1050 2233 1219 2300 chartam

200 2362 284 2421 esee,
298 2351 330 2404 et
347 2341 460 2407 iterum
480 2363 554 2404 eum
570 2340 623 2428 qui
638 2363 676 2404 ex
691 2339 758 2406 Deo
772 2351 838 2417 est,
854 2339 1046 2408 charitatem
1057 2364 1141 2406 ease.
1161 2341 1226 2421 Quis

201 2459 307 2526 autem
319 2471 360 2512 ex
375 2447 447 2530 Deo
457 2459 524 2523 est,
539 2447 598 2512 nisi
614 2446 665 2514 ille
676 2448 819 2534 quidicit
829 2471 838 2512 ε
850 2477 863 2507 ι
874 2450 941 2537 Ego
955 2472 997 2514 ex
1011 2451 1082 2516 Deo
1093 2449 1224 2522 exivi,et

202 2557 294 2634 nyeni
315 2556 348 2620 in
370 2555 456 2621 hunc
475 2555 672 2624 mundnm³i
687 2585 699 2617 ι
716 2557 810 2636 Quod
829 2555 853 2622 si
873 2557 958 2623 Deus
984 2571 1080 2645 pater
1103 2558 1223 2624 chana

201 2677 270 2742 est,
285 2677 317 2728 et
331 2663 427 2731 Filius
442 2665 578 2732 charitas
594 2675 659 2730 est:
674 2664 808 2730 ebaritas
821 2677 926 2732 autem
938 2666 1037 2730 Patris
1049 2677 1086 2730 et
1102 2666 1230 2732 charitas

202 2772 272 2838 Filii
285 2795 384 2838 unum
401 2785 489 2848 sunt,
506 2795 570 2839 non
586 2795 687 2837 unus:
703 2785 931 2859 consequenter
945 2796 1021 2861 ergo
1035 2773 1141 2840 Pater
1154 2772 1231 2838 etFi·

95 2883 107 2912 ⁸
203 2880 263 2947 lius
286 2904 385 2949 uuum
406 2881 666 2948 benedicuntur.
690 2882 729 2946 Et
749 2879 820 2944 ideo
843 2881 1073 2948 convenienter
1095 2881 1231 2950 Christis

203 2989 284 3056 sicut
299 2989 449 3077 sapientia
462 3038 470 3064 ,
482 3000 515 3052 ut
526 2988 641 3062 virtus,
653 3000 685 3054 et
696 2988 831 3076 justitia,
844 3000 877 3052 et
888 2990 1022 3054 verbum
1033 3039 1043 3064 ‚
1057 3002 1093 3054 et
1105 2991 1229 3058 raritas,
1293 2981 1294 3008 i

203 3100 246 3164 ita
261 3110 293 3162 et
308 3097 443 3165 charitas
458 3097 583 3162 dicitur.
603 3098 642 3162 Et
661 3097 731 3165 ideo
745 3096 822 3162 dicit
840 3097 1002 3185 Scriptura
1020 3099 1098 3184 quia
1116 3097 1224 3162 sicha

204 3207 279 3271 ritas
290 3219 397 3272 menet
407 3207 438 3272 in
452 3205 559 3280 nobis,
572 3205 656 3271 Deus
667 3205 797 3272 innohis
810 3216 916 3272 manet
925 3205 946 3269 ⁴.
962 3207 1049 3272 Deus
1068 3219 1165 3274 autem
1175 3255 1184 3278 ,
1194 3203 1227 3271 'rt

206 3326 270 3389 est,
286 3315 379 3381 Pater
393 3326 425 3379 et
440 3313 553 3389 Filius,
567 3314 619 3402 qui
632 3325 666 3378 et
679 3313 808 3380 veniunt
824 3313 864 3380 ad
878 3337 952 3380 eum
968 3315 1024 3402 qui
1036 3313 1231 3403 perfectusin

201 3423 357 3492 charitate
368 3423 613 3499 est‚secundum
628 3421 756 3490 verbum
772 3422 899 3488 Domini
911 3433 943 3486 et
954 3420 1119 3488 salvatoris
1130 3422 1234 3486 diceu-

205 3533 263 3598 tis:
279 3534 367 3620 «Ego
383 3544 415 3596 et
434 3531 527 3599 Pater
543 3530 700 3596 veniemus
719 3531 862 3605 adeum,
879 3543 913 3596 et
928 3532 1122 3596 mansionem
1136 3531 1234 3594 ficie-

205 3665 298 3710 amus
311 3641 392 3730 apud
408 3663 482 3704 eum
492 3639 512 3702 ⁵.
529 3667 541 3700 a
557 3639 727 3706 Sciendum
743 3662 816 3727 ergo
832 3651 897 3712 est,
912 3639 998 3727 quod
1016 3639 1084 3706 haec
1098 3637 1233 3704 charius

243 3809 431 3865 Ι(Σιιιιι.ι,8.-
459 3809 579 3856 ²1Jonn.
595 3827 631 3868 ιν,
653 3825 677 3876 7,
700 3805 940 3868 adserunt,
957 3825 999 3874 27,
1023 3809 1064 3858 28.
1115 3803 1229 3856 ‘ilcan

206 3895 559 3962 n,12.-·⁵Joan.1w,23.
