2660 4610
339 343 369 386 m
394 343 555 386 caarrcuu
579 342 781 388 canrrconuu
803 346 865 387 nra.
893 347 914 388 r.
1079 323 1144 410 539

82 473 169 565 ‘tam
193 464 343 530 delatum.
368 464 408 531 Et
430 466 606 533 secundum
626 466 689 532 hoc
711 467 792 533 sorte
810 467 936 534 dicebat
950 469 1134 557 prophetica
1171 507 1183 542 a

103 582 136 636 et
151 571 289 659 perlecta
304 595 414 638 mens:
434 574 499 638 «Os
511 597 619 639 meum
634 575 741 663 aperui
757 587 789 639 et
802 576 912 641 attraxi
929 575 1130 664 spiritum¹.s

106 674 152 739 Os
169 689 275 742 autem
290 678 394 764 sponsi
414 676 620 766 intelligimus
636 678 785 742 virtutem
801 679 876 755 Dei,
897 680 970 767 quia
987 678 1144 746 illuminat

1 796 3 816 '
106 795 270 860 mentem,
287 796 319 848 et
331 784 418 850 velut
434 809 579 850 sermone
595 786 734 874 quodam
757 788 872 851 amoris
894 787 934 852 ad
953 810 1024 853 eam
1038 787 1143 864 sacto,

107 893 133 956 si
162 905 266 958 tamen
289 917 400 981 capere
419 905 580 959 mereatur
603 906 698 959 tantae
719 895 843 959 virtutis
859 897 1076 983 praesentiam,
1093 896 1139 961 in-

109 1001 236 1086 cognita
256 1023 386 1088 quaeque
401 1001 460 1065 sibi
475 1013 507 1065 et
526 1003 662 1067 obscura
681 1002 878 1077 manifestat,
895 1015 927 1067 et
942 1002 1006 1068 hoe
1026 1015 1074 1068 est
1091 1027 1147 1069 ve-

102 1108 195 1183 rius,
213 1111 422 1198 propiusque,
439 1121 471 1174 et
487 1111 624 1175 sanetius
641 1109 808 1186 osculum,
825 1111 909 1199 quod
927 1135 943 1176 a
960 1134 1075 1199 sponso
1088 1111 1146 1178 Dei

1 1216 3 1232 '
103 1217 201 1280 verbo
214 1217 332 1304 porrigi
348 1217 465 1281 dicitur
479 1241 619 1306 sponsae,
636 1239 730 1305 purae
747 1216 869 1283 seilicet
885 1218 1013 1294 animae,
1028 1229 1061 1281 et
1076 1241 1149 1305 per·
1237 1273 1242 1284 .

103 1321 204 1388 leetae.
225 1309 325 1410 Cujus
337 1325 382 1388 rei
394 1326 498 1412 imago
513 1336 561 1389 est
574 1323 652 1389 illud
664 1324 830 1400 osculum,
849 1323 936 1414 quod
956 1325 989 1389 in
1007 1323 1149 1391 Ecclesia

109 1431 166 1495 sub
182 1443 327 1519 tempore
348 1433 572 1520 mysteriorum
597 1433 688 1497 nobis
711 1433 848 1498 invicem
873 1434 994 1498 damus.
1016 1433 1148 1512 Quoties

106 1561 180 1626 ergo
201 1539 234 1603 in
255 1539 353 1604 eorde
376 1551 483 1604 nostro
506 1538 621 1628 aliquid
645 1542 733 1628 quod
749 1541 788 1605 de
811 1539 925 1606 divinis
946 1539 1147 1629 dogmatibus

1 1653 3 1689 l
107 1643 309 1730 sensibusque
324 1644 495 1731 quaeritur,
513 1645 631 1730 absque
647 1643 860 1708 monitoribus
878 1644 1077 1720 invenimus,
1097 1655 1148 1708 to-

107 1749 164 1813 ties
186 1749 290 1815 oscula
313 1751 403 1815 nobis
420 1751 492 1816 data
508 1774 612 1816 ossea
634 1775 750 1839 sponso
775 1751 834 1816 Dei
853 1754 952 1816 verbo
969 1752 1145 1817 credamus.

106 1856 165 1920 Ubi
194 1881 268 1922 aero
293 1870 467 1944 quaerentes
490 1857 609 1946 aliquid
633 1858 672 1923 de
698 1859 810 1923 divinis
836 1859 980 1924 sensibus
1007 1857 1147 1922 iuvenire
1188 1925 1192 1934 x

27 1968 31 1974 ’
103 1987 167 2029 non
190 1973 376 2053 possumus,
394 1978 469 2030 tunc
494 1965 610 2031 affectu
625 1966 722 2054 hujus
740 1967 891 2032 orationis
907 1977 1068 2053 assumpto
1086 1987 1146 2052 pe-

106 2083 241 2137 tamusa
257 2074 327 2138 Deo
338 2075 547 2150 visitationem
564 2075 650 2140 verbi
666 2076 753 2162 ejus,
771 2087 802 2138 et
815 2067 958 2139 dicamus
971 2098 978 2138 ε
991 2071 1147 2138 «Oscula-

107 2191 241 2244 »turme
253 2181 292 2245 ab
306 2179 483 2244 oseulooris
493 2181 540 2244 sui
549 2179 571 2245 ².
583 2208 595 2239 s
605 2181 671 2245 Scit
680 2192 785 2244 autem
794 2191 885 2268 pater
894 2180 1144 2266 uniuscujusque

104 2288 215 2353 animae
227 2287 455 2375 capacitatem,
468 2299 500 2351 et
513 2288 599 2352 novit
609 2285 674 2373 ¹'quo
686 2298 848 2374 ternpore,
863 2287 913 2350 cui
928 2287 1039 2350 animae
1052 2337 1059 2360 ,
1075 2309 1145 2372 quaa

106 2393 212 2460 oscula
223 2394 310 2460 verbi
323 2394 370 2459 sui
382 2394 543 2482 porrigere
556 2395 588 2459 in
600 2391 812 2461 intellectibus
830 2393 981 2458 duntaxat
999 2404 1031 2456 et
1047 2394 1144 2457 sensi-

105 2504 165 2567 bus
180 2502 304 2568 debeat.
476 2497 478 2508 '

157 2613 265 2692 «Quia
282 2613 364 2678 bona
387 2624 459 2677 sunt
480 2614 578 2678 ubera
602 2624 655 2676 tna
672 2635 768 2699 super
785 2612 911 2687 vinum,
928 2622 960 2674 et
986 2611 1065 2674 odor
1089 2631 1145 2673 un-

101 2730 317 2807 »guentorum
331 2730 458 2784 tuorum
471 2721 680 2808 superomnia
689 2719 886 2784 ammata.»
906 2699 1144 2805 lntelligeprius

2 2836 15 2896 ‘a
101 2828 192 2916 quasi
214 2828 247 2890 in
267 2827 408 2892 historie
426 2830 568 2892 dramate
591 2850 738 2915 sponsam
755 2826 885 2892 elevatis
905 2827 943 2891 ad
960 2827 1062 2889 Deum
1080 2847 1146 2890 ma-

101 2935 199 2998 nibus
213 2934 390 2999 oratiouem
407 2935 523 2999 sudisse
546 2935 586 3000 ad
601 2946 745 3021 patrem,
763 2945 794 2998 et
814 2945 964 2999 orassent
979 2934 1046 3019 jam
1061 2931 1145 2995 veni·

1 3080 17 3096 γ·
101 3053 153 3106 ret
172 3039 213 3105 ad
234 3065 304 3106 eam
321 3064 473 3129 sponsus,
491 3053 523 3105 et
538 3043 604 3129 ipse
619 3043 648 3106 ei
664 3041 812 3107 osculum
827 3041 944 3129 proprii
965 3041 1027 3103 oris
1038 3039 1145 3102 inlun-

0 3199 4 3209 ,
102 3149 204 3213 deret.
223 3149 370 3235 Dumque
382 3148 451 3213 haee
466 3160 570 3214 oraret
583 3150 621 3213 ad
637 3149 783 3223 Patrem,
803 3149 832 3212 in
847 3149 913 3236 ipsa
928 3147 1145 3232 orationeque

1 3295 15 3314 η.
105 3255 203 3320 dixit:
222 3254 420 3320 «Oseuletur
431 3279 482 3321 me
498 3259 538 3320 ab
553 3255 663 3320 osculo
679 3257 742 3319 oris
759 3255 805 3320 sui
816 3283 849 3330 ,a
869 3267 959 3341 parat
974 3255 1071 3319 etium
1086 3251 1146 3319 alia

9 3410 22 3440 :-
109 3365 259 3428 orationis
273 3367 371 3429 verba
383 3365 593 3451 subjungere,
610 3387 648 3428 ao
664 3364 768 3428 dicere
781 3363 852 3450 quia
863 3363 896 3428 in
911 3363 974 3428 hoc
989 3362 1145 3452 principio

2 3530 16 3550 „
106 3473 261 3536 sermonis
277 3472 417 3537 affuisset
433 3495 564 3558 sponsus
576 3522 584 3546 ,
598 3484 629 3535 et
642 3472 743 3536 oranti
755 3473 783 3535 ei
799 3472 946 3536 astitisset
964 3495 997 3536 ac
1011 3468 1145 3534 revelas·

1 3613 23 3668 ¹‚·
100 3581 267 3644 setverba
291 3603 366 3653 sua,
386 3580 551 3666 ipsumque
574 3601 724 3666 sponsum
747 3579 916 3667 unguentis
934 3577 1094 3650 mirificis,
1112 3589 1144 3640 et
1201 3661 1203 3668 Α

12 3730 19 3742 ·
100 3690 223 3777 quibus
246 3711 397 3777 sponsum
421 3689 559 3776 fragrare
579 3689 711 3753 decebat
727 3739 736 3764 ‚
752 3689 928 3754 constitisse
952 3685 1139 3750 delibutum.

1 3835 22 3879 ρ
98 3799 226 3887 Sponsa
238 3819 314 3862 vero
329 3796 382 3860 ubl
399 3795 507 3864 adesse
522 3796 596 3862 vidit
607 3819 681 3861 eum
691 3819 748 3884 pro
760 3819 824 3882 quo
837 3797 947 3860 orabat
960 3804 993 3857 ut
1006 3793 1141 3867 adesset,

139 3938 248 3990 ¹Psslm.
262 3933 645 3995 exvxrr,131.-·²Cant.1,a.
659 3933 713 3974 -⁸
729 3937 794 3988 Ibid.
809 3955 832 3996 a,
846 3935 869 3986 3.
