2632 4600
218 293 277 354 alio
664 311 806 354 oaronnrs

214 449 352 502 mentem
370 448 457 500 tuam
479 434 634 523 perllante
653 444 684 499 et
707 435 862 522 spirante,
888 435 1030 501 seeundo
1048 447 1080 500 et
1098 459 1246 525 prospero

212 534 337 632 naviges
354 568 467 618 eursu,
481 543 652 631 pertransis
665 565 759 608 seusu
776 554 832 606 tuo
848 543 953 608 omnia
969 541 1126 632 hecquae
1143 545 1247 610 riden-

211 663 275 726 tur,
292 653 364 740 quia
377 649 560 738 temporalia
572 661 646 714 sunt
657 697 669 726 ‚,
682 662 714 714 ot
726 649 857 715 intueris
873 649 924 716 illa
940 674 1011 738 qnae
1026 662 1147 716 aeterna
1157 665 1247 726 sunt,

211 762 277 824 siue
301 753 398 824 dnbio
414 757 513 834 dieis,-
533 757 606 844 quia
627 757 695 823 lateo
716 756 911 850 omniaque
934 758 1082 823 videntur
1104 759 1171 846 jam
1187 782 1247 824 noa

161 901 163 910 ι
211 881 302 944 mna,
319 869 392 956 quia
407 891 467 933 neo
478 867 583 934 sutura
596 880 678 933 sunt.
694 866 789 934 «Vidi
801 891 873 954 ergo
888 869 1022 956 impium
1038 869 1247 957 superexalta-

212 989 302 1042 »tom
318 975 492 1042 et-elatum
507 999 601 1064 super
618 976 730 1041 cedros
746 975 875 1050 Libani,
892 987 925 1040 et
945 976 1096 1052 transiri,
1120 989 1155 1040 et
1176 1000 1248 1044 eeoe

210 1108 295 1150 »non
311 1097 388 1150 erut.
404 1111 416 1144 1
431 1083 535 1148 Movet
551 1107 604 1150 me
622 1079 757 1171 amplius
774 1081 879 1148 adhue
894 1081 1013 1170 aliquid
1030 1083 1064 1149 in
1079 1085 1146 1149 hoe
1162 1083 1243 1150 loeo.

210 1192 310 1258 Video
321 1193 449 1256 enimet
460 1191 556 1258 alium
572 1192 706 1279 impium
718 1191 773 1278 qai
790 1189 947 1256 exaltatur
960 1215 1057 1280 super
1071 1191 1190 1258 cedros
1200 1193 1250 1258 li-

209 1298 283 1364 bani
304 1310 336 1362 et
360 1295 532 1361 extollitur.
559 1298 642 1362 Cum
663 1296 748 1361 enim
771 1295 911 1362 haeretici
934 1319 1029 1384 supra
1052 1297 1250 1363 conditorem

210 1405 312 1470 Deum
334 1404 393 1470 sili
417 1405 540 1491 lingunt
555 1403 652 1469 alium
675 1403 848 1491 quemdam
868 1401 993 1478 Deum,
1017 1415 1051 1468 et
1072 1403 1251 1472 exaltantur

208 1526 302 1601 atalae
316 1508 511 1577 extolluntur
526 1511 558 1576 in
580 1511 680 1576 verbo
700 1509 876 1585 mendacii,
893 1523 1044 1600 negantes
1066 1523 1246 1578 creatorem

207 1617 349 1686 omnium
363 1621 466 1685 Deum
477 1669 486 1694 ,
499 1619 602 1684 Deum
613 1640 682 1682 esse
696 1619 837 1692 bonum,
853 1618 957 1706 impiis
969 1621 1033 1684 suis
1048 1620 1247 1707 praedieatio-

205 1730 299 1794 nibus
314 1725 510 1792 extolluntur
525 1749 618 1814 supra
640 1725 751 1790 cedros
769 1726 900 1800 Libani,
919 1726 1106 1792 adversariis
1130 1728 1247 1794 seilicet

137 1871 140 1877 ·
161 1830 166 1839 ¹
206 1841 415 1928 potestatibus
430 1841 626 1912 eminentes,
642 1859 778 1924 quarum
799 1836 1005 1925 inspiratione
1027 1837 1245 1926 hujasoemadi

208 1950 355 2013 adversus
371 1947 554 2012 Creatorem
566 1946 710 2011 omnium
721 1945 824 2010 Deum
841 1957 1022 2012 commenta
1038 1945 1241 2020 simularunt,

205 2080 263 2144 pro
279 2079 317 2120 eo
333 2055 418 2141 quod
433 2055 549 2143 Legem
566 2053 741 2118 seeundum
757 2051 894 2118 litteram
909 2055 1134 2119 tantummodo
1147 2051 1237 2117 intel-

205 2162 356 2251 ligentes,
373 2174 405 2226 et
421 2159 593 2250 spiritalem
606 2183 677 2226 eam
689 2183 757 2224 esse
769 2159 969 2247 ignorantes,
982 2161 1110 2250 decepti
1125 2172 1195 2225 sunt
1206 2161 1245 2224 in

205 2271 449 2360 cogitationibus
467 2269 540 2333 suis.
564 2269 629 2334 llos
644 2290 720 2355 ergo
734 2290 794 2355 ego
812 2268 836 2331 si
853 2267 1000 2343 videam,
1016 2281 1050 2332 et
1071 2281 1227 2334 transeam
1236 2303 1250 2340 ,-

179 2386 183 2393 “
205 2376 286 2444 ultra
297 2363 440 2466 jarn'non
451 2388 561 2442 erunt·
575 2375 661 2456 Quid
677 2374 858 2440 transeam?
873 2376 898 2439 si
914 2387 1073 2442 transeam
1090 2376 1230 2443 litteram
1238 2411 1250 2450 ‚¹

205 2488 230 2551 si
246 2483 458 2574 transgrediar
474 2484 610 2549 historiae
625 2481 846 2571 superficiem,
864 2495 896 2547 et
913 2484 1098 2573 perveniam
1117 2486 1158 2551 ad
1180 2509 1249 2550 sen-

207 2617 277 2658 sum
289 2591 461 2680 spiritalem
473 2642 481 2666 ‚
495 2590 647 2678 quoniam
663 2590 728 2655 Lex
742 2588 888 2677 spiritalis
899 2603 968 2666 est,
981 2592 1007 2655 si
1023 2593 1135 2659 omnia
1149 2592 1206 2663 illa
1220 2595 1247 2657 ia

206 2702 321 2790 quihus
337 2711 464 2774 errant,
485 2711 516 2762 et
535 2697 756 2786 decipiuntur,
769 2696 950 2785 spiritaliter
962 2697 1154 2787 explanem,
1176 2702 1250 2789 dog-

205 2821 290 2874 mate
303 2831 416 2872 eorum
428 2806 523 2893 impia
531 2818 564 2871 et
577 2805 684 2892 iniqua
698 2795 839 2891 janr'non
855 2805 981 2870 erunt¹.
996 2807 1036 2871 Et
1047 2807 1092 2872 ita
1109 2807 1252 2897 eomple-

206 2917 303 2990 bitur,
317 2927 351 2978 ut
366 2911 520 2978 exaltatus
533 2913 648 3001 impius
665 2923 698 2976 et
716 2909 817 2976 elatus
834 2934 887 2976 me
907 2924 1093 2978 transeunte
1110 2916 1180 3002 jam
1194 2939 1251 2980 non

207 3025 257 3088 sit.-
274 3022 386 3089 Sedet
407 3044 482 3086 eum
502 3020 654 3107 quaeritur
678 3016 768 3083 loeas
780 3019 849 3105 ejus
864 3042 928 3084 non
951 3020 1123 3086 invenitur.
1152 3023 1255 3089 leem

207 3130 294 3218 impii
311 3129 487 3218 dogmatis,
505 3125 610 3192 littera
624 3127 715 3214 Legis
730 3137 799 3201 est,
815 3149 886 3214 quse
901 3125 1004 3192 littera
1019 3129 1153 3194 oceidit.
1174 3130 1256 3196 Cum

206 3257 281 3322 ergo
295 3256 350 3298 nos
362 3259 380 3298 a
390 3231 494 3298 littera
510 3231 676 3297 occidente
691 3232 860 3296 transimus
874 3231 916 3297 ad
931 3231 1078 3320 spiritum
1093 3234 1261 3300 vivifican-

208 3354 274 3407 tem
287 3390 295 3416 ,
308 3364 348 3406 ne
363 3340 451 3405 loeus
468 3340 597 3428 quidem
613 3337 701 3426 impii
715 3339 869 3427 dogmatis
885 3340 1049 3427 repudiata
1066 3339 1178 3408 littera
1197 3366 1262 3430 po-

208 3460 270 3514 test
285 3448 429 3514 inveniri.
446 3447 617 3527 Quomodo
630 3457 737 3512 autem
749 3447 918 3533 quaerimus
929 3448 1030 3514 euml
1046 3449 1134 3515 Cum
1147 3451 1265 3540 dispu-

205 3570 315 3623 tamus
327 3555 474 3620 ndrersus
493 3578 546 3619 eos
564 3565 686 3620 etcum
706 3554 924 3644 conquirimus
943 3557 1165 3636 adinvicem,
1182 3573 1263 3624 tnnc

208 3665 382 3753 querimus
396 3661 504 3728 locum
516 3651 671 3751 dogmatis
687 3659 769 3726 illius
783 3663 815 3727 in
828 3660 934 3730 littera
944 3664 1035 3753 Legis
1044 3663 1213 3744 historiae,
1228 3679 1268 3731 et

144 3806 150 3815 ·
192 3774 385 3853 ¹ostenditur
402 3772 577 3838 seeundum
597 3772 757 3838 historiam
774 3784 855 3838 stare
868 3795 931 3838 non
945 3795 1056 3862 posse:
1077 3791 1190 3844 amota
1208 3777 1268 3842 lit-

242 3923 337 3975 raom.
350 3939 395 3972 111.
