2744 4600
265 265 329 330 522
713 295 856 343 uuonan

265 402 458 467 rexnomine
469 403 579 470 Rocon
590 427 598 468 ε
611 409 697 495 quod
704 422 752 475 est
760 383 794 477 in
810 427 916 480 nostra
928 413 1047 505 lingua,
1058 417 1201 482 inanitas.
1214 417 1284 506 teg·

122 506 124 511 ’
176 539 181 544 -
266 519 320 572 nat
331 523 450 598 ergoet
465 513 599 580 inartitaa
613 516 898 589 indiadinnitarum
909 539 1013 613 gente.
1029 526 1177 591 Estenim
1189 549 1284 591 revera

267 617 366 682 multa
390 619 523 686 inanitas
541 636 574 687 et
593 625 712 692 vanitas
733 630 765 694 in
782 631 844 697 hoo
859 635 994 711 mundo,
1011 635 1076 700 imo
1091 645 1124 699 et
1149 635 1285 700 toanitat

267 727 480 802 »vanitatum
496 741 528 794 et
543 734 649 798 omnia
663 738 813 815 vanitas¹,
830 769 843 802 r
860 765 956 832 quam
972 744 1030 809 Dei
1045 742 1136 808 miles
1149 766 1286 832 superare

266 833 362 899 debet
375 847 408 901 et
424 837 559 904 vincere.
577 840 683 910 Vincit
693 860 801 914 nutem
817 850 1014 928 inanitatem,
1031 853 1084 940 qui
1098 851 1179 917 nihil
1194 853 1286 918 mani·

267 951 328 1016 ter,
348 941 426 1008 nihil
449 945 620 1032 superflue,
636 964 669 1014 et
689 955 776 1040 quod
796 958 924 1024 adrem
946 983 1010 1026 non
1029 961 1182 1049 pertinet,
1197 961 1285 1048 geritt

266 1049 321 1134 qui
341 1053 485 1118 meminit
498 1058 647 1144 praeoepti
663 1058 746 1129 iilius
761 1064 920 1133 Dominiei
935 1091 999 1157 quo
1014 1071 1071 1144 ait,
1086 1071 1192 1157 quiajr
1205 1069 1288 1134 ctiam

266 1183 279 1217 ι
294 1157 333 1222 do
341 1163 437 1226 verbo
448 1162 549 1256 otioso
560 1165 694 1233 reddent
703 1169 848 1239 homines
860 1176 1014 1242 rationem
1026 1177 1058 1241 in
1070 1177 1122 1242 die
1130 1176 1284 1266 judicit.»

266 1265 304 1330 ln
319 1266 379 1332 hae
397 1282 504 1336 autem
521 1272 594 1348 vita,
607 1272 752 1342 homines
770 1291 872 1348 totum
887 1267 975 1371 pene'
984 1285 1135 1360 otiosum,
1149 1298 1184 1350 et
1199 1297 1290 1349 totun

266 1371 359 1438 inane
369 1386 431 1453 ast,
443 1375 726 1465 quodloquuntur,
737 1387 824 1471 quod
835 1399 943 1476 agunt.
959 1390 1064 1455 Inauis
1079 1391 1168 1455 enim
1185 1391 1291 1456 dicitur

267 1480 369 1546 omnis
390 1486 658 1558 actus‚eton1nis
680 1512 797 1568 sermo,
813 1495 846 1560 in
864 1519 929 1582 quo
955 1519 1018 1564 non
1041 1511 1089 1562 est
1103 1499 1289 1567 intrinsecus

266 1586 384 1677 aliquid
398 1613 457 1679 pro
472 1590 552 1666 Deo,
564 1593 613 1658 vel
629 1619 686 1683 pro
702 1602 851 1669 mandato
867 1606 935 1670 Dei.
950 1607 1006 1671 Est
1016 1619 1050 1672 et
1062 1605 1144 1672 alius
1161 1631 1218 1674 rex
1232 1608 1292 1674 Ma·

267 1697 353 1762 diam
370 1699 426 1774 Ur,
448 1712 480 1764 et
495 1700 548 1766 hic
568 1701 796 1795 interpretatur
817 1713 960 1779 irritatio.
979 1713 1074 1781 Vides
1096 1716 1209 1804 quales
1229 1732 1293 1783 aunt

267 1805 322 1892 qui
338 1817 470 1892 regnent
485 1808 569 1894 apud
591 1810 789 1894 Madianitas,
805 1821 921 1908 quibus
942 1823 1125 1890 hominibus
1141 1825 1294 1891 adversari

267 1925 406 2001 oportet,
416 1915 480 1980 imo
495 1939 574 2003 quos
584 1923 697 2009 perimi
712 1932 860 1996 convenit
872 1933 912 1998 ab
929 1932 965 1998 iis
978 1933 1031 2020 qui
1047 1934 1152 1998 Deum
1166 1957 1295 2022 sequun-
1337 2009 1340 2014 ,

269 2035 335 2099 tur,
351 2035 382 2089 et
397 2023 544 2095 interfici.
567 2034 637 2100 Non
654 2038 739 2102 enim
759 2048 825 2104 tam
839 2061 941 2126 reges,
958 2062 1053 2127 quam
1076 2041 1229 2108 vitiorum
1243 2065 1296 2108 no·

269 2135 353 2202 mina
374 2162 443 2226 quae
464 2158 597 2231 regnant
623 2147 656 2212 in
678 2147 873 2224 hominibus,
896 2149 1076 2216 referuntur
1095 2151 1128 2217 in
1145 2151 1250 2241 Lege;
1266 2166 1295 2218 et

268 2257 416 2314 nontam
439 2254 581 2338 gentium
601 2254 699 2332 bello,
713 2280 810 2344 quom
833 2261 1168 2349 concupiscentiarum
1190 2285 1297 2328 carna·

269 2351 360 2432 lium,
377 2381 447 2444 quae
462 2359 597 2428 militant
613 2365 763 2430 adversus
781 2368 933 2443 animum,
946 2369 1184 2434 describuntur.
1205 2373 1298 2436 Deni-

267 2486 330 2550 que
342 2465 374 2530 hi
387 2466 440 2553 qui
452 2465 485 2531 in
499 2469 579 2535 uitiis
591 2482 738 2560 regnant,
749 2475 888 2562 quinque
900 2499 989 2564 roges
999 2499 1068 2542 essa
1079 2477 1238 2544 dicuntur
1251 2492 1300 2544 cut

268 2573 499 2640 evidentissime
513 2579 698 2654 doceamur,
715 2583 787 2668 quin
798 2605 897 2648 omne
911 2583 1020 2647 sitiunt
1036 2585 1124 2670 quod
1141 2573 1302 2674 regnat-in

268 2704 413 2770 corpore,
427 2709 465 2752 ex
478 2687 617 2773 quinque
628 2689 772 2754 sensibus
783 2691 910 2776 pendet.
926 2689 979 2754 Isti
991 2713 1067 2778 ergo
1078 2691 1228 2780 quinque
1239 2717 1304 2758 san·

269 2814 321 2856 sus
343 2794 520 2880 perimendi
538 2807 613 2860 sunt
628 2795 668 2860 de
691 2818 787 2882 regno
803 2796 1058 2876 Madianitorum,
1075 2811 1110 2862 ut
1126 2799 1216 2865 ultra
1236 2804 1304 2868 vitia

267 2924 331 2966 non
344 2917 578 2994 regnontsuper
586 2927 653 2980 eos,
663 2906 717 2970 sed
729 2906 862 2991 justitia,
874 2929 914 2972 ne
925 2907 966 2973 nd
977 2907 1166 2974 scandalum
1175 2913 1307 2979 videant

268 3033 338 3096 qum
358 3012 474 3088 vident,
491 3015 602 3079 sadud
623 3013 876 3082 aedificationem.
887 3017 990 3104 Apud
1006 3015 1199 3086 Madinnitas
1225 3025 1308 3087 enim

206 3175 213 3186 .
268 3140 378 3184 senous
392 3121 443 3186 isti
456 3122 495 3186 ad
507 3121 784 3188 scandalizandum
799 3126 988 3211 regnabant,
1002 3138 1037 3190 ut
1052 3127 1309 3197 scandalizarent

267 3237 300 3291 ot
309 3227 499 3316 deciperent.
516 3233 555 3296 Et
567 3232 637 3296 ideo
649 3231 973 3319 praecepitDominus,
983 3247 1019 3299 ut
1030 3237 1055 3301 si
1066 3245 1098 3301 te
1109 3239 1309 3306 scandaliza

269 3338 347 3402 verit
366 3337 475 3403 oculus
492 3351 578 3415 tuus,
595 3363 687 3406 eruas
703 3363 795 3415 eum3
810 3342 835 3406 si
851 3365 963 3408 manus
978 3356 1033 3408 out
1048 3367 1115 3432 pes,
1134 3348 1309 3416 abscindi

268 3447 371 3512 eona&
381 3447 476 3514 Vides
485 3471 574 3538 ergo,
585 3452 659 3539 quia
671 3451 777 3537 etipse
788 3451 879 3537 jubat
890 3452 1031 3517 abscindi
1043 3465 1077 3516 at
1087 3455 1209 3540 perimi
1225 3479 1311 3546 neges

197 3555 207 3580 ⁸
269 3553 557 3624 scandalizantium.
585 3558 694 3624 Melius
709 3570 770 3634 eat,
786 3559 901 3645 inquit,
916 3572 947 3624 te
969 3558 1093 3625 luscum
1112 3559 1263 3630 introire
1283 3566 1310 3627 in

269 3685 402 3751 regnum
415 3663 484 3740 Dei,
496 3677 528 3730 et
544 3689 706 3745 mancum,
723 3679 777 3732 aut
788 3665 1060 3756 claudum‚·quam
1076 3689 1153 3736 cum
1170 3671 1216 3738 iis
1232 3675 1313 3738 mitti

270 3774 303 3839 iu
314 3770 505 3861 gehennam.
524 3773 689 3863 inquibus
710 3799 775 3842 non
798 3777 906 3863 utique
921 3777 1140 3846 effodiendum
1159 3783 1317 3871 praecipit

303 3898 312 3933 ¹
325 3899 395 3948 laet
408 3918 424 3959 1,
441 3917 462 3950 2.
472 3929 501 3940 -
513 3901 524 3936 ²
537 3903 627 3952 naua.
642 3919 685 3963 ιιι,
699 3903 740 3952 36.
757 3902 902 3964 -³1dem,
917 3920 939 3953 v.
