2744 4624
385 288 417 330 ιι
441 287 576 330 cussani
599 287 727 330 ιιοιιιιιι
752 288 808 329 ιιι.
1069 267 1109 352 57

84 407 131 474 Sic
141 403 223 470 enim
239 402 318 468 dieii
331 423 340 464 :
353 427 367 460 ι
379 401 480 474 Abiit,
492 401 616 484 inquit,
630 399 778 464 Rebecca
789 400 985 486 interrogare
998 399 1109 464 Domi-

82 547 94 578 »
108 539 196 589 nnm3
208 525 242 578 et
255 510 334 576 dixit
348 509 379 572 ei
394 507 571 572 Dominus:
586 506 664 570 Duae
675 519 784 594 gentes
799 506 832 569 iu
853 519 943 590 utero
954 517 1011 570 tuo
1023 519 1111 580 sunt,

42 651 46 657 ·
84 635 138 688 »et
149 623 212 688 duo
227 615 333 708 populi
353 615 394 680 de
409 627 520 680 ventre
531 625 587 677 tuo
599 615 834 702 separabuntur
844 613 866 678 ².
879 642 893 676 ι
907 615 1053 704 Longum
1064 629 1112 679 est

83 758 106 798 si
97 729 248 797 'velimus
261 749 345 793 nunc
355 723 585 790 exultationem
596 745 771 811 puerorum
786 722 892 789 adhuc
907 725 940 788 in
956 735 1047 790 ulcro
1058 723 1112 788 ha·

86 842 249 906 bisantium
264 835 458 926 perscrutari
461 881 543 900 ......

128 951 214 1016 Nunc
233 948 360 1014 interim
383 945 548 1010 videamus
562 943 641 1032 quid
656 956 704 1009 est
719 943 806 1032 quod
819 887 955 1010 dicitur²
973 943 1112 1009 :adbiit

86 1060 271 1125 r'llelrecca
262 1069 461 1144 interrogare
472 1055 514 1119 ad
525 1055 710 1120 Dominum.
724 1054 847 1126 »Abiit
863 1053 937 1132 Quo
951 1053 1050 1119 obiit?
1064 1055 1111 1119 Ex

79 1165 212 1232 eoloco'
202 1190 236 1230 ιιι
248 1188 314 1254 quo
325 1187 390 1229 non
402 1176 473 1228 erat
483 1163 652 1238 Dominus,
661 1163 740 1228 abiit
751 1163 792 1228 ed
803 1185 878 1228 eum
887 1162 1014 1230 locum'
1006 1186 1038 1227 m
1046 1185 1111 1250 qno

77 1277 163 1342 erati
178 1277 250 1340 lloc
263 1275 352 1340 enim
362 1273 490 1338 videtur
500 1273 641 1339 indicare
654 1295 729 1338 cum
742 1273 877 1338 dicitnr:
890 1302 903 1332 ι
914 1271 1001 1340 Abiit
1012 1273 1110 1336 inter-

79 1415 90 1445 ι
106 1407 220 1472 rogare
241 1383 455 1448 Dominum.»
471 1381 584 1447 Nonne
600 1383 718 1468 ubique
733 1394 781 1446 est
795 1381 903 1447 Dens?
918 1381 1030 1448 Nonne
1046 1382 1112 1468 ipse

82 1494 176 1556 dixit:
191 1488 377 1554 «Culumel
387 1501 497 1556 terram
511 1488 633 1578 repleo,
648 1489 724 1554 dicit
733 1485 945 1553 Dominus⁸?»
955 1487 1028 1566 Quo
1036 1509 1112 1574 ergo

86 1602 163 1666 abiis
177 1600 347 1666 Rebecca?
362 1601 423 1688 Ego
436 1613 514 1687 puto
529 1599 617 1686 quod
637 1621 701 1664 non
716 1597 756 1662 de
771 1595 844 1665 loco
864 1599 905 1663 od
926 1597 1033 1663 locum
1051 1596 1110 1662 sls-

82 1709 164 1783 ieril,
180 1708 237 1773 sed
253 1707 293 1772 de
309 1709 369 1772 vita
388 1707 428 1772 od
448 1710 558 1783 vitem,
576 1706 616 1771 de
631 1720 705 1774 ectu
721 1707 761 1773 od
775 1722 896 1785 ectum,
908 1706 948 1772 de
963 1707 1055 1772 honis
1069 1706 1110 1770 ad

79 1813 206 1880 meliora
233 1814 406 1888 transierit,
432 1813 473 1879 de
501 1812 631 1878 utilibus
653 1816 695 1879 ed
715 1813 838 1896 utiliora
862 1815 1048 1902 perrexerit,
1070 1813 1110 1876 de

77 1925 194 1990 sonctis
207 1923 250 1988 ad
265 1923 424 1988 sanctiore
435 1922 661 2010 properaverit.
678 1922 860 2006 Absurdum
874 1943 1011 2010 namque
1022 1932 1069 1987 est
1084 1921 1110 1985 si

77 2037 119 2100 ito
134 2047 283 2123 putemus
300 2033 481 2122 imperitam
498 2034 594 2098 luisse
609 2033 788 2099 Rebeccam
803 2046 835 2098 et
850 2035 1023 2108 indoctam,
1039 2057 1108 2120 quse

76 2147 107 2208 in
123 2143 219 2208 domo
230 2141 382 2230 sapientis
397 2143 535 2208 Abrahae
550 2145 611 2208 sun
624 2144 693 2207 viro
711 2143 922 2208 eruditissimo
937 2145 1025 2209 lseac
1038 2142 1108 2208 lue-

79 2265 127 2315 rat
139 2253 295 2324 insuauia,
319 2264 355 2316 ιιι
378 2251 461 2317 intra
483 2251 620 2340 aliquem
636 2251 742 2317 locum
758 2253 931 2316 Dominum
951 2253 1108 2340 pacaverit

81 2383 150 2426 esse
170 2359 363 2436 conclusum,
380 2374 414 2425 et
430 2360 506 2428 illuc
521 2361 581 2425 iret
596 2362 789 2448 interrogare
806 2361 884 2447 quid
904 2361 1108 2450 parvulorum

72 2470 157 2533 iutra
183 2477 308 2532 uterum
330 2466 483 2531 exultatio
500 2468 688 2554 designaret.
706 2465 762 2532 Vis
781 2479 887 2532 autem
909 2469 1016 2532 videre
1036 2470 1108 2554 quin

71 2601 109 2642 ex
124 2599 217 2642 more
233 2575 319 2640 venit
338 2576 402 2640 hoc
416 2577 546 2650 sanclis,
568 2589 603 2638 uc
623 2597 699 2639 cum
714 2572 834 2661 aliquid
855 2598 873 2639 a
898 2575 964 2639 Deo
986 2576 1109 2639 ostendi

69 2684 128 2748 sibi
150 2682 306 2755 viderint,
327 2681 377 2746 vel
392 2682 479 2746 abire
496 2681 544 2746 vel
562 2682 694 2747 transire
708 2705 741 2747 se
755 2683 885 2748 dicant?
899 2681 1023 2771 Moyses
1034 2707 1109 2749 cum

69 2793 199 2858 vidisset
215 2791 336 2854 rubum
349 2790 504 2855 ardescet
520 2813 583 2855 non
596 2792 698 2865 exuri,
711 2791 883 2856 admiratus
895 2793 995 2857 visum
1007 2792 1084 2857 dixit
1097 2816 1106 2856 ε

76 2899 295 2972 «Transenm,
312 2909 344 2962 et
360 2897 473 2964 videbo
489 2898 591 2962 visum
603 2898 665 2964 hoc
674 2897 696 2962 ⁴.
715 2925 728 2958 s
741 2899 811 2964 Non
823 2901 932 2987 utique
945 2913 978 2965 et
993 2901 1058 2990 ipse
1071 2903 1109 2965 si-

69 3009 243 3098 gnificahnt
260 3030 295 3070 se
307 3004 438 3096 aliquod
451 3017 543 3072 torrae
554 3008 692 3095 spatium
708 3009 926 3084 transiturum,
940 3033 1004 3076 non
1020 3031 1108 3076 mon·

69 3131 114 3182 les
136 3115 375 3206 conscendere,
394 3138 455 3182 nec
470 3115 591 3204 digredi
608 3130 765 3205 praerupta
788 3117 987 3184 convallium.
1006 3119 1108 3208 Prope

71 3229 175 3315 ipsum
189 3236 261 3292 eret
275 3226 369 3299 risio,
382 3225 414 3290 in
429 3249 484 3290 ore
499 3238 532 3290 et
548 3227 580 3291 in
595 3225 694 3292 oculis
709 3228 788 3314 ejus.
806 3228 869 3293 Sed
881 3227 969 3302 dicit,
987 3229 1015 3294 Τ
1016 3252 1112 3294 rons-

72 3360 156 3410 eom,
175 3347 211 3402 ut
227 3335 379 3401 ostendat
393 3357 428 3398 se
443 3319 673 3400 commonitum
688 3336 808 3402 visione
823 3337 941 3403 caelesti
956 3338 996 3404 ad
1012 3362 1108 3425 supe-

79 3445 302 3511 rioreinaitam
331 3443 449 3510 debere
471 3443 699 3520 conscendere,
719 3447 757 3512 ah
779 3447 826 3512 his
849 3447 881 3512 in
904 3447 1019 3534 quilius
1040 3462 1107 3511 erat

80 3553 119 3618 od
136 3553 255 3621 meliora
274 3554 422 3620 transire.
440 3552 579 3641 Sic-ergo
595 3566 728 3621 elnone
745 3555 881 3620 refertur
897 3555 936 3620 de
947 3555 1107 3631 Rebecca,

101 3785 329 3889 ²..2,3.1i.9n.

100 3897 176 3948 Uer.
189 3917 263 3958 ιιιιι,
276 3899 318 3958 ιὰ.
333 3926 365 3936 -
376 3898 385 3930 ⁴
398 3897 481 3947 Exod.
496 3916 535 3957 ιιι,
547 3899 570 3946 5.
