2706 4624
269 255 332 317 boo
713 255 855 318 numurus

267 398 410 452 meutum
423 387 528 452 niteris
540 411 614 454 oum
626 390 816 476 quibusbem
829 388 1012 454 velamentis
1026 391 1205 476 opponitur.
1220 389 1292 477 Sep-

269 495 346 560 timo
362 496 393 560 in
409 493 480 562 loco
495 498 637 584 operitur
656 508 688 562 et
711 496 849 572 labrum,
873 511 907 562 et
925 495 1003 560 nihil
1024 497 1138 561 borum
1154 499 1287 561 omnium

269 606 390 671 nudum
411 605 600 694 relinquitur
618 619 673 672 aut
689 608 873 672 revelatum.
895 607 1040 694 Denique
1055 607 1183 672 additur
1203 608 1287 672 etiem

265 725 459 801 praeceptum
482 715 664 802 hujusmodi
684 737 692 777 ε
712 713 860 790 «Nolite,
884 717 1010 801 inquit,
1032 715 1243 780 exterminare
1256 716 1287 779 do

267 823 378 888 »tribu
398 847 454 887 sue
473 815 602 910 'plebem
628 823 761 888 (leeth‘.
784 852 796 885 ι
812 824 886 903 Quo
901 823 1023 890 scilieet
1043 823 1288 888 exterminandos

166 1000 170 1008 ,
266 953 379 994 essese
390 932 520 1006 seirent,
532 933 556 994 si
574 933 652 996 t'orte
667 932 707 995 nd
723 932 791 998 haee
802 931 958 997 movendo
976 953 1087 996 monus
1103 955 1176 995 suas
1191 931 1289 994 mitte-

266 1052 348 1114 rent,
361 1041 420 1104 nisi
434 1040 682 1127 unumquodque
694 1063 806 1106 eorum
822 1042 908 1128 prius
923 1064 941 1105 a
957 1039 1175 1105 sacerdotibus
1190 1039 1288 1104 fuisset

197 1231 209 1236 -
266 1149 439 1214 obtectum.

266 1303 275 1322 .
311 1255 402 1322 Nune
412 1279 488 1344 orgo
501 1257 664 1322 redeamus
673 1258 713 1322 nd
726 1259 809 1322 istud
823 1255 1063 1324 tabernaculum
1075 1255 1228 1323 Ecclesiae
1238 1258 1285 1322 bei

265 1363 407 1438 viventis,
420 1377 452 1428 et
465 1365 625 1428 videamus
637 1365 797 1452 quomodo
812 1364 881 1430 haec
892 1363 1014 1452 singula
1027 1365 1189 1428 observari
1207 1387 1286 1452 opor·

265 1483 328 1535 teat
342 1473 374 1536 iu
388 1471 526 1537 Ecclesia
538 1472 595 1536 Dei
612 1497 628 1536 a
646 1473 862 1538 sacerdotibus
878 1473 1006 1538 Christi.
1023 1473 1055 1538 si
1071 1473 1141 1558 quis
1155 1497 1230 1537 vero
1241 1495 1285 1536 sn-

264 1579 375 1643 uerdos
389 1591 437 1644 est
453 1580 504 1644 cui
517 1603 587 1645 vase
604 1603 707 1654 saera,
719 1580 752 1644 id
763 1590 824 1654 est,
838 1580 1062 1667 mysteriorum
1074 1580 1236 1667 sapientise
1245 1601 1286 1644 se·

266 1700 351 1752 crete
372 1687 539 1752 commissa
556 1699 646 1760 sunt;
666 1688 766 1752 discet
784 1709 823 1752 ex
845 1688 894 1761 iis,
912 1700 945 1751 et
959 1689 1117 1761 observet,
1134 1687 1285 1774 quomodo

264 1796 333 1860 haee
347 1807 491 1882 oportent
508 1797 588 1860 intre
605 1795 747 1860 velamen
763 1797 966 1862 eonscientiae
981 1795 1154 1872 custodire,
1170 1819 1225 1861 noe
1237 1795 1284 1860 sn-

241 1899 244 1905 ’
264 1902 323 1966 cilo
333 1902 474 1988 proferre
489 1903 529 1966 od
543 1903 718 1990 publicum.
733 1903 798 1969 dut
814 1904 839 1968 si
854 1927 904 1970 res
919 1905 1022 1992 poscit
1037 1904 1190 1991 proferre,
1202 1917 1230 1968 et
1240 1905 1285 1968 in-

264 2007 442 2083 ferioribus,
456 2010 487 2074 id
497 2023 558 2086 est,
571 2012 816 2099 imperitioribus
833 2013 971 2088 tradere,
985 2035 1025 2078 ne
1041 2014 1125 2076 nudo
1140 2013 1283 2100 proferat,

264 2139 303 2180 ue
319 2131 425 2204 aperte
444 2119 602 2193 ostendat,
619 2131 651 2182 et
671 2119 796 2204 penitus
816 2121 973 2206 potentia3
996 2119 1137 2208 alioquin
1158 2118 1283 2184 homici-

263 2226 350 2290 dium
371 2226 455 2302 teoit,
471 2240 504 2291 et
518 2228 705 2294 exterminat
720 2227 856 2315 plebem.
873 2229 1109 2296 Exterminntur
1124 2231 1210 2295 enim
1228 2251 1286 2294 om·

263 2337 310 2400 uis
323 2337 376 2423 qui
388 2351 508 2402 secretu
521 2350 553 2402 et
566 2336 733 2404 ineffabilis
747 2353 942 2406 sacramente
955 2340 1135 2428 contigerit.
1150 2339 1286 2404 nondum

263 2447 382 2511 meritis
398 2459 431 2510 et
448 2447 577 2512 scientie
596 2447 627 2512 in
645 2449 813 2513 sacerdotii
828 2447 971 2512 ordinem
986 2448 1184 2536 gradumque
1197 2461 1284 2512 treus

263 2554 355 2620 totus.
374 2553 456 2618 Solis
472 2556 557 2621 enim
577 2554 650 2618 filiis
666 2555 785 2629 Aaron,
803 2557 1020 2620 sacerdotibus
1042 2555 1177 2629 seilicet,
1195 2556 1284 2643 ipssn

262 2685 368 2728 aream
383 2663 576 2738 testamenti,
592 2675 624 2744 et
644 2685 798 2736 mensem,
818 2675 851 2726 et
872 2662 1111 2738 condelabrum,
1127 2664 1200 2728 etsi
1216 2659 1282 2750 qu'd
1346 2659 1348 2670 '

261 2782 309 2834 ost
323 2793 433 2834 eorum
455 2794 525 2857 quse
545 2795 638 2859 supra
660 2770 972 2857 comprehendimus,
990 2772 1075 2836 nudo
1097 2795 1134 2837 ac
1155 2769 1282 2837 revehu

262 2878 368 2943 videre
387 2901 573 2946 eoncessum
588 2893 646 2946 est.
663 2879 724 2946 Atii
739 2891 846 2944 eutem
861 2893 969 2968 opertu
986 2880 1055 2946 haeo
1071 2881 1210 2954 videant,
1228 2881 1282 2942 imo

261 2987 365 3072 potius
386 2986 484 3052 velatu
500 2987 569 3052 haee
588 2989 620 3052 iu
636 2988 777 3052 humeris
792 2989 855 3052 suis
877 3001 1013 3075 portent.
1032 2990 1072 3054 Et
1087 2987 1142 3052 [ilii
1157 2988 1279 3074 quidem

262 3094 375 3170 (lauth,
388 3097 536 3182 quoniam
549 3097 621 3184 ipsi,
631 3095 704 3162 lieet
716 3120 779 3161 uon
792 3097 854 3161 sint
866 3098 1057 3173 secerdotes,
1070 3109 1144 3162 sunt
1156 3096 1281 3185 preximi

261 3206 492 3280 sacerdotibus,
504 3207 536 3270 iu
548 3205 689 3272 humeris
700 3207 764 3270 suis
776 3219 907 3294 possunt
920 3208 977 3270 iste
991 3218 1114 3292 portare
1128 3228 1136 3270 :
1152 3205 1197 3270 eii
1208 3226 1277 3267 vero

261 3313 397 3376 suminus
413 3337 484 3378 suns
498 3325 532 3378 et
546 3314 715 3380 ministeria
731 3339 789 3380 nee
806 3315 837 3379 in
853 3315 1007 3388 humeris,
1025 3315 1079 3380 sed
1095 3316 1127 3378 in
1144 3313 1280 3402 plaustris

260 3433 392 3507 ponunt.
418 3421 457 3485 Ut
476 3423 560 3486 enim
583 3423 808 3508 praevenientes
827 3422 996 3486 lectionem
1021 3423 1163 3487 dieamus
1178 3419 1279 3508 aliqua
1347 3437 1348 3452 ³

259 3531 354 3596 etiam
366 3531 404 3594 de
424 3530 460 3594 iis
476 3553 546 3616 quae
560 3529 648 3596 iocus
665 3532 841 3606 admonuit,
859 3553 933 3596 oum
949 3531 1138 3596 offerrentur
1154 3528 1280 3615 {singu-

258 3637 295 3701 iis
311 3639 487 3724 quibusque
503 3640 648 3704 tribubus
665 3639 814 3728 plaustra,
831 3653 969 3728 'quotuor
985 3664 1022 3704 ex
1039 3639 1075 3705 iis
1094 3646 1278 3726 aeceperunt

257 3745 313 3810 sdii
327 3745 451 3821 Merori,
463 3746 526 3812 duo
538 3760 644 3814 autem
654 3748 776 3816 Gerson
793 3748 858 3816 filii.
876 3748 924 3817 iili
938 3773 1011 3814 voro
1026 3751 1079 3837 qui
1094 3750 1204 3816 horum
1215 3767 1276 3811 me»

291 3875 388 3922 lNutu.
406 3888 438 3929 tv,
454 3874 489 3924 ¹8,
