2734 4594
366 262 397 305 ru
421 262 535 304 munuu
557 261 692 307 sumeuu
714 262 788 303 nou.
817 263 856 304 vr.
1073 238 1131 302 rai

96 401 240 479 sumpta,
257 387 312 454 uni
331 387 459 475 quidem
480 386 597 462 vitam,
617 385 668 452 alii
691 396 797 450 sutem
821 384 962 458 conserat
980 397 1128 451 mortem.

96 501 149 568 Sic
163 519 238 586 ergo
258 493 498 583 intelligendum
509 506 557 559 est
573 506 605 559 et
621 495 758 568 Sisaram
775 492 871 562 istum
888 492 1057 560 animalem
1072 493 1133 559 ho-

96 609 234 682 minem,
253 616 286 670 et
305 605 454 671 vitiorum
472 599 667 691 principem,
687 625 744 690 per
762 601 940 668 doctrinam
962 602 1130 678 Ecclesiae,

99 737 196 803 quam
215 737 280 780 non
294 737 333 780 ex
348 712 412 780 fide
429 713 585 799 suscepit,
596 711 782 784 extinctum,
804 710 868 776 sad
886 721 918 776 et
938 733 1134 799 unaqueque

100 819 203 886 anima
215 818 288 883 satis
305 828 375 905 agat
392 815 474 882 lacte
488 813 671 904 evangelico
686 827 781 904 atque
794 813 966 903 apostolico
982 814 1085 902 sopire
1100 816 1133 886 in

98 926 266 1013 semetipso
279 935 312 988 ot
325 923 508 1012 extinguere
524 923 672 990 Sisaram.
692 923 725 988 Si
741 923 826 988 onim
845 945 903 1011 per
918 921 987 988 brec
1001 921 1133 989 edoctus

98 1035 167 1121 quis
189 1031 427 1098 mortificaverit
449 1032 593 1097 membra
617 1054 671 1096 sua
695 1052 765 1118 quae
788 1041 862 1095 sunt
881 1042 1132 1119 superterram,

98 1141 280 1215 avaritiam,
299 1140 561 1215 fornicationem,
582 1151 614 1204 ot
628 1151 741 1209 caetora
760 1160 830 1226 quar
847 1150 972 1205 sanctus
995 1137 1125 1227 Aposto-

96 1249 144 1316 lus
159 1247 361 1324 enumerat¹,
383 1247 521 1316 Sisaram
540 1247 573 1314 in
588 1247 757 1335 semetipso
773 1247 930 1312 videbitur
943 1247 1132 1336 peremisse,

96 1369 133 1420 ut
143 1356 212 1421 haec
228 1355 403 1422 nonsolum
418 1356 450 1420 in
466 1379 600 1444 persona
616 1355 765 1426 Ecclesiae
776 1355 1010 1432 consummari,
1026 1379 1134 1422 verum

23 1486 43 1498 “
97 1472 195 1538 etiam
210 1471 422 1559 unusquisque
437 1471 470 1534 in
489 1493 546 1535 sua
562 1469 667 1536 anima
680 1470 826 1535 ostendat
840 1468 962 1557 impleri
978 1491 986 1533 :
1003 1469 1077 1556 quia
1092 1469 1136 1532 si·-

99 1589 156 1642 cut
173 1576 324 1652 diximus,
348 1587 470 1663 coeptus
487 1586 536 1640 est
550 1574 678 1663 quidem
695 1575 799 1642 Sisara
818 1575 965 1640 insectari
984 1573 1137 1662 apopulo

97 1683 217 1772 priori,
234 1683 440 1771 interemptus
457 1694 562 1754 autem
579 1707 596 1748 a
612 1681 743 1748 muliere
762 1705 800 1748 ac
816 1680 956 1748 Ecclesia
972 1681 1132 1770 gentium,

95 1803 130 1855 et
145 1792 178 1855 in
190 1811 287 1860 manu
303 1790 372 1878 ejus
385 1790 458 1855 data
472 1801 520 1859 est
534 1790 638 1877 palma
651 1789 799 1857 rictoriae.
814 1790 850 1855 ln
863 1788 1136 1856 consummatione

94 1899 258 1973 omnium,
283 1897 316 1968 id
330 1909 397 1972 est,
417 1898 450 1964 in
470 1897 533 1962 fine
554 1897 678 1973 saeculi,
697 1898 793 1964 etiam
816 1898 977 1964 canticum
1000 1897 1140 1964 Domino

91 2007 278 2074 cantabitur
292 2028 350 2094 per
364 2005 565 2081 Debboram,
578 2006 685 2093 inquo
700 2006 853 2093 primatus
865 2004 994 2093 quidem
1010 2005 1138 2070 dubitur

91 2113 188 2182 Jabel
204 2111 354 2180 Ecclesiae
362 2112 503 2202 gentium
515 2135 522 2178 :
533 2135 595 2178 nec
607 2124 713 2178 tamen
728 2113 886 2178 Debborae
896 2111 964 2177 laus
972 2111 1116 2180 silebitur
1129 2135 1137 2177 ε

94 2223 156 2287 sed
170 2233 201 2286 et
215 2221 323 2309 primis
339 2233 372 2286 et
391 2221 568 2286 novissimis
584 2221 723 2286 vietoriae
737 2221 904 2309 praemium
923 2219 1063 2295 dabitur,
1080 2242 1138 2307 pen

94 2330 210 2422 Jesum
227 2329 386 2398 Christum
401 2329 576 2396 Dominum
592 2340 754 2404 nostrum,
767 2329 819 2394 cui
834 2341 882 2393 est
896 2325 994 2416 gloria
1005 2377 1015 2403 ,
1028 2340 1060 2391 et
1075 2328 1140 2392 im-

91 2437 222 2528 perium
238 2438 270 2502 in
284 2436 399 2508 saecula
416 2435 618 2510 seculorum,
640 2435 754 2509 Amen,

89 2741 165 2764 mm
170 2739 267 2768 mmm
272 2743 290 2761 H
301 2741 434 2766 mmmm}
438 2739 500 2761 WbW
508 2750 512 2757 ·
517 2737 602 2762 ΝΛΜ
608 2737 738 2761 ᾺῚΝΜΛΝΜ
742 2737 839 2764 ἈΑΜἏΑ
843 2734 1008 2758 VUUUMWW!
1014 2735 1075 2754 buu-t
1080 2734 1144 2756 uwu

421 2943 616 3013 HOMILIA
641 2943 783 3011 SEXTA
802 2934 823 3018 ²,

319 3219 363 3276 Da
379 3219 495 3276 cantico
512 3215 592 3292 quod
607 3217 738 3274 cantavit
754 3210 918 3272 Debborat.

146 3457 172 3529 1,
191 3456 305 3523 Srsana
327 3481 402 3522 cum
417 3457 558 3522 exercitu
576 3478 654 3530 suo,
673 3465 704 3518 et
724 3453 870 3518 curribus
891 3451 999 3518 ferreis
1022 3453 1139 3540 quibus

77 3567 312 3655 impugnabat
327 3565 481 3654 populum
496 3565 553 3631 Dei
565 3614 574 3641 ,
585 3575 749 3652 superatus
762 3574 827 3639 cst,
844 3563 928 3649 quod
942 3563 981 3628 ita
995 3562 1138 3640 futurum

134 3716 145 3748 ¹
163 3709 260 3762 Coloss.
272 3710 354 3774 111,5.

132 3807 145 3840 ²
160 3806 234 3854 Tom.
247 3821 279 3865 ιι,
289 3821 360 3869 pagg.
372 3807 500 3884 tyn-422„

133 3899 144 3932 ³
162 3893 248 3942 Judic.
261 3911 284 3955 r,
