2660 4610
298 309 303 317 ·
348 291 377 334 ru
403 293 564 336 eluricuu
589 293 791 338 carricentur
816 297 875 338 nro.
904 295 939 337 11.
1096 271 1160 354 2⁴²7

122 410 243 478 »lsrael
261 461 270 486 ,
291 412 394 476 donec
413 411 577 501 plenitudo
599 416 740 503 gentium
763 416 953 482 intraret¹.»
981 414 1063 478 llinc
1085 435 1162 500 ergo

92 506 98 514 ’
123 530 173 585 est
200 520 233 584 in
260 541 312 584 me
342 543 437 607 quam
464 524 635 608 exprobras
666 523 724 588 ista
753 524 901 611 nigredo,
929 523 999 608 quia
1023 521 1163 607 despexit

122 651 176 692 me
199 626 246 692 sol
273 638 404 716 propter
429 628 683 696 incredulitatem
710 641 743 694 et
769 630 1015 696 inobedientiam
1043 651 1157 694 meam.

124 736 208 800 Cum
226 757 332 813 lvere,
360 746 446 800 recte
468 747 584 802 stetero
608 749 680 802 ante
704 759 802 811 eum,
829 747 860 802 et
882 760 946 802 non
969 737 1058 800 luero
1080 733 1162 799 obli-

124 867 208 931 quus
229 845 261 908 in
275 841 412 931 aliquo,
439 869 543 932 neque
564 844 763 912 declinavero
790 848 829 912 ad
852 847 1033 920 dexteram,
1059 867 1161 932 neque
1225 837 1227 842 ’

122 951 164 1016 ad
183 950 361 1026 sinistram,
382 952 438 1017 sed
456 952 562 1018 fecero
577 967 679 1019 rectas
696 953 824 1018 semitas
840 954 974 1041 pedibus
989 951 1067 1016 meis
1082 973 1160 1016 oon-

119 1070 170 1123 tra
190 1058 291 1124 solem
316 1061 442 1147 justitiae
469 1061 618 1126 incedens
645 1062 678 1125 in
707 1063 854 1127 omnibus
884 1059 1162 1147 justificationibus

118 1167 192 1253 ejus
218 1167 287 1232 sine
312 1167 473 1255 quaerela:
501 1180 579 1233 tune
596 1181 629 1233 et
650 1169 716 1255 ipse
732 1181 836 1234 rectus
859 1192 910 1234 me
937 1167 1107 1255 respiciet,
1130 1179 1163 1230 et

1 1288 3 1305 '
110 1273 211 1339 -uulla
228 1275 289 1339 erit
299 1272 486 1362 obliquitas,
503 1297 564 1340 nec
580 1277 640 1340 erit
653 1299 744 1341 causa
761 1276 824 1342 ulla
841 1276 1024 1364 despectus,
1038 1287 1070 1339 et
1085 1287 1162 1340 tunc

124 1380 280 1446 reddetur
305 1381 382 1447 mibi
405 1381 459 1447 lux
480 1406 551 1448 mea
573 1396 606 1448 et
628 1381 777 1470 splendor
796 1407 884 1448 meus
903 1385 957 1448 :in
974 1395 1162 1468 tantumque

124 1487 322 1576 propelletur
352 1515 368 1554 a
394 1513 446 1554 me
476 1513 572 1576 quam
594 1514 683 1554 nunc
705 1490 899 1577 exprobratis
920 1490 979 1553 ista
1006 1489 1160 1576 nigredo,

125 1608 161 1660 ut
176 1597 270 1661 etiam
286 1595 339 1660 lux
355 1597 467 1661 mundi
478 1619 602 1662 mercar
613 1595 772 1684 appellari.
793 1598 846 1662 Sic
861 1601 936 1684 ergo
953 1595 998 1660 sol
1016 1597 1075 1660 i'ste
1090 1596 1162 1683 qui—

121 1703 197 1768 dem
212 1701 337 1770 visibilis
349 1725 386 1768 ea
402 1727 535 1791 corpora
553 1705 696 1792 quibusa
713 1728 837 1768 summo
856 1702 1023 1770 libramine
1038 1702 1163 1768 insede—

120 1813 184 1885 rit,
208 1811 343 1878 infuscat
365 1825 398 1877 et
421 1813 506 1878 urit:
531 1837 568 1878 ea
588 1837 660 1878 vcro
679 1836 749 1900 quae
772 1811 883 1899 procul
903 1825 977 1878 sunt
995 1823 1027 1876 et
1042 1812 1081 1874 ab
1104 1811 1161 1876 ista

117 1919 343 1986 collibratione
360 1919 482 2008 longius
495 1922 612 2008 posita,
631 1922 841 1986 conservatio
859 1920 995 1985 candore
1011 1942 1088 1994 suo,
1102 1941 1162 1983 nec

118 2028 254 2092 omnino
270 2029 332 2092 urit
353 2051 410 2102 ea,
428 2029 484 2093 sed
505 2028 669 2094 illuminat.
692 2027 836 2094 solvero
859 2026 1022 2115 spiritalis,
1047 2026 1100 2113 qui
1115 2037 1163 2090 est

118 2134 167 2198 sol
184 2136 332 2222 justitiae,
356 2136 389 2200 in
412 2137 504 2223 cujus
527 2137 638 2224 pannis
659 2137 775 2201 sanitas
798 2158 866 2198 esse
890 2136 1023 2208 dicitur,
1047 2155 1161 2198 econ·

115 2243 216 2306 trario
231 2267 286 2308 eos
303 2245 432 2331 quidem
447 2267 525 2331 quos
542 2245 618 2310 recti
636 2244 740 2309 cordis
757 2243 928 2316 invenerit,
945 2255 978 2307 et
993 2241 1034 2306 ad
1047 2241 1160 2306 libram

118 2352 169 2416 sui
184 2352 361 2440 splendoris
377 2355 603 2427 consistentes,
621 2353 797 2427 illuminat,
815 2365 847 2416 et
862 2353 947 2416 omni
965 2349 1085 2438 fulgore
1098 2352 1162 2414 cir-

121 2460 277 2525 cumdat:
302 2483 356 2525 eos
371 2471 478 2526 autem
497 2462 551 2549 qui
567 2460 695 2548 oblique
710 2461 861 2526 incedunt
877 2483 952 2524 oum
972 2482 1029 2532 eo,
1050 2480 1162 2522 neces-

116 2568 203 2633 sario
221 2568 318 2633 etiam
339 2570 407 2657 ipse
425 2568 554 2654 oblique
574 2593 637 2633 non
660 2581 726 2634 tam
749 2568 876 2655 respicit
894 2590 989 2655 quam
1009 2566 1159 2652 despicit,

1 2689 8 2726 ἰ
117 2674 1162 2763 boceispraestantecircumstantiasuaetinstabilitate.Quomodo

119 2783 211 2848 enim
235 2785 289 2869 qui
310 2786 449 2872 perversi
472 2797 571 2858 sunt,
595 2796 726 2872 possunt
749 2784 908 2871 suscipere
931 2783 1017 2871 quod
1040 2793 1161 2848 rectum

117 2889 196 2954 est?
209 2889 303 2956 Velut
326 2893 350 2955 si
373 2915 471 2956 curvo
494 2892 579 2979 ligno
600 2892 749 2956 adhibeas
771 2891 980 2956 rectissimam
1001 2889 1161 2978 regulam,

119 2997 283 3062 videbitur
297 2999 426 3085 quidem
442 3023 500 3086 per
515 2998 655 3087 regulam
672 3001 759 3088 argui
774 3000 913 3064 meteriae
929 3001 1083 3087 pravitas,
1100 3023 1163 3064 non
1180 3011 1189 3032 ⁸

119 3117 232 3170 tamen
255 3104 362 3194 regula
377 3117 510 3192 estquae
526 3105 611 3194 ligno
628 3130 756 3172 causam
772 3107 983 3194 perversitatis
1001 3107 1160 3194 imposuit.

7 3249 12 3271 .
121 3214 166 3277 Et
181 3212 252 3278 ideo
267 3214 481 3280 festinandum
498 3227 546 3279 est
561 3216 601 3280 ad
616 3216 680 3278 vias
698 3228 819 3289 rectas,
844 3229 875 3279 et
899 3215 1047 3280 standum
1066 3215 1099 3280 iu
1114 3239 1165 3280 se-

126 3320 213 3384 mitis
227 3323 399 3398 virtutum,
416 3347 457 3388 ne
468 3323 549 3388 forte
565 3321 612 3387 sol
625 3323 753 3409 justitiae
769 3336 873 3387 rectus
885 3323 1054 3398 incedens,
1071 3324 1096 3386 si
1109 3346 1166 3387 nos

126 3426 272 3515 obliquos
296 3442 379 3495 stare
397 3431 535 3496 inveniat
556 3441 587 3496 et
602 3453 786 3519 perversos,
805 3430 956 3518 despiciat
971 3454 1027 3494 nos
1046 3443 1078 3493 et
1097 3429 1166 3494 elli-

124 3536 252 3600 ciamur
273 3538 440 3626 denigrati.
470 3539 506 3602 ln
534 3551 687 3625 quantum
713 3537 798 3602 enim
827 3539 993 3626 incapaces
1015 3537 1167 3600 fuerimus¹

123 3642 208 3707 lucis
223 3645 310 3730 ejus,
327 3646 499 3710 intantum
515 3647 652 3711 tenebris
665 3657 697 3710 et
713 3646 866 3734 nigredini
882 3647 1028 3710 dabimus
1045 3643 1162 3709 locum.

122 3752 188 3816 llic
207 3753 291 3817 enim
307 3736 355 3817 eit
373 3755 437 3843 ipse
463 3754 507 3818 sol
528 3756 580 3842 qui
605 3769 636 3820 et
657 3754 710 3820 lux
732 3779 823 3829 vera,
843 3754 1022 3820 illuminans
1039 3775 1167 3818 omnem

167 3884 174 3916 ¹
188 3889 260 3940 llum.
272 3908 314 3951 ιι,
327 3892 368 3939 ab.
