2692 4610
365 300 397 342 lit
422 298 593 342 nsvvvtctttt
616 299 745 341 uotum
769 299 838 340 vltt.
1058 302 1114 342 221

129 438 163 509 3·
177 441 322 532 Dogana
338 437 478 530 peccati
492 419 692 529 originalis,
705 431 804 530 quod
821 439 870 503 ita
884 435 1052 532 exponit*
1065 463 1072 505 :
1103 489 1107 502 .

125 641 353 662 ................
372 592 429 659 iiie
445 594 511 680 ipse
526 593 579 680 qui
595 593 748 666 nascitur,
761 595 824 658 sive
836 593 932 659 virilis
943 597 1008 661 sive
1023 597 1121 663 soemi-

84 706 137 770 nei
151 727 246 770 sexus
257 705 306 776 sit,
319 702 506 789 pronuntiat
518 702 556 765 de
567 725 606 767 eo
618 701 781 790 Scriptura
796 703 868 790 quia
885 727 948 770 non
961 705 1001 769 sit
1010 727 1121 791 «munff

89 842 103 874 ι
117 813 178 877 dus
193 835 211 876 a
225 813 326 886 surde,
343 810 467 876 etiamsi
484 809 575 874 unius
590 811 652 874 diei
665 812 705 875 sit
722 812 782 876 vita
798 811 897 898 ejus¹.
914 815 976 878 »Et
992 827 1026 877 ut
1042 815 1122 879 scies
1158 856 1161 862 ‚

90 943 160 986 esse
172 922 203 986 in
217 920 277 986 boc
291 919 411 1008 grande
429 918 535 983 nescio
553 918 642 1006 quid,
658 930 692 982 et
709 917 771 982 tale
791 918 877 1004 quod
897 918 973 984 nulli
993 932 1121 986 sancto-

94 1053 212 1094 rumex
226 1029 382 1094 sententia
401 1027 534 1100 venerit,
548 1050 642 1119 nemo
657 1049 695 1091 ex
711 1027 859 1091 omnibus
875 1029 990 1092 sanctis
1005 1030 1123 1094 inveni·

95 1149 144 1202 tur
154 1138 236 1202 diem
252 1136 370 1202 festum
386 1134 435 1200 vel
447 1135 628 1200 convivium
644 1157 795 1222 magnum
810 1134 909 1222 egisse
925 1135 957 1199 in
973 1136 1024 1202 die
1040 1149 1127 1202 nata-

89 1245 201 1318 dissui,
219 1269 316 1310 nemo
335 1243 495 1309 invenitur
512 1243 658 1307 habuisse
672 1240 812 1307 laetitiam
828 1241 860 1305 in
877 1242 927 1306 die
944 1243 1053 1310 natalis
1069 1245 1125 1311 filii

90 1353 139 1418 vei
151 1352 224 1418 fiiiae
237 1377 311 1448 suae.
325 1350 391 1416 Soti
404 1362 590 1439 peccatores
601 1375 697 1438 super
706 1350 891 1438 hujusmodi
904 1353 1064 1418 nativitate
1077 1354 1124 1419 lae·

93 1475 213 1526 tantur.
224 1462 404 1527 invenimus
416 1461 535 1524 etenim
546 1460 579 1523 in
587 1459 684 1523 veteri
699 1459 825 1546 quidem
837 1455 1040 1526 Testamento
1049 1461 1127 1527 Pha-

100 1593 241 1643 raonem,
255 1592 356 1657 regem
368 1567 510 1655 AEgypti‚
525 1567 609 1632 diem
623 1564 735 1631 natalis
750 1568 798 1631 sui
815 1589 888 1632 cum
904 1568 1068 1634 testivitate
1080 1595 1129 1638 ce·

99 1678 308 1751 lebrantem³3
328 1679 359 1743 in
376 1700 459 1742 novo
477 1675 766 1742 veroTestumento
783 1677 942 1743 Herodem
952 1678 973 1744 ⁸.
990 1680 1128 1770 Uterque

97 1801 199 1852 tamen
215 1809 327 1851 eorum
346 1787 446 1874 ipsam
461 1784 660 1850 testivitatem
678 1782 788 1850 natalis
803 1785 850 1848 sui
874 1786 1053 1872 profusione
1069 1790 1131 1854 hu-

95 1897 179 1963 mani
194 1896 356 1984 sanguinis
372 1893 549 1960 cruentavit
555 1917 564 1965 ς
581 1891 633 1957 iile
644 1893 729 1958 enim
745 1894 947 1979 praepositum
962 1894 1129 1981 pistorum,

93 2006 146 2071 bic
166 2016 316 2070 sanctum
336 2001 523 2090 prophetam
539 2001 696 2066 Jounnem
718 2001 919 2065 obtruncavit
935 2002 967 2066 in
991 2025 1127 2070 carcere.

95 2115 207 2182 Sancti
220 2136 294 2178 vero
310 2136 373 2176 non
386 2110 490 2175 sotum
504 2133 567 2174 non
584 2121 682 2198 agunt
693 2108 893 2173 festivitatem
908 2107 941 2172 in
956 2111 1006 2174 die
1022 2112 1133 2178 natalis

100 2223 162 2296 sui,
175 2222 234 2286 sed
246 2231 278 2284 et
289 2220 406 2307 Spiritu
418 2229 527 2284 anneto
540 2215 652 2302 repleti
667 2227 854 2280 execrantur
864 2215 949 2282 hunc
962 2217 1057 2284 diem.
1073 2221 1132 2287 Ne-

105 2353 168 2418 que
181 2329 268 2393 enim
283 2339 382 2392 tantus
398 2349 437 2391 ac
453 2323 521 2390 tuiis
542 2323 698 2412 Propheta
722 2322 913 2408 (deremiam
930 2325 1014 2400 dico,
1030 2329 1084 2414 qui
1100 2329 1133 2394 in

105 2449 197 2502 utero
213 2437 316 2500 matris
335 2433 549 2500 sanctificatus
563 2443 623 2506 est,
639 2445 671 2495 et
686 2431 839 2518 propheta
854 2432 885 2495 in
899 2435 1045 2520 gentibus
1061 2459 1135 2502 con-

96 2543 270 2633 secratus⁵)
282 2543 367 2607 tibris
380 2544 411 2607 in
423 2555 576 2606 aeternum
586 2539 742 2604 mansuris
755 2535 872 2623 aliquid
883 2540 1133 2610 inaniteroondi.

94 2657 206 2728 disset,
220 2654 279 2718 nisi
296 2664 453 2717 secretum
465 2649 540 2736 quid
552 2647 729 2715 contineret
739 2657 771 2710 et
786 2647 966 2733 ingentibus
978 2653 1133 2736 mysteriis

93 2763 244 2852 pienum,
263 2761 317 2824 ubi
335 2759 411 2824 dicit
428 2781 436 2822 ε
456 2753 663 2820 «Maledictus
680 2753 746 2820 dies
762 2752 794 2818 in
810 2775 874 2839 qno
893 2767 985 2820 natus
1002 2779 1085 2835 sum,
1102 2774 1135 2824 et

93 2897 184 2938 rnox
207 2872 241 2936 in
262 2891 325 2957 quu
341 2868 500 2940 dixerunt,
514 2865 600 2932 Ecce
617 2859 795 2929 masculus:
810 2861 996 2930 maledictus
1010 2868 1065 2952 qui
1077 2893 1135 2934 an-

92 3012 105 3044 a
118 2979 288 3048 nuntiavit
301 2976 384 3064 patri
399 2996 484 3048 meo,
502 2973 609 3040 dicens
625 2995 632 3036 :
648 2973 746 3038 Natus
758 2982 806 3035 est
820 2971 876 3035 tibi
890 2973 1057 3040 musculus.
1072 2977 1137 3042 Lae.

93 3101 216 3155 stetur
231 3087 332 3151 homo
351 3080 402 3146 iile
418 3081 499 3146 sicut
513 3081 655 3146 civitates
672 3101 749 3166 quas
764 3077 917 3143 Dominus
934 3081 1088 3148 destruxit
1103 3085 1135 3149 in

94 3199 249 3269 siurore,
263 3203 297 3258 et
312 3213 378 3256 non
390 3187 569 3278 poenituit⁸.
585 3215 597 3247 a
613 3186 789 3252 Videturne
805 3186 860 3250 tibi
873 3186 941 3252 baec
953 3200 1017 3255 tam
1032 3193 1136 3278 gravia

94 3317 208 3370 ettam
224 3321 360 3366 onerosa
374 3295 540 3385 imprecari
556 3294 713 3381 Propheta
725 3294 877 3381 potuisse,
891 3297 948 3360 nisi
965 3298 1058 3363 sciret
1070 3323 1137 3365 esse

98 3413 219 3500 atiquid
235 3413 268 3476 in
284 3410 343 3474 ista
357 3407 519 3472 nativitate
535 3427 699 3492 corporea,
718 3403 802 3490 quod
818 3415 850 3467 et
867 3403 1049 3492 hujusmodi
1068 3409 1138 3498 dig-

106 3544 182 3586 num
192 3515 473 3585 maledictionibus
482 3513 694 3586 videretur,et
705 3533 833 3599 proquo
843 3511 1015 3601 Legisiator
1024 3527 1070 3582 tot
1082 3518 1137 3582 im-

104 3628 274 3696 munditias
291 3632 473 3694 accusaret,
486 3621 601 3708 quibus
617 3642 771 3707 congruas
783 3619 1017 3706 purificationes
1029 3645 1139 3691 conse-

134 3747 143 3779 Ι
157 3745 188 3794 N.
201 3745 225 3793 5.
235 3761 263 3808 p.
276 3759 336 3807 ²²9·
354 3740 411 3787 abu.

133 3819 144 3852 ²
156 3821 217 3878 sos,
230 3836 282 3878 sav,
294 3817 321 3876 4.
333 3843 367 3854 -
378 3814 388 3847 ⁸
399 3811 470 3864 Gen.
482 3829 521 3872 ιι,
534 3827 572 3860 ao.
585 3838 615 3850 -
626 3809 634 3843 ⁴
646 3811 724 3860 Maro.
738 3828 771 3871 vr,
784 3828 822 3858 as.
834 3811 884 3848 -⁸
898 3813 952 3863 der.
965 3833 981 3860 r.
991 3842 1020 3851 —
1032 3815 1042 3847 ⁸
1054 3815 1138 3874 idem,

101 3909 143 3950 u,
160 3893 198 3952 rt.
