2692 4610
363 319 395 362 ru
418 317 589 362 savaricus
612 319 741 362 usuriis
765 319 807 361 xr.
1036 293 1103 385 adq

77 447 157 524 pater
167 435 254 500 Deus
265 433 394 520 est,·qui
406 434 515 520 genuit
527 434 674 520 spiritum
684 447 787 508 tuum,
800 433 854 520 qui
869 446 902 498 et
917 433 1012 499 dicit:
1026 435 1100 499 «Fi-

80 543 153 608 »lios
172 543 266 632 genta
284 555 317 607 et
336 538 469 606 exaltavi
483 539 528 604 ¹.»
543 539 605 606 Sed
625 553 658 605 et
677 539 791 604 Paulus
809 540 976 628 Apostolus
998 541 1094 606 dicit:

86 653 369 739 «obtemperemus
391 649 475 713 Patri
495 651 675 736 spirituum,
695 663 727 713 et
742 651 881 716 vivemus
891 649 938 715 ².»
952 649 1100 716 Secundo
1142 661 1147 670 “

82 762 135 826 tibi
148 773 292 848 patescet
308 758 413 825 caruis
427 769 518 845 pater
541 759 632 845 cujus
656 757 830 834 ministerio
848 760 880 824 in
897 781 993 824 carne
1009 771 1101 823 natus

84 893 126 944 es,
138 881 225 956 atque
237 871 267 935 in
282 869 371 934 hunc
387 867 543 932 mundum
562 868 685 944 venisti,
699 869 753 955 qui
771 882 801 932 te
819 870 954 956 portavit
970 869 1002 932 in
1021 866 1102 935 lum-

82 978 128 1043 bis
139 999 147 1038 :
159 976 235 1040 siem
250 977 368 1040 dicitur
379 975 419 1040 de
429 973 537 1050 Lesi³,
550 977 622 1063 quia
636 977 668 1042 in
681 975 796 1042 lumbis
809 989 876 1043 crat
887 978 992 1044 adbuc
1004 979 1103 1043 Abra·

83 1085 127 1149 hae
140 1085 262 1172 quando
278 1085 420 1150 occurrit
436 1084 464 1147 ei
482 1083 726 1162 Melchisedech,
743 1111 939 1175 «regressos
956 1088 1042 1153 crede
1056 1109 1104 1152 re·

78 1215 183 1280 ‚gum
195 1205 229 1256 et
240 1191 403 1256 benedixit
413 1214 487 1255 eum
500 1190 548 1266 ’,ο
562 1205 595 1256 et
609 1193 749 1258 decimas
761 1196 884 1281 aceepit
896 1197 938 1260 ab
955 1217 1004 1259 eo.
1019 1195 1103 1273 Quia

76 1301 166 1389 igitur
180 1313 250 1366 tam
265 1312 426 1366 sacratum
441 1322 558 1365 nomen
573 1313 621 1364 est
644 1303 753 1388 patris,
770 1315 802 1366 et
826 1315 891 1367 tam
913 1302 1102 1378 venerabile,

79 1410 194 1474 idcirco
217 1409 272 1495 qui
294 1407 491 1474 maledixerit
514 1411 596 1496 patri
617 1422 673 1474 aut
694 1412 800 1484 matri.
817 1421 920 1474 morte
938 1411 1101 1476 morietur.

27 1566 29 1574 .
84 1513 200 1587 Similia
215 1515 307 1580 etiam
322 1516 362 1579 de
382 1528 483 1580 matre
494 1515 701 1592 eaistimanda
714 1529 800 1592 sunt,
815 1518 906 1604 cujus
919 1515 1039 1592 labore,
1051 1541 1106 1584 cu-

83 1624 133 1709 jus
148 1645 221 1687 cura
238 1624 324 1709 cujus
347 1623 522 1687 ministerio
539 1634 570 1687 et
591 1635 684 1689 natus
705 1637 738 1688 et
759 1626 896 1690 nutritus
910 1649 955 1712 es.
979 1627 1020 1692 [lt
1034 1626 1106 1692 ideo

83 1740 202 1818 oportet
216 1741 248 1794 te
258 1731 437 1796 secundum
453 1729 639 1818 Apostolum
653 1755 762 1819 parem
777 1733 910 1820 gratiam
922 1734 1040 1800 referre
1052 1757 1107 1823 pa-

78 1842 228 1906 rentibus.
251 1840 285 1906 Si
306 1841 392 1905 enim
415 1840 657 1906 dehonoraveris
674 1853 797 1930 patrem
820 1843 992 1921 carnalem,
1011 1844 1107 1931 hujus

80 1947 269 2016 contumelia
282 1948 324 2014 ad
337 1948 464 2013 Patrem
481 1949 649 2035 spirituum
665 1950 746 2014 redit
759 1973 767 2012 :
782 1962 814 2015 et
827 1952 851 2015 si
865 1952 1014 2038 injuriam
1025 1952 1108 2017 lece-

77 2061 119 2124 ris
130 2059 224 2124 matri
240 2057 374 2133 carnali,
387 2059 427 2123 ad
443 2056 529 2122 illam
544 2071 678 2123 matrem
695 2059 871 2126 Jerusalem
883 2059 1044 2127 coelestem
1061 2085 1108 2128 re

83 2166 204 2231 dundat
218 2166 342 2252 injuria.
360 2164 413 2231 Sic
428 2173 460 2229 et
475 2188 582 2230 servus
601 2167 626 2230 si
647 2159 775 2231 domino
790 2168 964 2235 irreverens
985 2171 1037 2245 sit,
1053 2193 1110 2258 per

84 2274 173 2338 hunc
188 2273 379 2361 corporalem
397 2273 574 2352 dominum,
592 2276 624 2339 in
646 2276 818 2341 Dominum
838 2278 1010 2365 majestatis
1030 2302 1110 2345 con-

86 2382 253 2451 tumeliam
271 2388 364 2473 jactat
380 2409 389 2450 z
405 2384 457 2450 ille
474 2386 557 2450 enim
573 2387 649 2452 huic
664 2386 781 2452 carnali
801 2388 930 2453 domino
946 2413 1037 2454 suum
1052 2413 1112 2455 no·

81 2517 156 2560 men
175 2493 334 2582 imposuit.
351 2495 391 2558 Et
407 2493 479 2557 ideo
500 2491 587 2558 nullo
602 2517 717 2581 genere
737 2493 906 2560 adversum
921 2508 1043 2583 patrem
1059 2510 1113 2560 aut

79 2618 233 2680 matrem,
254 2627 294 2668 ne
317 2605 414 2669 sorbo
439 2602 581 2689 quidem,
599 2603 781 2668 habendum
804 2615 1040 2678 certumnest,
1057 2615 1113 2668 aut

78 2712 238 2778 movenda
252 2711 471 2778 contradictio.
486 2711 578 2776 Pater
589 2722 649 2786 est,
663 2723 763 2776 mater
774 2723 839 2783 est;
855 2722 890 2776 ut
905 2711 977 2798 ipsis
990 2711 1114 2777 videtur

77 2835 188 2910 agant,
206 2820 337 2895 saciant,
350 2820 479 2885 dicant:
497 2820 555 2908 ipsi
570 2820 725 2885 noverint.
741 2821 1043 2907 Quantumcumque
1056 2821 1114 2886 de-

77 2929 251 2994 tulerimus
269 2929 433 3014 obsequii,
455 2929 595 2995 nondum
618 2928 778 2994 reddimus
803 2931 901 2995 sicem
921 2931 1027 3017 gratiae
1052 2954 1114 3018 qua
1205 3001 1206 3006 γ

72 3041 177 3130 geniti
195 3061 321 3112 sumus,
334 3062 395 3127 qua
408 3040 537 3126 portati,
549 3061 611 3126 qua
622 3038 785 3103 hausimus
798 3036 916 3110 lucem,
930 3061 991 3125 qua
1004 3040 1115 3103 nutriti

75 3172 207 3222 sumus,
223 3147 362 3212 fortassis
378 3159 411 3210 et
426 3146 606 3219 eruditi‚‚ot
625 3144 765 3209 honestis
781 3146 901 3210 artibus
916 3146 1058 3210 instituti.
1077 3147 1117 3209 Et

75 3257 154 3345 ipsis
170 3256 306 3320 sortasse
321 3254 505 3318 auctoribus
517 3251 701 3341 agnovimus
716 3253 830 3326 Deum,
843 3253 927 3316 etad
942 3252 1116 3319 Ecclesiam

78 3368 138 3432 Dei
155 3367 318 3438 venimus,
330 3375 363 3428 et
379 3384 559 3428 sermonem
575 3362 687 3426 disinae
699 3359 775 3449 legis
788 3363 972 3427 audivimus.
985 3363 1118 3451 Propter

86 3473 157 3540 hae
176 3497 253 3564 ergo
273 3473 395 3547 omnia,
414 3473 606 3559 quicumque
624 3467 819 3535 maledixerit
836 3471 917 3558 patri
938 3482 992 3535 aut
1013 3473 1118 3546 matri,

84 3593 190 3648 morte
207 3583 375 3649 morietur.
392 3581 489 3659 Quod
504 3581 529 3644 si
544 3580 613 3653 haec
636 3580 676 3645 de
698 3579 914 3667 corporalibus
936 3583 1120 3670 parentibus

78 3693 317 3766 decernuntur,
336 3691 414 3778 quid
432 3688 475 3754 illi
492 3689 607 3754 sacient
627 3690 681 3776 qui
695 3691 798 3754 Deum
814 3689 939 3754 Patrem
961 3688 1122 3756 maledicis

76 3805 214 3870 vocibus
225 3800 414 3869 lacessunt?
426 3800 479 3887 qui
491 3822 563 3865 eum
576 3812 692 3888 negant
703 3799 899 3865 conditorem
911 3824 978 3865 esse
991 3799 1122 3864 mundi?

112 3936 120 3968 ¹
132 3935 197 3986 lsai.
210 3955 228 3995 r,
243 3952 267 3985 a.
277 3963 308 3972 -
321 3933 332 3966 ²
345 3932 414 3982 llob.
432 3948 475 3992 nr,
489 3947 513 3995 9.
530 3959 552 3968 -
562 3929 571 3964 ³
582 3931 646 3980 Gen.
658 3947 706 3980 xrr.
721 3959 751 3968 —
761 3931 771 3964 ¹·
782 3932 850 3980 lleb.
864 3948 908 3992 ru,
926 3949 947 3978 ι.
