2744 4624
232 303 272 368 do
671 321 813 376 carentis

223 459 328 526 dicere
347 483 355 526 ε
372 489 384 522 ι
398 463 488 529 Sicut
503 487 615 532 cerrus
631 467 788 534 desiderat
803 467 844 533 ad
857 467 958 534 fontes
970 489 1136 555 uquarum,
1148 462 1191 532 ita
1204 454 1256 532 de-

222 595 236 628 ι
250 568 366 635 uiderat
378 573 481 640 anima
493 598 563 641 mea
576 576 615 642 ad
628 588 660 642 te
671 577 767 644 Deus.
783 575 887 643 Sitivit
897 579 1002 643 anima
1014 601 1084 643 mea
1099 578 1140 642 nd
1152 577 1256 643 Deum

189 695 192 702 ’
224 677 642 769 »vivumsquendoreninm
651 689 891 776 etpareboante
902 700 1109 777 conspectum
1119 686 1250 775 ejus¹is

223 784 367 854 Obsecro
377 813 431 856 vos
442 793 494 879 qui
510 794 668 861 nrrditorio
681 797 768 862 verbi
783 820 909 884 semper
920 796 1082 872 adsistitis,
1099 795 1258 883 patienter

223 894 371 983 occipite,
387 898 491 966 donec
515 900 687 992 paululum·
702 903 894 993 negligentes
915 917 947 969 et
970 903 1092 969 desides
1118 925 1259 969 commo·

224 1025 366 1070 neamus.
381 1006 536 1075 Habetotc
548 1013 745 1099 patientium,
758 1015 831 1102 quia
843 1015 884 1078 de
894 1012 1038 1078 Rebecca
1052 1011 1156 1086 uobis,
1166 1011 1199 1076 id
1211 1023 1258 1076 est

225 1111 265 1176 de
279 1114 442 1200 patientia,
464 1141 568 1184 sermo
583 1131 641 1186 est.
660 1123 700 1186 Et
719 1145 848 1187 necesse
863 1133 910 1186 est
925 1144 983 1186 nos
998 1143 1052 1186 eos
1068 1119 1122 1207 qui
1144 1117 1259 1185 collec-

224 1233 294 1286 tam
310 1223 485 1314 negligunt,
502 1242 535 1294 et
558 1231 667 1295 audire
689 1229 849 1297 declinant
862 1234 994 1297 verbum
1007 1229 1078 1305 Dei,
1092 1227 1258 1318 paululum

221 1353 280 1417 per
295 1335 479 1419 patientium
499 1338 650 1426 castigare
671 1363 679 1403 ε
698 1341 751 1426 qui
775 1363 838 1405 non
856 1340 1037 1405 desiderant
1054 1360 1170 1427 panem
1186 1339 1257 1403 vitre

226 1460 287 1504 nec
297 1438 412 1528 dquam
424 1444 543 1518 viram
555 1447 608 1532 qui
621 1469 684 1511 non
695 1461 812 1514 exeunt
824 1449 863 1514 de
876 1449 998 1523 castris,
1008 1469 1067 1512 nec
1079 1430 1258 1535 procedunt

226 1546 266 1612 dc
280 1549 427 1616 domibus
439 1549 543 1629 luteis,
558 1567 592 1619 ut
603 1553 752 1643 colligant
767 1557 825 1621 sibi
838 1580 952 1622 munna
963 1581 971 1630 ;
984 1579 1049 1621 non
1060 1556 1114 1643 qui
1128 1555 1258 1620 veniunt

225 1657 265 1724 ed
280 1670 416 1746 petram,
442 1671 476 1724 ut
499 1662 611 1727 bibunt
635 1664 675 1728 de
696 1663 849 1752 spirituali
868 1678 968 1753 petra.
986 1663 1077 1730 Petra
1101 1663 1185 1729 enim
1209 1677 1255 1728 est

225 1766 382 1843 Christus,
400 1779 435 1832 ut
450 1767 619 1857 Apostolus
633 1769 709 1834 uit².
728 1771 898 1848 Habetote,
912 1773 1055 1860 inquam,
1072 1795 1125 1837 vos
1142 1769 1252 1858 paulu·

224 1873 290 1940 lum
312 1877 506 1963 patientiam.
525 1877 637 1944 Serruo
656 1881 741 1946 enim
764 1883 854 1948 nohis
871 1892 920 1947 est
933 1881 973 1947 ud
993 1878 1197 1970 negligentes,
1222 1891 1254 1942 et

222 2007 277 2050 eos
296 1986 349 2073 qui
368 1984 450 2052 male
474 1987 602 2053 hubent.
630 1989 730 2056 «Sani
752 1993 843 2055 enim
866 2015 929 2057 non
955 1990 1096 2080 indigent
1117 1988 1255 2064 medico,

225 2092 310 2158 »sed
332 2091 414 2158 male
430 2095 610 2161 habentes⁸.
626 2126 640 2158 s
659 2097 763 2164 Dicite
784 2099 874 2176 mihi,
891 2123 945 2165 vos
961 2099 1014 2187 qui
1036 2097 1257 2163 tantummodo

224 2201 310 2268 lestis
328 2202 439 2268 diebus
456 2203 496 2269 ad
511 2204 677 2272 ecclesiam
700 2208 887 2284 convenitis,
904 2208 1007 2275 caeteri
1024 2208 1089 2273 dies
1105 2228 1167 2271 non
1186 2219 1259 2270 sunt

224 2308 319 2375 lostii’
332 2333 396 2378 non
412 2325 484 2377 suut
500 2313 566 2378 dies
582 2314 734 2381 Dominil
749 2317 769 2384 J
773 2319 933 2384 udaeorum
947 2330 1007 2393 est,
1021 2317 1087 2382 dies
1102 2327 1207 2382 certos
1227 2325 1260 2380 et

226 2437 312 2480 raros
337 2417 503 2483 observare
525 2417 691 2486 solemnes.
710 2423 750 2487 Et
771 2423 842 2488 ideo
858 2424 899 2489 ad
914 2446 967 2488 eos
984 2422 1059 2486 dicit
1074 2422 1172 2498 Deus,
1184 2422 1258 2510 quia

234 2550 246 2582 ι
265 2525 446 2590 neomenias
462 2538 579 2593 vestros
594 2540 626 2594 et
641 2530 769 2595 sabbeta
786 2544 818 2594 ot
833 2530 916 2594 diem
934 2551 1083 2616 magnum
1107 2553 1171 2594 non
1192 2553 1257 2594 sus-

224 2633 350 2700 stineo.
368 2634 534 2718 «ieiunium
549 2649 581 2702 et
591 2637 684 2702 serias
699 2649 730 2702 et
746 2638 812 2702 dies
829 2637 923 2701 festos
939 2647 1058 2700 vestros
1073 2637 1140 2701 odit
1152 2636 1256 2702 anima

225 2768 238 2803 s
256 2742 355 2807 mea⁴.
371 2770 383 2803 ι
399 2742 475 2808 Odit
487 2767 561 2832 ergo
573 2744 659 2809 Deus
670 2766 724 2808 cos
735 2745 789 2832 qui
805 2767 905 2808 unurn
918 2743 1000 2806 diem
1014 2751 1126 2830 putant
1142 2744 1259 2809 festum

226 2851 310 2918 diem
326 2870 394 2917 esse
410 2853 547 2918 Domini.
567 2853 736 2919 Christiani
754 2854 841 2918 omni
857 2853 907 2918 die
923 2835 1033 2918 carnes
1051 2851 1122 2940 ugni
1149 2873 1261 2918 come—

226 2960 319 3035 dunt,
335 2961 368 3025 id
382 2975 430 3026 est
444 2983 555 3027 carnes
571 2960 656 3026 verbi
668 2960 726 3024 Dei
743 2959 882 3046 quotidie
898 2972 1026 3025 sumunt
1029 3006 1166 3024 ..........

270 3067 334 3134 Sed
354 3082 388 3132 ut
409 3069 590 3134 omittamus
613 3067 783 3155 plurimar‘,
799 3069 1002 3157 nequeenim
1022 3067 1262 3134 commentandi

225 3199 313 3242 nunc
324 3188 448 3264 tempus
460 3189 520 3249 est,
533 3177 590 3241 sed
600 3176 777 3242 sedilicundi
793 3175 967 3243 Ecclesiam
978 3177 1051 3251 Dei,
1063 3189 1095 3241 et
1107 3176 1262 3264 pigriores

226 3307 265 3350 nc
279 3284 401 3349 desides
417 3285 576 3350 auditores
588 3285 739 3375 exemplis
755 3301 939 3354 sanctorum
954 3300 986 3353 et
1000 3287 1141 3376 mysticis
1156 3284 1263 3374 explu-

225 3392 404 3457 nntionibus
426 3394 619 3482 provocandi
636 3419 643 3479 ς
662 3408 768 3462 secuta
785 3419 919 3485 puerum
939 3397 1097 3470 Rebecca,
1116 3396 1199 3461 venit
1219 3395 1264 3459 ad

227 3491 325 3565 Isaeo.
348 3499 464 3566 Secuta
480 3503 565 3567 enim
581 3527 760 3570 sermonem
778 3505 1002 3593 propheticum
1018 3503 1159 3571 Ecclesia
1174 3503 1264 3568 venit

226 3608 267 3676 cd
280 3608 452 3677 Christum.
469 3615 509 3679 Et
521 3614 574 3678 ubi
591 3636 664 3677 eum
678 3613 817 3678 inveniti
834 3642 846 3674 ι
858 3615 906 3680 Ad
920 3621 1064 3702 puteum,
1078 3615 1200 3700 inquit,
1213 3613 1264 3699 ju-

227 3721 389 3786 »rumenti
409 3721 665 3788 deambulantem
674 3721 696 3786 ⁸.
712 3751 725 3784 ι
749 3721 910 3810 Nusquam
929 3723 1119 3789 recedituru
1141 3723 1262 3811 puteis,
