2744 4600
2 536 11 584 l

1 647 6 687 l

1 759 8 798 l

1 873 6 908 p

1 979 8 1020 Ι

1 1094 7 1134 Ι

1 1204 6 1244 l

408 284 438 326 ΙΝ
464 281 602 325 nonnos
627 283 755 325 notttnta
781 287 874 328 xxvtt.
1079 275 1139 360 507

169 435 181 467 ι
195 405 330 470 Profecti
345 425 417 467 vero
433 427 471 466 ex
486 405 609 468 deserto
626 403 694 477 Sin,
711 407 912 470 venerantia
928 406 1073 495 Raphana
1085 412 1106 476 ¹.
1123 444 1135 474 ι

115 519 264 608 Raphana
280 517 507 604 interpretatur
522 517 645 582 sanitas.
662 515 756 582 Vides
771 517 914 582 ordinem
930 520 1142 607 profectuum,

118 627 280 716 quomodo
293 626 345 691 nbi
357 626 422 713 jem
435 622 603 712 spiritualis
614 623 749 691 allicitur
758 627 914 701 anima,et
923 627 1143 700 discretionem

119 737 296 802 coelestiam
306 736 436 823 caeperit
447 736 564 800 habere
577 736 744 811 visionum,
757 737 899 825 pervenit
912 738 952 803 ad
964 741 1143 818 sanitatem,

109 859 158 912 -nt
168 845 279 912 merito
294 845 397 910 dicat:
410 843 608 909 «Benedicat
623 845 725 911 anima
741 868 811 910 mea
831 845 1014 923 Dominum,
1024 863 1057 914 et
1072 873 1144 916 om—

123 957 200 1021 »nia
218 955 363 1020 interiora
386 975 456 1019 mea
474 977 589 1019 nomen
605 965 749 1020 sanctum
764 956 833 1042 ejus
842 955 864 1019 ².
886 957 1018 1038 »Quem
1032 960 1143 1025 Domi-

121 1087 197 1131 num
207 1063 243 1129 i«
256 1065 319 1143 Qui
334 1077 435 1140 sanat,
449 1066 572 1150 iuquit,
588 1087 697 1130 omnes
712 1062 877 1154 languores
891 1081 974 1143 taos,
990 1067 1044 1157 qui
1060 1070 1152 1136 redi--

118 1203 131 1236 ι
147 1173 205 1238 ιιιίι
216 1173 257 1238 ‹le
269 1171 397 1237 interitu
411 1172 506 1236 vitam
521 1183 607 1236 tuam
617 1171 640 1237 ⁸.
656 1171 760 1237 »Sunt
772 1173 858 1238 enim
873 1174 963 1240 multi
980 1173 1144 1265 languores

1 1319 5 1354 a
119 1285 243 1350 enimae.
260 1283 396 1350 Avaritia
409 1281 542 1372 languor
552 1285 621 1371 ejus
636 1296 696 1359 ast,
711 1285 887 1371 etquidem
902 1287 1054 1374 possimus
1063 1313 1073 1362 ς
1091 1312 1144 1353 sn-

125 1393 241 1482 perbia,
255 1393 313 1468 ira,
326 1393 488 1480 jactantia,
502 1391 650 1467 formido,
663 1393 883 1468 inconstantia,
896 1394 1145 1483 pusillanimitas,

42 1485 45 1498 ⁵
123 1515 156 1566 et
166 1503 278 1568 horam
290 1499 412 1566 similia.
425 1500 562 1581 Quando
575 1523 637 1575 nac,
649 1501 929 1578 nominetenus
942 1503 1146 1573 laisomnihus

124 1611 323 1702 languoribus
334 1609 614 1697 curabisi'quando
627 1610 763 1684 sanabis,
775 1623 809 1674 ιιι
821 1631 880 1700 ego
890 1612 1012 1678 dicam:
1026 1639 1038 1674 ι
1049 1615 1147 1680 Benc-

124 1750 137 1783 »
153 1721 315 1787 dicanirna
324 1743 394 1786 mea
403 1720 851 1808 Dominumqnisanatomnes
859 1721 1023 1810 languores
1032 1727 1140 1792 tuosi’s

122 1845 158 1895 ut
168 1833 285 1921 possim
295 1843 328 1896 et
337 1853 396 1918 ego
408 1830 603 1896 mansionem
617 1829 720 1894 iecere
732 1829 763 1895 in
774 1829 935 1919 Raphaca,
948 1835 1033 1921 quod
1043 1849 1090 1900 est
1101 1860 1147 1902 sa·

122 1944 214 2008 nitas.
233 1943 376 2030 Longum
392 1953 439 2005 est
454 1941 478 2005 si
491 1938 622 2006 velimus
637 1939 682 2004 irc
692 1963 750 2028 per
764 1939 900 2029 singulas
912 1945 1103 2020 mansiones,
1115 1957 1148 2012 et

122 2075 164 2117 en
173 2073 358 2139 unaquaque
369 2052 394 2116 ai
406 2073 466 2137 qua
479 2073 517 2116 ex
529 2050 694 2114 nominum
706 2049 970 2138 contemplatione
979 2077 1149 2144 suggerun-

127 2177 193 2235 tur,
210 2162 329 2249 aperire
351 2183 358 2224 ε
380 2160 511 2226 strictim
532 2172 638 2224 tamen
656 2173 688 2224 et
703 2159 839 2226 breviter
859 2183 1093 2248 percurremus,
1113 2177 1148 2230 ιιι

130 2293 195 2336 non
208 2268 397 2358 templanam
406 2271 493 2334 vobis
501 2269 741 2357 expositionem,
755 2271 826 2356 qnia
841 2271 969 2336 minime
982 2273 1013 2337 id
1025 2285 1149 2362 tempus

126 2380 279 2469 indulget,
288 2381 341 2446 aed
353 2381 533 2447 occasiones
542 2379 572 2449 in
583 2380 629 2446 eis
640 2376 849 2468 intelligentiae
862 2381 1150 2468 praebeamusfflrc

122 2490 393 2579 ficiscuntnrergo
406 2503 445 2556 ex
457 2489 618 2578 Raphana,
631 2501 663 2554 et
681 2490 811 2556 veniunt
828 2491 860 2555 in
876 2489 982 2556 Halos.
996 2491 1092 2558 Halus
1107 2492 1151 2560 la-

1 2652 3 2688 ,
122 2603 218 2665 bores
239 2601 496 2690 interpretantur.
516 2599 582 2665 Nec
601 2599 723 2666 mireris
741 2599 766 2664 si
788 2599 953 2666 sanitatem
974 2616 1149 2688 sequuntur

123 2710 259 2778 labores.
283 2709 450 2798 Propterea
473 2710 611 2776 enimet
633 2709 815 2798 adipiscitur
837 2733 854 2774 a
880 2711 1016 2778 Domino
1045 2715 1147 2780 anima

1 2879 3 2900 ἱ
19 2859 22 2864 -
124 2821 304 2895 sanitatem,
321 2832 355 2886 nt
370 2819 491 2886 labores
509 2819 737 2886 delectabiliter
751 2833 783 2886 et
797 2843 859 2886 non
875 2822 970 2887 inrita
985 2825 1144 2913 suscipiat.

1 2985 2 2996 ,
125 2931 250 2996 fficitur
264 2930 347 2994 enim
361 2931 410 2995 ei:
430 2957 443 2992 r
457 2930 594 2996 Labores
610 2930 772 2996 fructuum
787 2942 914 2996 tuorum
928 2935 1145 3012 manducabis,

1 3121 3 3132 ³
127 3041 267 3106 »beatus
282 3061 327 3115 es,
344 3052 375 3104 at
392 3039 473 3106 bene
491 3041 548 3105 tihi
566 3041 625 3105 erit
640 3040 661 3106 ⁸.
678 3069 690 3101 s
709 3039 783 3106 Post
801 3042 871 3106 haec
887 3042 1017 3107 veniunt
1035 3043 1066 3108 in
1085 3043 1149 3110 Ra·

126 3149 249 3237 phidin.
268 3149 495 3238 later-pretatur
515 3161 621 3218 eutem
636 3149 793 3239 Raphidin
815 3149 882 3215 laus
898 3150 1016 3238 judicii.
1036 3152 1150 3219 Justis-

130 3261 207 3324 sime
221 3257 288 3324 laus
303 3260 526 3346 sequitnrpost
539 3255 663 3324 labores
677 3282 686 3323 ε
704 3259 795 3345 cujus
810 3271 916 3324 tamen
930 3259 974 3323 rei
991 3257 1058 3342 laus
1071 3260 1149 3327 ilu-

133 3361 217 3439 dicii,
227 3365 339 3453 inquit.
354 3365 405 3430 Fit
419 3387 493 3453 ergo
505 3363 598 3430 laude
613 3363 705 3454 digna
718 3365 821 3430 anima
836 3385 907 3452 quae
919 3376 1004 3432 reolo
1015 3366 1167 3453 judicat,'

132 3485 216 3538 recte
229 3473 391 3548 discernit,
406 3473 437 3536 id
451 3483 511 3548 est,
524 3497 593 3561 qnae
607 3471 808 3562 spiritualiter
823 3473 974 3562 dijudicat
989 3477 1106 3551 omnia,
1119 3490 1151 3542 et

129 3586 194 3673 ipsa
215 3607 232 3649 a
253 3584 379 3649 nemine
395 3583 597 3671 dijudicatur.
616 3583 689 3649 Post
705 3585 774 3650 ltaec
791 3584 972 3672 pervenitur
990 3586 1022 3651 in
1043 3587 1150 3652 doser—

127 3709 198 3760 tum
218 3693 301 3760 Sina.
322 3692 396 3760 Sina
412 3694 476 3783 ipse
492 3694 620 3782 quidem
634 3693 722 3760 locus
738 3705 785 3760 est
800 3696 928 3787 deserti,
945 3717 1041 3785 quem
1054 3722 1148 3785 supra

125 3805 185 3872 Sin
207 3806 414 3877 memorarit:
432 3805 488 3872 sed
511 3804 563 3870 hic
585 3805 682 3894 magis
703 3802 791 3871 locus
811 3805 939 3882 montis,
957 3806 1010 3894 qui
1033 3806 1150 3895 inipso
1218 3799 1221 3806 ’

163 3933 261 3987 ¹llum.
272 3950 360 3998 ιιιιιι,
375 3953 412 4004 aa.
425 3965 455 3976 -
466 3935 478 3970 ²
488 3937 552 3988 Psal.
565 3952 617 3995 orn,
635 3935 1115 3996 1.-⁸1tt‹t.5.-·1³sat.cmm,s.
