2692 4610
242 297 304 358 228
687 309 831 352 orrtunttts

238 435 297 498 bus
313 427 477 496 construi?
500 428 583 494 Audi
605 427 682 515 quid
698 426 774 490 dicit
798 422 988 512 Apostolus:
1008 423 1192 488 «Modicum
1220 419 1263 486 ser

240 551 410 606 »mentum
423 547 521 602 totum
538 557 675 616 massam
690 534 878 622 corrumpit.
891 535 1070 622 Expurgate
1086 555 1163 621 ergo
1182 543 1271 598 vetus

139 667 143 678 ⁴
240 649 471 722 »sermenem
488 657 526 710 ut
546 645 612 712 sitis
628 667 709 712 nova
730 643 968 732 comper-sich·
989 642 1055 710 Sed
1069 644 1110 708 ad
1128 643 1272 731 proposi·

243 772 313 824 tum
331 757 508 822 redeamus.
1109 763 1117 780 ·

290 895 328 968 3·
337 899 448 965 Breve
462 892 535 962 hoc
552 893 597 962 dc
613 906 736 964 sancta
748 891 962 962 eucharistia
976 891 1273 980 testimonium:

242 1079 308 1098 .....
319 1029 368 1095 Τυ
381 1031 434 1117 qui
447 1028 487 1093 ad
499 1027 659 1092 Christum
672 1027 796 1102 venisti,
808 1025 991 1114 pontificem
1003 1048 1122 1101 rerum,
1137 1023 1197 1112 qui
1214 1047 1274 1089 san·

241 1139 334 1231 guine
350 1162 407 1204 suo
422 1137 527 1202 Deum
540 1135 595 1200 tibi
612 1133 885 1226 propitium-fecit,
897 1146 930 1199 et
941 1129 1153 1199 reconciliavit
1167 1143 1209 1196 te
1226 1131 1271 1196 Pa·

241 1251 294 1324 tri,
311 1271 375 1314 non
390 1246 508 1310 haereas
519 1244 552 1310 in
565 1244 716 1332 sanguine
729 1243 830 1308 carnis
843 1265 852 1307 t
867 1243 923 1307 sed
935 1241 1021 1308 disce
1031 1241 1134 1328 potius
1146 1241 1271 1329 sangui·

241 1379 315 1422 nem
326 1353 436 1428 Verbi,
448 1364 481 1417 ot
495 1353 568 1416 audi
584 1345 687 1440 ipsum
703 1351 759 1416 tibi
772 1351 946 1426 dicentem,
960 1349 1122 1438 quiarflic
1141 1351 1270 1440 sanguis

241 1486 358 1529 »meus
378 1474 439 1536 est,
458 1461 511 1548 qui
527 1483 584 1547 pro
605 1459 694 1526 vobis
712 1457 896 1524 effundetur
911 1460 942 1524 in
960 1459 1174 1524 remissionem
1195 1481 1271 1546 pec·

241 1567 448 1637 »catorum'’.
465 1565 581 1633 »Novit
597 1567 651 1655 qui
668 1566 824 1654 mysteriis
846 1568 987 1632 imbutus
1008 1581 1068 1642 est,
1089 1578 1118 1631 et
1140 1590 1269 1634 curnem

240 1691 272 1744 et
288 1677 472 1766 sanguinem
482 1672 581 1739 Verbi
598 1673 666 1738 Dei.
690 1675 759 1740 Non
774 1698 850 1762 ergo
867 1676 1073 1739 immoremur
1088 1675 1117 1739 in
1136 1675 1186 1740 his
1206 1701 1271 1764 quae

241 1797 274 1850 et
285 1782 457 1850 scientibus
469 1791 543 1844 nota
556 1792 641 1856 sunt,
650 1793 682 1844 et
693 1781 911 1868 ignorantibus
918 1793 1026 1868 putere
1036 1804 1097 1845 non
1105 1795 1270 1868 possunt...

601 2133 825 2206 HOMlLlA
849 2137 917 2208 X⁸.

242 2323 287 2380 De
292 2320 406 2402 jejumo
417 2320 494 2397 quod
505 2324 533 2379 in
544 2321 588 2378 dt'e
598 2317 852 2400 Propitiatr'ont'sfit
857 2367 867 2394 ,
877 2336 902 2380 et
916 2345 1029 2382 rursum
1041 2321 1075 2380 dc
1085 2319 1159 2380 hirco
1170 2323 1228 2394 qui
1247 2322 1273 2377 in

636 2429 756 2467 memum
766 2411 888 2468 mtttt‘trtr.

350 2595 405 2660 Est
417 2593 482 2660 Lon
490 2593 514 2668 ⁶,
527 2606 559 2656 ot
570 2594 676 2658 omnia
687 2617 757 2682 qum
769 2595 801 2659 in
814 2595 896 2683 Lege
908 2607 994 2668 sunt,
1007 2593 1180 2660 secundum
1189 2593 1277 2682 Apo·

241 2702 528 2776 stoiisentontiam,
544 2704 700 2789 usquead
720 2713 844 2792 tompus
861 2705 1068 2770 correctionis
1086 2704 1235 2791 imposita
1245 2703 1274 2776 ';

241 2825 273 2878 et
287 2812 369 2876 sicut
384 2809 417 2874 hi
432 2806 548 2897 quibus
562 2809 733 2876 artificium
748 2823 796 2875 est
811 2801 898 2900 sig'na
911 2836 951 2877 ex
961 2811 1151 2886 arefacere,
1163 2821 1197 2875 et
1209 2823 1277 2882 sta·

242 2933 310 2994 tuas
332 2917 477 2991 fundare,
498 2927 668 3004 antequam
690 2941 801 2984 rerum
820 2941 900 3005 opus
914 2919 984 2985 aeris
1003 2919 1197 3006 producant,
1224 2933 1282 2984 aut

241 3024 375 3113 urgenti,
393 3021 443 3087 vel
463 3022 545 3097 auri,
571 3021 758 3111 figmentum
784 3024 872 3112 prius
893 3023 951 3089 luti
972 3025 1013 3090 nd
1035 3023 1283 3092 similitudinem

241 3132 355 3197 sutore
378 3128 521 3218 imaginis
546 3127 703 3204 formant;
728 3131 814 3217 quod
842 3131 1028 3219 figmentum
1058 3135 1283 3200 necessarium

241 3238 370 3328 quidem
385 3249 445 3312 est,
461 3237 516 3302 scd
529 3259 692 3324 usquequo
708 3261 788 3324 opus
800 3238 888 3326 quod
901 3239 1075 3328 principale
1086 3253 1137 3305 est
1147 3240 1285 3330 expica-

241 3361 309 3421 tur;
332 3369 407 3416 cum
427 3360 533 3412 autem
556 3345 650 3412 fuerit
665 3346 815 3413 effectum
834 3370 913 3436 opus
937 3346 1016 3414 illud
1035 3361 1169 3438 propter
1190 3353 1285 3438 quod

242 3459 431 3546 figmentum
445 3452 503 3519 luti
519 3455 622 3522 suerat
636 3455 820 3532 formatum,
836 3479 911 3522 usus
926 3459 995 3545 ejus
1011 3455 1092 3524 ultra
1108 3481 1174 3524 non
1187 3484 1289 3547 qua·-

186 3611 189 3618 ·
242 3566 347 3632 ritur:
368 3563 429 3630 tale
443 3562 563 3652 aliquid
578 3565 716 3655 intellige
736 3567 832 3632 otiam
847 3567 879 3632 in
894 3567 942 3634 his
958 3591 1027 3656 quar
1043 3569 1075 3634 in
1092 3581 1170 3658 typo
1186 3581 1224 3635 et
1242 3571 1287 3635 ti-

275 3687 284 3718 t
298 3701 307 3732 r
320 3684 435 3734 Corinth.
448 3699 473 3743 v,
483 3684 509 3742 6,
519 3701 544 3746 7.
666 3685 719 3736 ²tt.
737 3701 774 3736 ιο.
789 3701 813 3750 p.
829 3685 884 3746 att,
897 3687 951 3746 ²44·

272 3758 282 3793 ⁸
295 3758 386 3806 Marrh.
400 3773 467 3815 xxva,
480 3757 518 3806 ab.

272 3835 368 3956 :iffi
379 3833 453 3954 ¹1¹1,p.
471 3831 518 3893 244
529 3841 555 3884 et
563 3849 636 3900 seqq.
647 3835 698 3873 -⁵
711 3835 743 3885 N.
760 3852 781 3896 r,
795 3853 817 3884 a.
829 3854 855 3902 p.
872 3837 919 3898 244
931 3865 960 3876 -
973 3838 1028 3895 ath.
