2744 4600
220 235 285 318 494
666 255 809 300 caremus

224 398 296 442 meo
310 374 461 451 Domino,
474 396 537 439 non
551 373 605 439 illo
619 374 713 440 Nave.
729 377 831 463 Atque
844 375 965 442 utinam
978 394 1048 442 mea
1061 389 1144 459 terra
1154 393 1257 444 cesset

224 512 241 551 a
257 485 358 552 bellis.
374 485 414 550 Et
427 506 549 550 cessare
560 495 665 571 posset
680 484 704 548 si
721 507 778 572 ego
794 484 870 556 Jesu
885 487 1018 575 principi
1034 509 1107 552 meo
1119 486 1258 553 fideliter

226 593 404 662 militarem.
430 595 463 660 si
485 595 571 660 enim
592 617 720 683 paream
736 618 807 660 meo
824 595 961 662 Domino
981 596 1071 673 desa,
1092 621 1258 687 nunquam

225 727 299 770 caro
316 727 386 769 mea
401 705 542 792 insurget
553 703 702 769 adversus
720 702 866 791 spiritum
882 727 1003 782 meum,
1017 729 1077 772 nec
1094 707 1260 796 impugna-

223 815 310 880 bitur
330 825 413 878 terrn
435 821 510 878 mea'
527 815 569 878 ab
589 812 773 878 adversariis
794 815 955 902 gentibus,
980 817 1111 881 diversis
1137 817 1260 884 scilicet

125 909 130 918 ⁴
226 921 494 1016 concupiscentiis
505 920 674 986 stimulata.
687 920 822 987 Oremus
837 945 913 1011 ergo
927 937 961 988 ut
977 923 1070 989 Jesus
1084 938 1197 1013 regnet
1212 949 1262 990 su·

227 1057 285 1124 per
299 1057 369 1110 nos,
384 1043 417 1099 et
432 1044 533 1099 cesset
549 1044 632 1098 terra
645 1043 752 1098 nostra
768 1055 785 1096 a
802 1029 906 1108 bellis,
926 1047 1027 1100 cesset
1043 1036 1081 1100 ab
1097 1035 1262 1123 impugna-

227 1141 365 1206 tionibus
381 1137 554 1204 carnalium
567 1137 796 1203 desideriorum
812 1149 866 1202 :et
882 1160 957 1204 cum
977 1140 1034 1204 ista
1054 1142 1260 1214 cessaverint,

226 1261 303 1315 tunc
320 1246 534 1334 unusquisque
549 1247 727 1334 requiescet
741 1247 800 1312 sub
818 1248 880 1312 vite
898 1271 967 1324 sua,
985 1261 1017 1314 et
1031 1250 1090 1314 sub
1106 1247 1172 1315 lico
1191 1273 1260 1324 sua,

225 1371 259 1424 et
276 1360 337 1424 sub
358 1355 440 1424 oliva
455 1379 511 1422 sua
525 1355 547 1420 ¹.
566 1355 633 1422 Sub
650 1354 829 1423 velamento
849 1358 936 1422 enirn
950 1357 1064 1437 Patris,
1077 1369 1110 1423 et
1124 1355 1211 1436 Filii,
1229 1371 1262 1423 et

226 1470 363 1560 Spiritus
378 1470 477 1536 sancti
492 1467 669 1556 requiesset
690 1469 795 1536 anima
811 1491 881 1557 quae
902 1491 1016 1558 pacem
1032 1468 1065 1533 in
1081 1491 1114 1533 se
1130 1491 1262 1556 recupe-

227 1581 344 1646 raverit
357 1579 460 1645 carnis
473 1601 511 1644 ac
526 1577 663 1666 spiritus.
678 1578 741 1666 Ipsi
758 1567 878 1664 aeterno
894 1579 962 1643 Deo
978 1575 1076 1667 gloria
1094 1577 1127 1642 in
1148 1575 1261 1644 saecula

226 1689 423 1757 secutorum.
443 1688 557 1754 Amen.
971 1707 974 1714 ’

228 1965 320 1983 mm
323 1964 1262 1985 ΜΜΜΜΜΜΜΜΜΜΜΜΜΜΜΜΜΜΜΜΜΜΜΜΜΜΜΜ

520 2109 746 2226 nonunt
784 2156 966 2228 xx1112.

230 2367 275 2424 De
285 2386 314 2423 eo
325 2359 401 2438 quod
409 2365 541 2439 serapnim
552 2373 592 2420 ast
603 2359 753 2421 :Munera
765 2381 843 2435 mea,
854 2359 923 2420 data
934 2361 1023 2434 rrrea³,
1033 2375 1057 2419 et
1066 2361 1100 2419 de
1111 2361 1265 2423 diversitate

643 2449 838 2530 festivitatum.

275 2639 299 2706 l.
318 2637 353 2703 Si
368 2634 546 2702 observatio
557 2634 801 2726 sacrificiorum,
814 2647 847 2702 et
858 2636 1001 2702 instituta
1019 2635 1130 2726 legalia
1148 2659 1222 2724 quae
1233 2637 1266 2700 in

231 2763 309 2837 typo
322 2748 394 2812 data
405 2756 478 2812 sunt
489 2741 607 2833 populo
619 2742 730 2820 lsraiil,
739 2767 840 2832 usquo
852 2745 892 2812 ad
903 2768 1040 2833 praesens
1046 2757 1174 2832 tempus
1181 2758 1267 2810 stare

232 2857 420 2948 potuissent,
428 2851 634 2919 exclusissent
641 2851 707 2916 sine
716 2852 814 2918 dubio
823 2850 982 2941 Evangelii
996 2853 1092 2918 sidem
1101 2875 1268 2940 perquam

230 2991 268 3033 ex
280 2966 418 3030 adventu
430 2963 558 3030 Domini
572 2963 672 3028 nostri
687 2962 764 3028 Jesu
782 2963 899 3028 Christi
912 2975 1021 3052 gentes
1033 2975 1270 3029 convertuntur

231 3077 272 3145 ad
286 3077 400 3142 Deum.
418 3074 495 3140 Erat
510 3074 597 3139 enim
613 3070 721 3138 inillis
739 3097 810 3160 quae
827 3085 905 3139 tunc
918 3075 1171 3139 observabantur
1181 3095 1269 3160 mag-

233 3187 327 3256 nilica
349 3184 494 3274 quaedam
511 3196 544 3249 et
566 3185 662 3249 totius
683 3183 866 3250 reverentiae
884 3182 977 3272 plena
996 3181 1118 3272 religio,
1135 3205 1209 3269 quae
1222 3205 1271 3246 ex

216 3300 301 3387 'ipso
322 3294 417 3360 etiam
436 3291 539 3382 primo
562 3304 692 3380 aspectu
714 3291 968 3380 obstupefaceret
989 3292 1159 3356 intuentes.
1189 3289 1270 3368 Quis

233 3405 332 3480 enim,
351 3403 458 3468 videns
474 3398 552 3465 illud
567 3400 654 3487 quod
669 3399 889 3489 appellabatur
907 3400 1122 3466 sanctuarium
1137 3399 1204 3464 sive
1219 3420 1272 3463 sa-

233 3515 387 3588 crarium,
399 3524 434 3576 et
446 3511 573 3576 intuens
590 3508 701 3586 altare,
721 3520 858 3576 astantes
869 3510 964 3576 etiam
977 3508 1156 3575 sacerdotes
1169 3507 1272 3572 sacri-

174 3642 179 3654 ·
233 3625 306 3692 ficia
325 3631 595 3695 consummantes,
616 3641 809 3707 omnemque
830 3619 976 3686 ordinem
991 3640 1054 3705 quo
1077 3627 1194 3682 cuncta
1217 3612 1271 3680 illa

266 3753 300 3800 ¹3
314 3753 374 3816 lieg.
388 3765 423 3808 vv,
436 3750 474 3796 25.

265 3829 360 3876 ’Tuan
376 3823 413 3882 ΙΙ,
426 3838 452 3886 p.
466 3821 514 3868 5⁵15
526 3831 550 3871 et
562 3839 636 3886 seqq.

262 3904 362 3953 ‘llum
378 3913 465 3947 xrvsvv.
