2604 4614
192 268 256 352 576
395 317 399 326 2
525 359 530 372 ι
634 291 775 336 annonara

193 415 362 484 testimonii
378 415 574 505 appellantur
585 429 692 483 sancta
704 429 887 483 sanctorum
897 418 929 494 ¹,
945 431 977 483 et
992 417 1132 504 illisquae
1142 418 1175 480 in
1188 413 1223 479 li·

193 526 252 590 bro
263 524 475 590 Numerorum
489 538 705 591 momorantur
719 549 814 614 opera
827 549 978 614 operum,
991 548 1126 614 quaeque
1141 523 1223 612 apnal

193 631 327 699 Paulum
343 631 493 698 dicuntur
509 631 622 698 secula
641 632 829 700 soculorum
837 633 859 699 ².
879 634 942 700 Sed
956 634 1122 721 quomodo
1137 632 1224 696 dille-

194 752 265 806 rant
279 765 297 806 a
312 741 426 805 sanctis
442 753 744 806 sanctasanctorum
760 743 792 807 in
803 743 912 808 Exodo
923 793 932 818 ,
944 755 976 806 et
993 739 1161 828 quomodo
1174 737 1226 804 ‹lil-

140 853 143 863 “
194 850 295 914 ferant
305 833 400 935 opera
411 850 451 912 ab
463 849 609 936 operibus
621 871 753 938 operum
766 851 797 914 in
814 849 1027 916 Numerorum
1040 846 1141 922 libro,
1153 857 1227 912 truc·

193 958 330 1029 tatibus,
356 968 450 1043 prout
470 957 651 1044 potuimus,
671 954 791 1023 dictum
812 970 860 1022 est
883 982 900 1022 a
923 947 1026 1024 n'obis.
1048 956 1119 1022 Sed
1141 954 1227 1020 etde

195 1063 310 1130 sucula
325 1062 512 1128 saeculorum
529 1064 561 1128 in
581 1063 658 1130 locis
678 1067 793 1153 quibus
816 1066 976 1141 occurrit,
992 1087 1059 1129 non
1081 1064 1226 1129 omissum

194 1184 259 1248 est,
271 1185 304 1238 et
314 1195 355 1236 ne
366 1171 477 1238 eadem
488 1184 666 1260 repetamus
677 1172 729 1238 illa
745 1173 912 1239 sufficiant.
928 1174 1021 1239 Nunc
1036 1195 1121 1261 ergo
1136 1173 1226 1258 requi

195 1303 300 1347 ramus
310 1281 413 1369 primo
425 1303 495 1369 quae
506 1281 569 1345 sint
584 1281 706 1346 cantica
716 1330 725 1358 ,
734 1305 870 1370 qnorum
884 1283 1088 1347 canticorum
1097 1281 1226 1346 luccesse

197 1390 356 1456 canticum
371 1389 495 1454 dieitur.
511 1390 592 1454 Puto
605 1411 681 1478 ergo
697 1391 782 1477 qnod
798 1391 921 1456 cantica
937 1391 999 1454 sint
1014 1387 1071 1454 illa
1088 1411 1160 1477 quae
1174 1389 1225 1453 do-

197 1499 273 1564 dum
288 1519 345 1586 per
358 1496 525 1586 prophetas
536 1495 603 1573 ,rel
613 1520 670 1585 per
685 1496 810 1586 angelos
823 1499 1021 1563 canebantur
1032 1497 1058 1562 ⁸.
1070 1499 1139 1564 Lex
1152 1497 1223 1561 enim

196 1607 314 1674 dicitur
323 1627 380 1694 per
392 1602 527 1692 Angelos
538 1605 714 1670 ministrata
726 1606 757 1671 in
773 1627 869 1671 manu
881 1605 1082 1670 mediatoris.
1096 1604 1150 1671 llla
1160 1625 1221 1691 ergo

198 1715 304 1780 omnia
315 1733 385 1800 quc
396 1735 453 1800 per
463 1711 532 1776 illos
543 1713 829 1790 annunciabantur,
841 1715 965 1780 cantica
982 1724 1082 1780 erant
1096 1713 1219 1801 peani-

198 1845 255 1889 cos
274 1822 378 1910 sponsi
399 1821 619 1908 praecedentia.
644 1823 731 1886 lstud
753 1845 828 1887 vero
852 1845 952 1887 unum
977 1823 1136 1890 canthum
1156 1833 1205 1894 est,

199 1927 354 2020 quod'ipsi
370 1931 435 2017 jam
446 1949 561 2018 sponso
573 1953 719 2019 sponsam
735 1953 823 1997 suam
839 1943 1031 2019 suscepturo
1045 1927 1201 2018 epithalamii

200 2039 304 2126 specie
319 2048 386 2102 erat
400 2039 579 2104 canendum
590 2061 605 2103 a
622 2040 656 2102 in
674 2061 737 2127 quo
752 2061 864 2127 sponsa
881 2031 945 2104 non
962 2038 1072 2103 adhuc
1083 2059 1132 2126 per
1144 2035 1202 2098 ani-

200 2147 299 2214 micos
310 2145 414 2234 sponsi
429 2146 547 2210 cantari
560 2145 618 2210 sihi
630 2145 713 2222 vult,
727 2146 783 2212 sed
797 2147 893 2235 ipsius
905 2148 969 2234 jam
983 2145 1092 2234 sponsi
1102 2163 1211 2232 presen-

199 2258 239 2320 tia
255 2254 363 2320 audire
378 2255 473 2318 verba
493 2253 669 2329 desiderat,
686 2254 793 2320 dicens
812 2280 819 2319 :
837 2281 850 2316 s
865 2251 1039 2320 Osculetur
1058 2273 1112 2318 me
1130 2249 1216 2317 osculo

202 2361 286 2426 soris
298 2359 376 2424 suil.
398 2359 512 2424 »Unde
522 2370 554 2424 et
565 2355 712 2424 omnibu's
727 2359 857 2425 canticis
871 2360 987 2424 merito
1002 2357 1180 2449 praelertur,
1192 2356 1226 2420 a·

203 2469 296 2534 detur
306 2468 392 2532 enim
403 2478 516 2533 caetera
529 2468 651 2534 cantica
664 2490 733 2555 quae
745 2469 809 2534 Lex
819 2481 851 2532 et
857 2468 1027 2557 Prophetae
1038 2470 1228 2540 cecinerim,

85 2583 88 2588 '
204 2572 342 2664 parvule
361 2573 465 2639 adhuc
483 2597 621 2662 sponse,
640 2587 673 2639 et
691 2599 761 2663 quae
776 2577 918 2642 nondum
938 2575 1092 2642 vestibula
1110 2588 1234 2641 mature

206 2683 305 2748 aetatis
322 2683 459 2769 ingressa
475 2682 532 2757 sit,
549 2682 742 2748 decantata:
760 2683 822 2749 hoe
836 2705 912 2748 rero
926 2684 1090 2749 canticum
1108 2681 1235 2756 adulte,

205 2805 238 2856 et
253 2793 317 2879 jam
333 2788 421 2856 valde
437 2791 589 2865 robustae,
603 2801 635 2854 et
651 2813 721 2877 quae
736 2814 833 2879 capax
849 2792 888 2856 sit
903 2792 968 2878 jam
984 2789 1081 2856 virilis
1093 2790 1237 2880 potentiae

206 2897 401 2988 perfectique
411 2898 571 2984 mysterii,
584 2897 755 2964 decantari.
773 2899 957 2964 Secundum
971 2899 1059 2986 quod
1075 2898 1239 2965 diciturda

95 3099 102 3112 “
207 3010 273 3096 ipsa
294 3007 368 3093 quia
390 3029 453 3070 una
474 3006 514 3070 sit
535 3005 674 3095 perlecta
698 3005 855 3073 columba.
879 3008 978 3087 Quasi
1002 3007 1144 3096 perlecta
1166 3027 1239 3094 ergo

208 3115 339 3206 perlecti
352 3114 411 3178 viri
428 3135 540 3201 sponsa
559 3113 708 3201 perfecte
723 3115 860 3202 suscepit
876 3115 968 3178 verba
990 3115 1151 3178 doctrinae.
1170 3112 1237 3176 Pri-

209 3247 299 3290 mum
309 3245 384 3310 ergo
395 3222 554 3286 canticum
566 3221 680 3286 cecinit
690 3223 755 3286 Deo
763 3221 883 3310 llloysea
896 3234 928 3286 et
938 3219 994 3286 filii
1006 3221 1104 3286 lsrael
1116 3216 1236 3308 quando

210 3334 355 3398 viderunt
370 3329 534 3417 AEgyptios
551 3340 691 3394 mortuos
710 3330 751 3395 ad
771 3328 857 3393 littus
871 3329 985 3404 maris,
1002 3339 1034 3392 et
1052 3327 1177 3415 quanalo
1196 3326 1245 3390 ri-

212 3441 326 3504 dernnt
349 3461 477 3503 manum
498 3437 612 3502 fortem
632 3449 665 3501 et
682 3433 848 3503 brachium
865 3434 1026 3502 excelsum
1047 3437 1196 3510 Domini,
1215 3445 1249 3498 et

213 3547 416 3629 crediderunt
427 3547 493 3611 Deo
505 3559 537 3612 et
549 3544 668 3612 lamule
679 3547 749 3634 ejus
759 3546 868 3634 Moysi.
880 3545 972 3610 Tunc
983 3555 1194 3610 cantaverunt
1205 3543 1249 3608 di·

214 3657 354 3722 dicentes
364 3677 382 3717 ¹:
401 3681 414 3714 s
428 3654 598 3720 Cantemus
609 3655 747 3719 Domino
757 3653 789 3729 ⁵,
810 3651 942 3742 gloriose
954 3651 1042 3718 enim
1054 3651 1250 3742 glorificatus

253 3823 350 3873 ¹llxod.
361 3841 429 3883 xxx,
444 3840 485 3886 ²9.
496 3819 549 3860 —2
563 3827 632 3873 Rom.
645 3842 696 3872 ιη.
711 3851 741 3861 -·
754 3819 763 3855 ²
775 3823 852 3872 Galat.
866 3839 914 3883 m,
936 3827 1200 3887 19.-·(ana.1,2.
1218 3847 1242 3859 -

218 3914 228 3947 ⁸
241 3912 319 3961 onrl.
332 3927 373 3970 xv,
390 3928 411 3958 r.
