2748 4596
391 293 422 338 ns
447 293 559 337 pronun
581 293 650 337 ruso
677 293 758 337 aava
782 295 855 338 noa.
882 297 924 341 xr.
1130 277 1171 340 65

132 411 265 490 sillem,
288 411 392 480 donec
412 433 590 502 expugnem
611 409 765 499 populum
786 411 891 476 istum.
915 413 954 477 Et
972 415 1059 479 stetit
1077 413 1122 479 sol
1141 427 1173 479 et

133 525 229 590 »luna
247 524 281 588 in
304 521 377 587 loco
399 543 479 595 suo,
503 520 606 584 donec
630 520 828 608 pervinceret
850 520 1005 584 Dominus
1029 521 1174 588 inimicos

2 643 6 704 ᾗ
47 671 51 677 -
133 653 277 697 reorum.
293 630 333 694 Et
349 630 437 694 stetit
451 626 497 692 sol
513 627 545 692 iu
560 627 666 692 medio
682 625 780 701 coelo,
802 638 835 690 et
849 649 913 692 nou
929 638 976 691 est
990 650 1173 716 progressus

135 739 198 804 ssd
214 759 362 803 oceasum
383 735 417 800 in
434 733 531 799 finem
553 733 645 798 unius
663 734 735 798 diei.
759 733 828 801 Non
847 733 907 797 suit
925 733 991 798 dies
1011 733 1080 798 talis
1101 747 1174 800 ante

137 847 240 919 rhos,
255 867 314 910 nec
331 844 374 908 ita
393 842 552 908 exaudivit
566 842 651 907 Deus
669 841 852 916 hominem,
865 842 938 928 quia
954 841 1108 907 Dominus
1119 865 1175 931 pu-

137 952 274 1040 sgnabat
291 972 349 1038 pro
367 946 474 1014 lsrael.
496 949 537 1012 Et
551 947 700 1036 sugerunt
718 946 761 1012 illi
777 948 915 1035 quinque
930 971 1019 1036 reges
1030 999 1039 1024 ,
1052 959 1084 1012 et
1099 952 1174 1014 abs-

135 1059 336 1125 scouderunt
355 1079 390 1121 se
411 1056 443 1120 in
461 1054 611 1143 spelunca
631 1056 663 1121 iu
684 1054 848 1142 Mageda¹.
868 1085 881 1116 s
904 1057 979 1121 Haec
996 1057 1171 1122 secundum

133 1168 299 1233 historiam
316 1165 445 1254 quidem
463 1177 571 1253 gesta,
588 1161 738 1230 miracula
756 1164 869 1229 divinae
883 1165 1006 1231 virtutis
1021 1167 1174 1232 universis

134 1273 256 1340 saeculis
269 1273 461 1361 praedicant,
478 1294 539 1337 nec
552 1272 811 1359 interpretatione
823 1273 1017 1338 extrinsecus
1032 1273 1175 1361 indigent

135 1384 169 1448 in
185 1383 300 1468 quibus
315 1392 476 1469 gestorum
489 1378 597 1444 lumen
609 1391 767 1444 coruscat.
786 1377 872 1458 Quid
888 1391 994 1444 tomen
1009 1378 1042 1443 in
1058 1380 1095 1444 iis
1110 1382 1173 1468 spi·

137 1487 236 1554 ritalis
251 1487 427 1555 intellectus
442 1487 622 1562 contiueat,
639 1487 846 1572 requiramus.

185 1595 268 1661 Cum
287 1596 388 1661 anima
408 1594 548 1660 humana
567 1593 673 1660 Verbo
693 1593 751 1657 Dei
771 1614 805 1657 se
825 1593 1007 1670 sociaverit,
1029 1593 1174 1660 dubitare

138 1725 203 1768 non
216 1702 311 1767 dehet
328 1704 434 1768 statim
450 1726 483 1766 se
499 1701 644 1766 inimicos
659 1700 859 1775 habituram,
878 1713 910 1763 et
929 1723 982 1764 eos
1001 1723 1080 1788 quos
1101 1714 1175 1766 ente

137 1810 293 1876 habuerat
307 1810 443 1885 amicos,
461 1811 493 1873 in
509 1807 702 1874 adversarios
714 1830 783 1871 esse
796 1807 963 1872 vertendos
978 1809 1095 1897 :idque
1110 1833 1173 1874 non

134 1917 238 1983 solum
253 1914 320 2006 pati
338 1940 371 1981 se
390 1919 430 1982 ab
446 1916 629 1982 hominibus
648 1927 771 2004 speret,
791 1937 901 2006 uerum
922 1915 1017 1980 etiam
1038 1915 1076 1980 de
1095 1939 1175 1981 con—

134 2026 238 2090 trariis
258 2024 426 2089 virtutibus
446 2035 479 2086 et
497 2020 688 2110 spiritalibus
707 2021 854 2108 nequitiis
873 2021 905 2085 id
924 2022 983 2086 sihi
1006 2023 1173 2088 imminere

134 2156 195 2222 pro
207 2145 296 2198 certo
308 2132 397 2198 sciat.
409 2133 448 2196 Et
460 2131 502 2195 ita
516 2130 569 2204 iit,
583 2130 683 2217 utqui
696 2128 848 2193 amicitias
859 2131 977 2215 expetit
987 2131 1062 2194 deso
1075 2179 1083 2205 ,
1096 2131 1176 2195 mul-

138 2252 246 2304 torum
271 2239 328 2304 sibi
355 2237 434 2303 sciat
455 2237 635 2306 inimicitius
661 2232 848 2299 tolerandas.
880 2234 961 2299 Audi
988 2235 1175 2324 Apostolum

142 2345 274 2412 Paulum
287 2347 353 2411 haec
364 2335 478 2411 eadem¹
489 2344 748 2416 confirmantem,
763 2365 834 2406 cum
849 2342 925 2407 dicit
940 2366 947 2407 :
968 2341 1113 2409 «Omnes
1126 2349 1178 2433 qui

141 2454 215 2541 spic
232 2452 339 2518 volunt
354 2454 459 2519 vivere
474 2453 506 2516 in
522 2452 668 2526 Christo,
685 2449 937 2538 persecutionem
950 2451 1109 2537 patientur
1120 2451 1142 2518 ².
1159 2481 1171 2514 s

134 2561 202 2627 Sed
221 2574 252 2624 et
267 2558 419 2628 Salomon
438 2558 550 2624 similia
566 2559 643 2623 dicit
665 2581 673 2622 a
697 2585 709 2616 s
728 2554 808 2632 Fili,
827 2556 943 2642 inquit,
964 2559 1117 2625 accedens
1138 2561 1178 2625 ad

137 2669 345 2734 »servitutem
366 2667 512 2742 Domini,
534 2687 675 2754 praepara
699 2665 836 2729 animam
858 2676 945 2729 tuam
969 2665 1009 2730 sd
1027 2667 1178 2732 tentatio-

136 2793 235 2836 suem
246 2770 269 2836 ⁸.
284 2800 298 2831 ι
318 2771 551 2859 Oppugnantur
565 2791 640 2858 ergo
649 2769 743 2832 etiam
756 2768 1053 2846 nuncGabaonitae,
1070 2773 1180 2859 cujus-

138 2901 277 2964 cumque
291 2879 378 2944 modi
393 2879 457 2943 sint
471 2889 602 2966 propter
613 2875 766 2942 amicitias
778 2875 854 2940 Jesu
865 2924 875 2949 ‚
888 2888 920 2939 et
935 2872 1011 2964 ligni
1027 2876 1101 2942 licet
1118 2879 1180 2944 sint

138 3007 273 3052 caesores
288 2998 320 3050 et
335 3008 424 3074 aquae
438 2997 629 3074 gestatores,
651 2985 703 3069 (id
718 2995 787 3057 est,
808 2981 882 3047 licet
899 2981 1000 3048 ultimi
1017 2987 1120 3050 meriti
1136 2989 1178 3052 sis

137 3093 172 3158 in
186 3091 346 3169 Ecclesia,
358 3106 466 3158 tamen
478 3093 539 3158 hoc
552 3093 619 3179 ipso
636 3091 708 3178 quis
723 3089 764 3155 od
778 3090 888 3156 desum
903 3091 1059 3178 pertines,
1072 3095 1178 3183 impu·

137 3203 305 3291 gualteris)
321 3203 487 3289 aquinque
499 3201 635 3289 regibus.
655 3198 718 3265 Sed
731 3211 836 3262 tamen
854 3221 913 3262 nec
925 3199 1108 3267 Gabaonitae
1121 3203 1180 3268 de-

140 3306 375 3394 relinquuntur,
396 3306 444 3371 vel
462 3315 654 3395 spernuntur
672 3305 712 3369 ab
732 3303 826 3377 Jesu,
849 3301 896 3368 vol
914 3305 954 3368 ab
971 3304 1124 3384 ducibus,
1141 3332 1180 3375 nc

141 3416 334 3504 presbyteris
357 3413 594 3489 israelitarum,
617 3412 671 3477 sed
695 3409 870 3475 infirmitati
894 3433 1005 3476 eorum
1028 3414 1179 3482 auxilium

139 3522 260 3588 ferunt.
279 3523 326 3590 An
340 3546 404 3588 uon
420 3522 478 3586 tibi
494 3523 618 3587 videtur
634 3521 697 3584 hoc
714 3541 807 3606 agere
825 3518 857 3582 in
872 3519 963 3584 nobis
977 3532 1011 3583 et
1025 3520 1087 3586 hoc
1103 3547 1180 3610 prm

142 3632 252 3718 cipere
269 3629 349 3697 illud
364 3629 505 3717 Apostoli
520 3627 726 3700 mandatum,
743 3648 806 3711 quo
821 3626 896 3690 dicit
911 3650 919 3691 a
942 3629 1180 3696 «consolamini

144 3737 406 3828 »pusillanimes,
424 3738 574 3816 sustinete
590 3735 732 3800 infirmos
744 3783 752 3808 ‚
766 3734 918 3821 patientes
938 3747 1036 3800 estote
1055 3738 1092 3801 ad
1115 3762 1181 3802 om·

178 3873 1136 3944 ¹Jos.x,12,13.1s‚15,16.-²2ttm.111,adn-osso,1.
