2682 4594
220 257 281 302 202
664 254 806 300 0116111118

216 380 446 468 requiesceret:
465 377 517 444 ille
534 388 642 443 autem
658 375 714 463 qui
729 377 761 439 in
774 373 893 441 deliciis
903 371 1008 444 iuerat
1019 371 1236 462 corporalibus,

217 490 337 556 obiitin
350 489 528 578 gehennam
544 486 644 576 ignis,
659 487 740 553 sicut
755 485 788 550 in
799 481 969 572 Evangelio
986 495 1055 560 est,
1070 497 1104 550 et
1117 484 1195 549 audit
1205 485 1237 550 ab
1339 529 1340 538 ι

216 599 396 672 Abraham,
414 597 488 685 quia
506 608 565 660 ιιιι
584 605 773 661 consecutus
787 617 821 658 es
835 593 919 658 bona
934 592 967 657 in
978 592 1042 657 sita
1058 591 1170 668 tua¹,s
1187 592 1239 658 boc

214 716 263 770 est
283 703 402 770 deliciis
422 706 606 779 abusores,
627 714 686 768 «et
701 702 837 769 lazarus
852 698 935 765 mola
952 722 962 764 ι
978 722 1064 766 nunc
1079 713 1181 766 antem
1193 699 1238 766 bie

216 815 425 903 »requiescit,
441 827 476 879 ιιι
492 835 568 880 vero
582 812 744 878 cruciaris.
760 839 773 878 ι
792 811 893 876 Nemo
905 821 1028 899 potest,
1045 822 1079 875 et
1092 810 1125 875 in
1140 833 1237 887 came,

214 935 247 988 et
259 924 291 989 in
302 924 415 1012 spiritu
427 921 546 988 babere
559 919 696 988 delicias.
713 919 778 985 Sed
792 918 816 982 si
833 917 902 1005 quis
917 919 949 982 in
965 939 1062 982 carne
1077 915 1238 992 deliciatur,

216 1031 298 1098 sicut
317 1027 369 1096 ille
391 1030 497 1105 dives,
520 1027 641 1094 carebit
662 1025 784 1116 gremio
806 1023 966 1091 Abraham
987 1036 1020 1089 et
1039 1022 1166 1089 deliciis.
1186 1025 1241 1105 Qui

216 1138 342 1203 veroin
360 1137 506 1226 praesenti
527 1133 643 1201 saeculo
663 1155 745 1222 pane
761 1131 938 1226 afflictionis
956 1131 1106 1206 vescitur,
1126 1131 1243 1198 sicutet
1339 1137 1340 1146 ’

215 1243 267 1310 ille
283 1267 417 1334 pauper,
439 1266 513 1310 cum
536 1242 611 1308 binc
632 1239 837 1313 abscesserit,
860 1239 894 1302 in
913 1237 1031 1304 deliciis
1046 1239 1117 1304 erit.
1140 1239 1243 1306 «Deli-

215 1353 322 1420 »ciare
334 1376 406 1440 ergo
419 1353 451 1416 in
463 1350 618 1425 Domino,
635 1362 667 1414 et
683 1348 770 1414 dabit
781 1346 839 1412 tibi
850 1346 1035 1433 petitionem
1049 1346 1153 1412 cordis
1164 1350 1238 1412 tuin

215 1459 312 1540 Quod
327 1461 352 1525 si
369 1460 475 1527 adhuc
493 1457 617 1546 plenius
634 1455 750 1521 intueri
766 1454 811 1518 vis
826 1453 989 1539 quomodo
1004 1455 1077 1540 quia
1089 1453 1245 1521 delicietur

214 1568 247 1634 in
262 1568 420 1643 Domino,
436 1565 581 1654 perspice
596 1563 683 1652 quod
696 1561 852 1630 Dominus
866 1561 980 1628 veritas
994 1573 1062 1637 est,
1081 1573 1113 1626 et
1129 1565 1246 1651 sapien-

213 1675 258 1739 tia
271 1685 338 1750 est,
356 1684 388 1739 et
403 1673 523 1761 justitia
539 1685 604 1747 est,
620 1682 653 1736 et
667 1667 878 1738 sanctificatio
892 1679 950 1732 est.
969 1666 1004 1732 Si
1018 1689 1095 1757 ergo
1110 1670 1247 1737 abunda·

214 1784 295 1848 reris
317 1783 350 1848 in
370 1783 485 1848 divitiis
506 1780 667 1854 veritatis,
690 1780 715 1844 si
736 1777 948 1844 abundaveris
969 1777 1002 1842 in
1021 1775 1182 1844 intellectu
1202 1805 1244 1847 sa-

233 1891 358 1965 ·ientiae,
374 1890 400 1955 si
416 1890 563 1978 copiosus
575 1887 671 1951 fueris
683 1886 715 1950 in
728 1886 853 1952 actibus
864 1885 1012 1974 justitiae,
1029 1896 1107 1951 tunc
1118 1886 1208 1976 plene
1217 1903 1247 1954 et

225 2010 334 2088 ntegre
351 1997 506 2064 deliciaris
521 1997 554 2061 in
570 1994 716 2061 Domino.
737 1991 817 2072 Quae
836 1994 944 2080 utique
963 2017 1039 2060 cum
1058 1993 1242 2084 expleveris,

212 2118 290 2171 tunc
310 2105 408 2170 etiam
429 2105 461 2169 id
484 2101 570 2191 quod
590 2101 795 2188 consequitur
814 2101 1006 2189 adipisceris.
1031 2103 1148 2168 «Dabit
1164 2104 1239 2167 enisu

213 2213 293 2277 »tibi
309 2212 464 2276 Dominus
480 2210 648 2300 petitiones
664 2208 768 2274 cordis
780 2208 836 2274 tui.
853 2237 867 2270 r
883 2209 1068 2276 Necessario
1083 2223 1183 2276 tamen
1193 2211 1245 2276 ud-
1338 2265 1339 2282 ι

211 2318 292 2384 didit
304 2317 463 2405 petitiones
479 2316 579 2384 cordis
594 2316 654 2391 tui,
667 2339 743 2382 cum
755 2316 907 2404 potuisset
924 2317 1033 2405 utique
1048 2317 1154 2384 dicere
1167 2323 1250 2408 peti·
1338 2347 1339 2362 2

211 2425 310 2491 tiones
326 2438 408 2492 tuas.
428 2426 476 2490 lta
492 2435 598 2491 nutem
615 2422 737 2491 lircilius
753 2422 884 2511 intelligi
899 2435 1012 2512 potest.
1033 2426 1172 2506 Quodsi
1187 2429 1252 2494 sin-

209 2532 356 2622 gulorum
380 2533 599 2599 membrorum
623 2531 750 2619 propria
773 2531 918 2618 quaedam
942 2553 1076 2619 persona
1098 2533 1252 2624 fingatur,

208 2641 296 2706 verbi
307 2664 421 2716 causa,
434 2641 461 2704 si
472 2637 584 2705 oculus
594 2639 727 2704 haberet
738 2660 850 2706 rocem
861 2687 869 2714 ,
882 2639 1101 2726 nunquidnon
1109 2642 1251 2710 diceret:

207 2760 281 2836 peto
293 2746 415 2823 lucem,
431 2759 465 2812 ut
477 2747 600 2813 videam
612 2771 649 2812 ee
660 2769 730 2834 quae
742 2769 794 2811 me
806 2745 912 2812 videre
924 2745 1106 2814 delectant?
1117 2751 1253 2842 Refugio

207 2857 292 2922 enim
309 2857 413 2922 videre
424 2855 590 2920 horrorem
603 2853 739 2942 aliquem
751 2903 760 2930 ,
772 2864 805 2918 et
816 2877 911 2919 omne
927 2854 1013 2941 quod
1027 2861 1208 2929 conturbat
1223 2875 1254 2926 et

206 2965 373 3031 contristat
396 2976 570 3053 aspectum.
594 2961 747 3028 Similiter
766 2972 800 3026 et
820 2961 845 3026 si
866 2962 991 3028 auditus
1013 2965 1179 3053 acciperet
1199 2993 1256 3034 ro-

206 3092 290 3145 cem,
304 3069 448 3156 nunquid
459 3093 524 3134 non
536 3068 655 3135 diceret
671 3090 678 3131 :
692 3079 767 3155 peto
778 3088 892 3132 sonum
906 3066 1068 3134 modulata
1080 3084 1152 3136 erte
1165 3098 1255 3140 eom

206 3178 364 3266 positum,
385 3200 500 3242 sonum
523 3173 762 3251 delectabilem,
783 3197 930 3263 asperum
951 3197 1026 3240 vem
1049 3189 1082 3242 et
1105 3181 1257 3248 terribile

206 3285 322 3373 aliquid
335 3285 443 3350 audire
460 3283 604 3373 refugio?
619 3283 666 3348 lta
681 3283 706 3347 si
722 3281 827 3370 gustui
841 3303 902 3347 vox
917 3281 1059 3359 daretur,
1076 3297 1109 3350 et
1126 3291 1256 3364 tactui,

204 3404 237 3458 et
252 3415 362 3457 omnes
382 3415 492 3458 sensus
513 3392 613 3458 nostri
634 3391 700 3456 sine
721 3389 819 3455 dubio
837 3387 906 3453 baec
921 3401 1084 3476 poterent,
1101 3418 1181 3482 quae
1196 3421 1259 3462 suo

204 3498 308 3563 sensui
324 3497 540 3592 conuenirent.
560 3496 609 3563 Ab
624 3494 673 3562 his
689 3517 765 3584 ergo
779 3505 977 3560 transeamus
998 3493 1038 3560 ad
1056 3519 1114 3563 cor
1133 3500 1170 3565 in
1188 3525 1260 3588 quo
1337 3527 1338 3538 ²

202 3618 251 3671 est
265 3628 371 3682 mens,
389 3618 421 3672 et
437 3603 617 3694 principalis
632 3601 827 3677 intellectus,
843 3613 876 3666 et
893 3600 1055 3668 videamus
1072 3606 1154 3691 quid
1172 3609 1263 3676 deci-

203 3715 291 3780 deret
302 3727 334 3780 et
346 3714 420 3801 quid
433 3725 520 3802 petat
532 3736 601 3786 cor,
618 3712 698 3778 sicot
715 3711 753 3775 do
769 3707 863 3774 oculo
880 3707 925 3773 vel
943 3708 983 3774 de
999 3711 1132 3778 auribus
1153 3729 1263 3782 c‘ctc-

238 3858 317 3910 ¹l.ne.
333 3879 392 3922 ιιι,
403 3863 444 3911 ai.

1336 3795 1338 3878 p
