2748 4596
233 259 270 322 18
681 273 823 316 onrcsrus
875 245 881 260 '

225 411 312 475 tum,
329 397 418 463 cibus
434 397 464 460 ei
478 394 677 461 ministratur
690 418 709 459 e
724 391 822 458 costis.
845 393 891 460 lta
906 415 982 481 ergo
997 405 1030 458 et
1046 393 1079 458 in
1093 392 1268 460 ‹lor-danem
1285 428 1288 437 =

226 525 300 569 arca
315 496 509 567 Testamenti
525 498 589 564 dux
604 511 672 564 erat
688 497 806 586 populo
819 497 887 564 Dei.
906 499 1057 564 Consistit
1071 499 1152 564 ordo
1167 522 1270 564 sacer·

227 610 340 676 dotalis
356 623 387 674 et
402 608 580 684 Leviticus,
603 619 636 672 et
658 629 747 695 aquae
770 604 855 672 velut
877 609 1086 676 reverentiam
1106 611 1271 698 quandam

227 719 286 785 Dei
301 716 453 784 ministris
470 715 666 792 deferentes,
686 738 817 781 cursum
836 738 929 781 suum
945 716 1123 792 refrenant,
1145 730 1178 782 et
1199 741 1273 782 coa-

228 840 399 898 cervantur
420 827 458 920 iq
469 825 657 902 cumulum,
676 827 736 890 iter
751 827 809 892 Dei
832 825 949 915 populo
967 826 1133 892 innoxium
1152 850 1271 894 conce-
1357 827 1360 876 l

230 937 406 1008 deutesAEt
418 958 459 1000 ne
474 935 597 1000 mireris
612 957 686 1000 cum
699 933 766 1000 haeo
780 945 867 1022 gesta
884 934 942 1000 tibi
960 957 1034 1023 erga
1055 935 1196 1023 priorem
1211 959 1272 1024 po-
1359 963 1360 1004 t

227 1044 339 1134 pulum
355 1043 554 1117 reseruntur,
572 1042 628 1108 tibi
641 1041 836 1117 Christiane,
856 1042 910 1129 qui
926 1065 983 1130 per
998 1042 1145 1130 baptismi
1162 1065 1272 1108 sacra-

227 1146 526 1226 mentumJordanis
538 1144 657 1210 lluentu
670 1146 826 1233 digressus
834 1169 884 1221 cs,
898 1145 1022 1211 divinus
1034 1169 1140 1212 sermo
1148 1148 1272 1236 majora
1359 1225 1361 1252 ⁴

226 1254 328 1323 multo
339 1268 372 1322 et
387 1252 517 1320 celsiora
530 1254 706 1341 promittit,
722 1253 783 1318 iter
793 1253 851 1319 tibi
867 1277 924 1342 por
934 1261 1007 1319 aera
1019 1254 1124 1342 ipsum
1136 1268 1170 1320 et
1181 1268 1273 1322 tran-

226 1366 322 1431 situm
337 1361 515 1454 pollioctur.
536 1360 618 1427 Audi
634 1361 753 1425 etenim
768 1359 902 1428 Paulum
919 1361 1079 1426 dicentem
1095 1363 1136 1427 de
1151 1364 1272 1450 justis:

235 1474 450 1562 «Rapiemur,
468 1469 581 1558 inquit,
598 1469 786 1535 in‘nubibus
802 1470 928 1536 obviem
945 1469 1072 1535 Christo
1084 1472 1117 1537 in
1130 1479 1222 1549 aera,
1240 1485 1273 1538 et

228 1583 293 1648 »ita
309 1603 433 1670 semper
445 1603 518 1646 cum
531 1578 668 1644 Domino
683 1577 802 1644 erimus
814 1576 836 1644 ³.
850 1577 956 1644 »Nihil
974 1579 1105 1644 omnino
1121 1593 1171 1644 est
1186 1584 1273 1669 quod

225 1665 347 1758 metuat
369 1690 490 1776 justus,
507 1687 609 1771 omnis
625 1687 654 1750 ei
670 1685 814 1752 creatura
831 1683 1013 1752 famulatur.
1031 1687 1115 1752 Audi
1136 1689 1274 1777 denique
1361 1771 1362 1774 Ἴ

226 1799 387 1888 quomodo
399 1797 495 1862 etiam
507 1819 564 1884 per
572 1794 764 1882 Prophetam
774 1795 967 1882 promittitei
975 1796 1061 1861 Deus
1073 1796 1202 1864 dicens:
1213 1801 1267 1864 «si
1314 1863 1316 1868 ,
1361 1817 1362 1830 ²

227 1920 388 1972 »transeas
403 1905 597 1993 perignem,
612 1902 743 1968 {lemma
761 1926 824 1968 non
840 1903 952 1969 aduret
972 1915 1022 1980 te,
1044 1906 1191 1993 quoniam
1206 1929 1265 1995 ego
1359 1939 1362 2044 1

227 2014 404 2082 »Dominus
417 2013 502 2077 Deus
514 2023 586 2076 tuus
596 2010 620 2075 ².
635 2011 770 2076 »Omnis
783 2011 878 2100 igitur
888 2010 977 2077 locus
989 2013 1122 2102 suscipit
1135 2017 1271 2103 justum,

226 2135 259 2188 et
279 2122 381 2187 omnis
405 2133 548 2186 creatura
568 2119 695 2183 exbibet
711 2118 855 2185 debitum
871 2118 1068 2186 famulatum.
1088 2124 1128 2187 Et
1145 2148 1189 2189 ne
1206 2125 1275 2190 esi-
1360 2197 1362 2224 ,

228 2232 336 2296 stimes
350 2229 438 2318 quod
448 2229 517 2296 haec
529 2229 561 2292 in
572 2226 730 2317 prioribus
747 2227 874 2313 quidem
891 2239 977 2316 gesta
994 2241 1082 2306 sunt,
1101 2231 1134 2298 in
1151 2244 1185 2297 te
1200 2257 1276 2298 sero

228 2329 281 2429 ipui
298 2362 383 2404 nuuc
400 2338 524 2402 auditor
539 2336 655 2400 horum
666 2357 699 2398 es
717 2335 794 2399 nilril
811 2333 872 2402 tale
888 2350 1038 2424 geratur:
1058 2340 1167 2406 omnia
1184 2366 1277 2408 com-
1360 2339 1363 2432 l

229 2447 357 2536 plentur
371 2448 404 2512 in
417 2458 448 2510 te
460 2444 638 2510 secundum
652 2442 820 2529 mysticam
835 2444 1001 2510 rationem.
1025 2447 1151 2512 Etenim
1169 2460 1207 2514 tu
1223 2452 1278 2539 qui

227 2580 330 2644 nuper
350 2543 538 2620 idololatrian
563 2550 701 2615 tenebris
720 2548 878 2617 derelictis
902 2553 993 2640 cupis
1014 2554 1054 2618 nd
1076 2555 1277 2625 audientiam
1360 2499 1363 2624 l

228 2665 342 2731 divinae
357 2661 433 2751 legis
446 2659 615 2733 accedere,
628 2679 715 2722 nunc
729 2658 868 2745 primum
882 2659 1054 2748 AEgyptum
1066 2662 1276 2754 derelinquis.
1362 2749 1363 2754 ἵ

228 2769 627 2840 Gum⁴catoehumon0rum
641 2777 825 2854 aggregatus
839 2791 873 2833 es
889 2791 1043 2845 numero,
1060 2783 1092 2836 et
1107 2778 1280 2864 praeceptis
1361 2759 1363 2808 l

229 2878 457 2947 Ecclesiasticis
469 2897 579 2966 parere
591 2873 733 2962 coepisti,
747 2873 903 2962 digressus
915 2899 949 2942 es
963 2901 1052 2944 mare
1060 2880 1232 2960 Rubrum,
1247 2897 1281 2951 et
1362 2895 1363 2918 t

121 3049 123 3052 .
228 2990 262 3055 in
277 2988 391 3053 deserti
402 2984 590 3052 stationibus
605 2981 745 3070 positus,
763 2981 803 3046 ad
815 2982 1004 3050 audiendam
1017 2986 1075 3051 Dei
1086 2988 1232 3078 Legem,
1248 3007 1284 3058 et

228 3096 416 3164 intuendum
442 3093 539 3158 Mosei
563 3088 687 3157 vultum
711 3112 768 3177 per
791 3088 924 3178 gloriam
946 3091 1074 3160 Domini
1099 3097 1283 3168 revelatum
1362 3181 1363 3188 p

229 3205 371 3295 quotidie
386 3225 488 3270 vacas.
507 3201 541 3267 Si
560 3222 634 3265 vero
653 3199 693 3264 ad
708 3197 879 3285 mysticum
894 3199 1041 3287 baptismi
1063 3208 1189 3272 veneris
1212 3211 1285 3276 son-

228 3329 314 3390 tem,
328 3325 361 3378 et
378 3311 569 3378 consistente
585 3306 731 3372 sacerdot
739 3302 772 3370 rli
791 3317 824 3370 et
843 3306 983 3374 Levitico
1003 3310 1116 3378 ordine
1132 3315 1284 3384 initiatus

227 3421 323 3488 fueris
340 3417 525 3487 venerandis
543 3414 603 3480 illis
619 3412 858 3502 magnificisque
879 3420 1101 3496 sacramentis,
1119 3447 1194 3511 quae
1221 3451 1288 3492 no-

226 3545 301 3596 runt
311 3529 357 3595 illi
368 3551 448 3617 quos
461 3547 552 3590 nosse
564 3522 609 3588 sas
621 3534 688 3598 est,
705 3534 784 3587 tunc
799 3522 894 3588 etiam
913 3526 1115 3594 sacerdotum
1127 3533 1288 3599 ministe-

226 3641 279 3705 riis
290 3637 432 3704 «Iordane
448 3633 588 3720 digresso
604 3641 720 3695 terram
734 3629 986 3717 repromissionis
1000 3634 1156 3714 intrabis,
1169 3641 1203 3706 iu
1217 3667 1289 3731 qua

228 3761 259 3814 te
273 3759 344 3836 post
360 3743 491 3829 Moysen
508 3738 638 3826 suscipit
655 3735 748 3802 lesus
768 3737 880 3826 etipse
898 3738 956 3804 tibi
971 3741 1109 3811 efficitur
1127 3750 1204 3814 novi
1229 3752 1293 3816 iti-

263 3885 272 3917 ¹
291 3907 300 3935 r
313 3885 398 3934 Thess.
408 3899 443 3940 av,
463 3875 628 3931 16.-²1sai.
643 3897 697 3928 xtrr
711 3917 717 3942 ,
731 3897 762 3942 a,
777 3877 800 3930 3.
