<?xml version="1.0" encoding="UTF-8"?>
<!DOCTYPE html PUBLIC "-//W3C//DTD XHTML 1.0 Transitional//EN"
    "http://www.w3.org/TR/xhtml1/DTD/xhtml1-transitional.dtd">
<html xmlns="http://www.w3.org/1999/xhtml" xml:lang="en" lang="en">
 <head>
  <title>
</title>
<meta http-equiv="Content-Type" content="text/html;charset=utf-8" />
  <meta name='ocr-system' content='tesseract 3.04.00' />
  <meta name='ocr-capabilities' content='ocr_page ocr_carea ocr_par ocr_line ocrx_word'/>
</head>
<body>
  <div class='ocr_page' id='page_1' title='image "./collectioselect01guilgoog_0585.png"; bbox 0 0 2748 4596; ppageno 0'>
   <div class='ocr_carea' id='block_1_1' title="bbox 257 216 1144 304">
    <p class='ocr_par' dir='ltr' id='par_1_1' title="bbox 257 216 1144 304">
     <span class='ocr_line' id='line_1_1' title="bbox 257 216 1144 304; baseline -0.002 -22"><span class='ocrx_word' id='word_1_1' title='bbox 257 297 260 304; x_wconf 27' lang='grc' dir='ltr'>Ι</span> <span class='ocrx_word' id='word_1_2' title='bbox 369 237 400 282; x_wconf 82' lang='lat' dir='ltr'><strong>tx</strong></span> <span class='ocrx_word' id='word_1_3' title='bbox 425 235 539 280; x_wconf 84' lang='lat' dir='ltr'><strong>traaux</strong></span> <span class='ocrx_word' id='word_1_4' title='bbox 560 236 629 280; x_wconf 78' lang='lat' dir='ltr'><strong>rasa</strong></span> <span class='ocrx_word' id='word_1_5' title='bbox 655 239 737 282; x_wconf 82' lang='lat' dir='ltr'><strong>xxva</strong></span> <span class='ocrx_word' id='word_1_6' title='bbox 762 239 835 284; x_wconf 82' lang='lat' dir='ltr'><strong>uox.</strong></span> <span class='ocrx_word' id='word_1_7' title='bbox 863 241 884 282; x_wconf 83' lang='lat'><strong>1.</strong></span> <span class='ocrx_word' id='word_1_8' title='bbox 1127 216 1144 280; x_wconf 83' lang='lat' dir='ltr'><strong>t</strong></span> 
     </span>
    </p>
   </div>
   <div class='ocr_carea' id='block_1_2' title="bbox 98 354 1166 3694">
    <p class='ocr_par' dir='ltr' id='par_1_2' title="bbox 98 354 1164 2374">
     <span class='ocr_line' id='line_1_2' title="bbox 117 354 1148 448; baseline -0.002 -21"><span class='ocrx_word' id='word_1_9' title='bbox 117 359 230 427; x_wconf 80' lang='lat' dir='ltr'><strong>celsum</strong></span> <span class='ocrx_word' id='word_1_10' title='bbox 245 358 306 424; x_wconf 89' lang='lat' dir='ltr'><strong>iter</strong></span> <span class='ocrx_word' id='word_1_11' title='bbox 320 355 360 423; x_wconf 88' lang='lat' dir='ltr'><strong>ad</strong></span> <span class='ocrx_word' id='word_1_12' title='bbox 374 354 484 424; x_wconf 74' lang='lat' dir='ltr'><strong>desum</strong></span> <span class='ocrx_word' id='word_1_13' title='bbox 497 359 660 446; x_wconf 82' lang='lat' dir='ltr'><strong>pervenire</strong></span> <span class='ocrx_word' id='word_1_14' title='bbox 676 383 684 424; x_wconf 93' lang='lat'>:</span> <span class='ocrx_word' id='word_1_15' title='bbox 699 359 842 448; x_wconf 86' lang='lat' dir='ltr'>quinimo</span> <span class='ocrx_word' id='word_1_16' title='bbox 854 372 887 426; x_wconf 90' lang='lat' dir='ltr'><strong>et</strong></span> <span class='ocrx_word' id='word_1_17' title='bbox 898 360 924 425; x_wconf 89' lang='lat' dir='ltr'><strong>si</strong></span> <span class='ocrx_word' id='word_1_18' title='bbox 936 383 1010 425; x_wconf 86' lang='lat' dir='ltr'><strong>eum</strong></span> <span class='ocrx_word' id='word_1_19' title='bbox 1023 371 1148 426; x_wconf 87' lang='lat' dir='ltr'><strong>tentans</strong></span> 
     </span>
     <span class='ocr_line' id='line_1_3' title="bbox 117 461 1150 554; baseline -0.002 -20"><span class='ocrx_word' id='word_1_20' title='bbox 117 467 313 534; x_wconf 75' lang='lat' dir='ltr'><strong>collocaverit</strong></span> <span class='ocrx_word' id='word_1_21' title='bbox 325 467 358 530; x_wconf 88' lang='lat' dir='ltr'><strong>iu</strong></span> <span class='ocrx_word' id='word_1_22' title='bbox 372 465 521 544; x_wconf 83' lang='lat' dir='ltr'><strong>excelsis,</strong></span> <span class='ocrx_word' id='word_1_23' title='bbox 535 467 612 534; x_wconf 82' lang='lat' dir='ltr'><strong>dicit</strong></span> <span class='ocrx_word' id='word_1_24' title='bbox 622 468 651 534; x_wconf 92' lang='lat' dir='ltr'><strong>ei</strong></span> <span class='ocrx_word' id='word_1_25' title='bbox 664 491 671 532; x_wconf 93' lang='lat'>:</span> <span class='ocrx_word' id='word_1_26' title='bbox 684 467 794 534; x_wconf 74' lang='lat' dir='ltr'><strong>«Mitto</strong></span> <span class='ocrx_word' id='word_1_27' title='bbox 805 480 837 532; x_wconf 90' lang='lat' dir='ltr'><strong>te</strong></span> <span class='ocrx_word' id='word_1_28' title='bbox 846 461 995 533; x_wconf 79' lang='lat' dir='ltr'><strong>deorsum</strong></span> <span class='ocrx_word' id='word_1_29' title='bbox 1007 467 1017 501; x_wconf 86' lang='lat'>¹</span> <span class='ocrx_word' id='word_1_30' title='bbox 1034 492 1041 533; x_wconf 91' lang='lat'><strong>:</strong></span> <span class='ocrx_word' id='word_1_31' title='bbox 1056 468 1150 554; x_wconf 81' lang='lat' dir='ltr'><strong>aquia</strong></span> 
     </span>
     <span class='ocr_line' id='line_1_4' title="bbox 118 574 1153 666; baseline -0.003 -22"><span class='ocrx_word' id='word_1_32' title='bbox 118 576 243 644; x_wconf 87' lang='lat' dir='ltr'><strong>humilia</strong></span> <span class='ocrx_word' id='word_1_33' title='bbox 258 597 384 666; x_wconf 87' lang='lat' dir='ltr'><strong>semper</strong></span> <span class='ocrx_word' id='word_1_34' title='bbox 399 574 519 664; x_wconf 80' lang='lat' dir='ltr'><strong>diligit,</strong></span> <span class='ocrx_word' id='word_1_35' title='bbox 537 588 569 640; x_wconf 91' lang='lat' dir='ltr'><strong>et</strong></span> <span class='ocrx_word' id='word_1_36' title='bbox 583 576 722 653; x_wconf 85' lang='lat' dir='ltr'><strong>onduoa,</strong></span> <span class='ocrx_word' id='word_1_37' title='bbox 735 577 767 642; x_wconf 91' lang='lat' dir='ltr'><strong>in</strong></span> <span class='ocrx_word' id='word_1_38' title='bbox 784 576 832 642; x_wconf 91' lang='lat' dir='ltr'><strong>his</strong></span> <span class='ocrx_word' id='word_1_39' title='bbox 848 590 979 665; x_wconf 85' lang='lat' dir='ltr'><strong>regnat,</strong></span> <span class='ocrx_word' id='word_1_40' title='bbox 995 579 1027 641; x_wconf 91' lang='lat' dir='ltr'><strong>in</strong></span> <span class='ocrx_word' id='word_1_41' title='bbox 1036 577 1086 642; x_wconf 88' lang='lat' dir='ltr'><strong>his</strong></span> <span class='ocrx_word' id='word_1_42' title='bbox 1102 599 1153 641; x_wconf 87' lang='lat' dir='ltr'><strong>se-</strong></span> 
     </span>
     <span class='ocr_line' id='line_1_5' title="bbox 121 683 1154 774; baseline -0.003 -21"><span class='ocrx_word' id='word_1_43' title='bbox 121 687 187 753; x_wconf 89' lang='lat' dir='ltr'><strong>dem</strong></span> <span class='ocrx_word' id='word_1_44' title='bbox 199 707 287 749; x_wconf 91' lang='lat' dir='ltr'><strong>suam</strong></span> <span class='ocrx_word' id='word_1_45' title='bbox 302 683 457 761; x_wconf 80' lang='lat' dir='ltr'><strong>collocat,</strong></span> <span class='ocrx_word' id='word_1_46' title='bbox 470 685 502 750; x_wconf 90' lang='lat' dir='ltr'><strong>in</strong></span> <span class='ocrx_word' id='word_1_47' title='bbox 518 685 633 772; x_wconf 89' lang='lat' dir='ltr'><strong>quibus</strong></span> <span class='ocrx_word' id='word_1_48' title='bbox 644 687 740 754; x_wconf 89' lang='lat' dir='ltr'><strong>otiam</strong></span> <span class='ocrx_word' id='word_1_49' title='bbox 752 709 851 774; x_wconf 84' lang='lat' dir='ltr'><strong>usque</strong></span> <span class='ocrx_word' id='word_1_50' title='bbox 862 687 903 752; x_wconf 88' lang='lat' dir='ltr'><strong>ad</strong></span> <span class='ocrx_word' id='word_1_51' title='bbox 914 687 1073 752; x_wconf 77' lang='lat' dir='ltr'><strong>infernum</strong></span> <span class='ocrx_word' id='word_1_52' title='bbox 1085 686 1154 751; x_wconf 89' lang='lat' dir='ltr'><strong>des-</strong></span> 
     </span>
     <span class='ocr_line' id='line_1_6' title="bbox 123 793 1154 882; baseline -0.002 -22"><span class='ocrx_word' id='word_1_53' title='bbox 123 793 240 860; x_wconf 85' lang='lat' dir='ltr'><strong>cendat.</strong></span> <span class='ocrx_word' id='word_1_54' title='bbox 262 793 363 858; x_wconf 86' lang='lat' dir='ltr'><strong>Moses</strong></span> <span class='ocrx_word' id='word_1_55' title='bbox 382 817 447 858; x_wconf 91' lang='lat' dir='ltr'><strong>non</strong></span> <span class='ocrx_word' id='word_1_56' title='bbox 470 794 566 870; x_wconf 80' lang='lat' dir='ltr'><strong>dixit,</strong></span> <span class='ocrx_word' id='word_1_57' title='bbox 582 806 641 859; x_wconf 81' lang='lat' dir='ltr'><strong>stet</strong></span> <span class='ocrx_word' id='word_1_58' title='bbox 657 797 720 871; x_wconf 79' lang='lat' dir='ltr'><strong>sot,</strong></span> <span class='ocrx_word' id='word_1_59' title='bbox 746 817 807 860; x_wconf 87' lang='lat' dir='ltr'><strong>nee</strong></span> <span class='ocrx_word' id='word_1_60' title='bbox 821 795 967 860; x_wconf 91' lang='lat' dir='ltr'><strong>maximis</strong></span> <span class='ocrx_word' id='word_1_61' title='bbox 989 794 1154 882; x_wconf 85' lang='lat' dir='ltr'><strong>imperavit</strong></span> 
     </span>
     <span class='ocr_line' id='line_1_7' title="bbox 123 901 1156 992; baseline 0.001 -25"><span class='ocrx_word' id='word_1_62' title='bbox 123 901 303 977; x_wconf 87' lang='lat' dir='ltr'><strong>elementis,</strong></span> <span class='ocrx_word' id='word_1_63' title='bbox 327 901 409 968; x_wconf 88' lang='lat' dir='ltr'><strong>siout</strong></span> <span class='ocrx_word' id='word_1_64' title='bbox 426 901 518 968; x_wconf 83' lang='lat' dir='ltr'><strong>Jesus</strong></span> <span class='ocrx_word' id='word_1_65' title='bbox 538 901 623 970; x_wconf 84' lang='lat' dir='ltr'><strong>fecit.</strong></span> <span class='ocrx_word' id='word_1_66' title='bbox 643 904 756 980; x_wconf 76' lang='lat' dir='ltr'><strong>«stet,</strong></span> <span class='ocrx_word' id='word_1_67' title='bbox 777 903 891 990; x_wconf 71' lang='lat' dir='ltr'><strong>inquit,</strong></span> <span class='ocrx_word' id='word_1_68' title='bbox 913 902 959 968; x_wconf 86' lang='lat' dir='ltr'><strong>sol</strong></span> <span class='ocrx_word' id='word_1_69' title='bbox 978 925 1073 992; x_wconf 85' lang='lat' dir='ltr'><strong>supra</strong></span> <span class='ocrx_word' id='word_1_70' title='bbox 1090 903 1156 968; x_wconf 86' lang='lat' dir='ltr'><strong>Ga·</strong></span> 
     </span>
     <span class='ocr_line' id='line_1_8' title="bbox 124 1007 1158 1100; baseline 0.001 -29"><span class='ocrx_word' id='word_1_71' title='bbox 124 1011 240 1084; x_wconf 80' lang='lat' dir='ltr'><strong>»baon,</strong></span> <span class='ocrx_word' id='word_1_72' title='bbox 262 1020 295 1074; x_wconf 91' lang='lat' dir='ltr'><strong>et</strong></span> <span class='ocrx_word' id='word_1_73' title='bbox 317 1009 392 1075; x_wconf 90' lang='lat' dir='ltr'><strong>luna</strong></span> <span class='ocrx_word' id='word_1_74' title='bbox 417 1032 513 1098; x_wconf 87' lang='lat' dir='ltr'><strong>super</strong></span> <span class='ocrx_word' id='word_1_75' title='bbox 534 1007 649 1076; x_wconf 85' lang='lat' dir='ltr'><strong>vallem</strong></span> <span class='ocrx_word' id='word_1_76' title='bbox 671 1009 802 1076; x_wconf 77' lang='lat' dir='ltr'><strong>Elom²t</strong></span> <span class='ocrx_word' id='word_1_77' title='bbox 819 1024 871 1076; x_wconf 81' lang='lat' dir='ltr'><strong>»et</strong></span> <span class='ocrx_word' id='word_1_78' title='bbox 887 1021 1053 1100; x_wconf 86' lang='lat' dir='ltr'><strong>propterea</strong></span> <span class='ocrx_word' id='word_1_79' title='bbox 1071 1009 1158 1075; x_wconf 88' lang='lat' dir='ltr'><strong>addit</strong></span> 
     </span>
     <span class='ocr_line' id='line_1_9' title="bbox 122 1118 1158 1208; baseline -0.003 -22"><span class='ocrx_word' id='word_1_80' title='bbox 122 1120 282 1208; x_wconf 77' lang='lat' dir='ltr'><strong>Scriptura</strong></span> <span class='ocrx_word' id='word_1_81' title='bbox 296 1132 329 1184; x_wconf 92' lang='lat' dir='ltr'><strong>et</strong></span> <span class='ocrx_word' id='word_1_82' title='bbox 344 1118 440 1196; x_wconf 88' lang='lat' dir='ltr'><strong>dicit,</strong></span> <span class='ocrx_word' id='word_1_83' title='bbox 457 1119 529 1206; x_wconf 88' lang='lat' dir='ltr'><strong>quia</strong></span> <span class='ocrx_word' id='word_1_84' title='bbox 546 1146 559 1178; x_wconf 78' lang='lat' dir='ltr'><strong>a</strong></span> <span class='ocrx_word' id='word_1_85' title='bbox 574 1141 738 1206; x_wconf 89' lang='lat' dir='ltr'><strong>nunquam</strong></span> <span class='ocrx_word' id='word_1_86' title='bbox 756 1121 801 1186; x_wconf 88' lang='lat' dir='ltr'><strong>sio</strong></span> <span class='ocrx_word' id='word_1_87' title='bbox 815 1121 934 1186; x_wconf 86' lang='lat' dir='ltr'><strong>audivit</strong></span> <span class='ocrx_word' id='word_1_88' title='bbox 952 1121 1036 1185; x_wconf 84' lang='lat' dir='ltr'><strong>Deua</strong></span> <span class='ocrx_word' id='word_1_89' title='bbox 1052 1118 1158 1184; x_wconf 89' lang='lat' dir='ltr'><strong>homi-</strong></span> 
     </span>
     <span class='ocr_line' id='line_1_10' title="bbox 123 1225 1157 1316; baseline 0.004 -26"><span class='ocrx_word' id='word_1_90' title='bbox 123 1248 213 1294; x_wconf 75' lang='lat' dir='ltr'><strong>snem</strong></span> <span class='ocrx_word' id='word_1_91' title='bbox 223 1226 246 1290; x_wconf 82' lang='lat'><strong>⁸.</strong></span> <span class='ocrx_word' id='word_1_92' title='bbox 267 1256 279 1287; x_wconf 74' lang='lat' dir='ltr'><strong>a</strong></span> <span class='ocrx_word' id='word_1_93' title='bbox 295 1225 386 1292; x_wconf 84' lang='lat' dir='ltr'><strong>Jesus</strong></span> <span class='ocrx_word' id='word_1_94' title='bbox 398 1251 473 1316; x_wconf 87' lang='lat' dir='ltr'><strong>ergo</strong></span> <span class='ocrx_word' id='word_1_95' title='bbox 485 1226 682 1294; x_wconf 84' lang='lat' dir='ltr'><strong>moussolem</strong></span> <span class='ocrx_word' id='word_1_96' title='bbox 695 1229 936 1294; x_wconf 82' lang='lat' dir='ltr'><strong>starefecitnon</strong></span> <span class='ocrx_word' id='word_1_97' title='bbox 948 1226 1157 1301; x_wconf 75' lang='lat' dir='ltr'><strong>mussulam,</strong></span> 
     </span>
     <span class='ocr_line' id='line_1_11' title="bbox 122 1325 1159 1424; baseline -0.001 -23"><span class='ocrx_word' id='word_1_98' title='bbox 122 1335 174 1401; x_wconf 88' lang='lat' dir='ltr'><strong>sed</strong></span> <span class='ocrx_word' id='word_1_99' title='bbox 192 1334 294 1401; x_wconf 92' lang='lat' dir='ltr'><strong>multo</strong></span> <span class='ocrx_word' id='word_1_100' title='bbox 313 1335 412 1424; x_wconf 81' lang='lat' dir='ltr'><strong>magis</strong></span> <span class='ocrx_word' id='word_1_101' title='bbox 431 1335 528 1421; x_wconf 87' lang='lat' dir='ltr'><strong>modo</strong></span> <span class='ocrx_word' id='word_1_102' title='bbox 548 1336 580 1400; x_wconf 93' lang='lat' dir='ltr'><strong>in</strong></span> <span class='ocrx_word' id='word_1_103' title='bbox 603 1336 740 1402; x_wconf 79' lang='lat' dir='ltr'><strong>adventu</strong></span> <span class='ocrx_word' id='word_1_104' title='bbox 756 1360 825 1402; x_wconf 84' lang='lat' dir='ltr'><strong>suo.</strong></span> <span class='ocrx_word' id='word_1_105' title='bbox 843 1337 987 1423; x_wconf 87' lang='lat' dir='ltr'><strong>Denique</strong></span> <span class='ocrx_word' id='word_1_106' title='bbox 1008 1338 1085 1402; x_wconf 92' lang='lat' dir='ltr'><strong>dum</strong></span> <span class='ocrx_word' id='word_1_107' title='bbox 1102 1325 1159 1402; x_wconf 84' lang='lat' dir='ltr'><strong>nos</strong></span> 
     </span>
     <span class='ocr_line' id='line_1_12' title="bbox 98 1442 1160 1531; baseline 0 -23"><span class='ocrx_word' id='word_1_108' title='bbox 98 1449 99 1452; x_wconf 72' lang='grc'>’</span> <span class='ocrx_word' id='word_1_109' title='bbox 125 1442 240 1508; x_wconf 88' lang='lat' dir='ltr'><strong>bellum</strong></span> <span class='ocrx_word' id='word_1_110' title='bbox 257 1444 395 1531; x_wconf 80' lang='lat' dir='ltr'><strong>gerimus</strong></span> <span class='ocrx_word' id='word_1_111' title='bbox 415 1443 564 1508; x_wconf 79' lang='lat' dir='ltr'><strong>adversus</strong></span> <span class='ocrx_word' id='word_1_112' title='bbox 580 1443 726 1509; x_wconf 86' lang='lat' dir='ltr'><strong>inimicos</strong></span> <span class='ocrx_word' id='word_1_113' title='bbox 741 1457 883 1520; x_wconf 88' lang='lat' dir='ltr'><strong>nostros,</strong></span> <span class='ocrx_word' id='word_1_114' title='bbox 900 1457 933 1508; x_wconf 91' lang='lat' dir='ltr'><strong>et</strong></span> <span class='ocrx_word' id='word_1_115' title='bbox 948 1442 1160 1512; x_wconf 75' lang='lat' dir='ltr'><strong>collaetamur</strong></span> 
     </span>
     <span class='ocr_line' id='line_1_13' title="bbox 128 1548 1161 1638; baseline 0.001 -25"><span class='ocrx_word' id='word_1_116' title='bbox 128 1548 271 1613; x_wconf 75' lang='lat' dir='ltr'><strong>adversus</strong></span> <span class='ocrx_word' id='word_1_117' title='bbox 280 1548 494 1638; x_wconf 79' lang='lat' dir='ltr'><strong>principatus,</strong></span> <span class='ocrx_word' id='word_1_118' title='bbox 508 1559 541 1613; x_wconf 88' lang='lat' dir='ltr'><strong>et</strong></span> <span class='ocrx_word' id='word_1_119' title='bbox 556 1559 746 1635; x_wconf 87' lang='lat' dir='ltr'><strong>potestates,</strong></span> <span class='ocrx_word' id='word_1_120' title='bbox 759 1560 791 1615; x_wconf 88' lang='lat' dir='ltr'><strong>at</strong></span> <span class='ocrx_word' id='word_1_121' title='bbox 806 1560 944 1614; x_wconf 83' lang='lat' dir='ltr'><strong>rectores</strong></span> <span class='ocrx_word' id='word_1_122' title='bbox 956 1551 1161 1614; x_wconf 90' lang='lat' dir='ltr'><strong>tenebrarum</strong></span> 
     </span>
     <span class='ocr_line' id='line_1_14' title="bbox 127 1655 1163 1744; baseline 0.002 -24"><span class='ocrx_word' id='word_1_123' title='bbox 127 1655 257 1732; x_wconf 86' lang='lat' dir='ltr'><strong>harum,</strong></span> <span class='ocrx_word' id='word_1_124' title='bbox 274 1657 421 1722; x_wconf 85' lang='lat' dir='ltr'><strong>adversus</strong></span> <span class='ocrx_word' id='word_1_125' title='bbox 437 1655 587 1744; x_wconf 84' lang='lat' dir='ltr'><strong>spiritalia</strong></span> <span class='ocrx_word' id='word_1_126' title='bbox 603 1657 752 1742; x_wconf 75' lang='lat' dir='ltr'><strong>nequitiae</strong></span> <span class='ocrx_word' id='word_1_127' title='bbox 770 1657 802 1722; x_wconf 90' lang='lat' dir='ltr'><strong>in</strong></span> <span class='ocrx_word' id='word_1_128' title='bbox 819 1656 1016 1733; x_wconf 82' lang='lat' dir='ltr'><strong>ooeiestibus,</strong></span> <span class='ocrx_word' id='word_1_129' title='bbox 1034 1657 1080 1722; x_wconf 88' lang='lat' dir='ltr'><strong>sol</strong></span> <span class='ocrx_word' id='word_1_130' title='bbox 1103 1681 1163 1722; x_wconf 94' lang='lat' dir='ltr'><strong>no-</strong></span> 
     </span>
     <span class='ocr_line' id='line_1_15' title="bbox 125 1765 1163 1853; baseline -0.001 -21"><span class='ocrx_word' id='word_1_131' title='bbox 125 1767 170 1832; x_wconf 89' lang='lat' dir='ltr'><strong>bis</strong></span> <span class='ocrx_word' id='word_1_132' title='bbox 181 1766 308 1852; x_wconf 69' lang='lat' dir='ltr'><strong>justitiae</strong></span> <span class='ocrx_word' id='word_1_133' title='bbox 324 1765 539 1830; x_wconf 82' lang='lat' dir='ltr'><strong>indesinenter</strong></span> <span class='ocrx_word' id='word_1_134' title='bbox 555 1765 688 1841; x_wconf 79' lang='lat' dir='ltr'><strong>assistit,</strong></span> <span class='ocrx_word' id='word_1_135' title='bbox 705 1788 766 1832; x_wconf 87' lang='lat' dir='ltr'><strong>neo</strong></span> <span class='ocrx_word' id='word_1_136' title='bbox 784 1766 900 1832; x_wconf 88' lang='lat' dir='ltr'><strong>deserit</strong></span> <span class='ocrx_word' id='word_1_137' title='bbox 920 1789 1081 1853; x_wconf 87' lang='lat' dir='ltr'><strong>unquam,</strong></span> <span class='ocrx_word' id='word_1_138' title='bbox 1103 1789 1163 1831; x_wconf 89' lang='lat' dir='ltr'><strong>neo</strong></span> 
     </span>
     <span class='ocr_line' id='line_1_16' title="bbox 120 1874 1163 1962; baseline 0.001 -24"><span class='ocrx_word' id='word_1_139' title='bbox 120 1875 245 1939; x_wconf 85' lang='lat' dir='ltr'><strong>festinat</strong></span> <span class='ocrx_word' id='word_1_140' title='bbox 270 1875 481 1950; x_wconf 80' lang='lat' dir='ltr'><strong>occumbere,</strong></span> <span class='ocrx_word' id='word_1_141' title='bbox 498 1874 571 1960; x_wconf 87' lang='lat' dir='ltr'><strong>quia</strong></span> <span class='ocrx_word' id='word_1_142' title='bbox 589 1875 655 1961; x_wconf 89' lang='lat' dir='ltr'><strong>ipse</strong></span> <span class='ocrx_word' id='word_1_143' title='bbox 673 1874 750 1939; x_wconf 86' lang='lat' dir='ltr'><strong>dixit</strong></span> <span class='ocrx_word' id='word_1_144' title='bbox 768 1898 776 1939; x_wconf 75' lang='grc' dir='ltr'><em>τ</em></span> <span class='ocrx_word' id='word_1_145' title='bbox 792 1901 804 1934; x_wconf 77' lang='grc' dir='ltr'>ι</span> <span class='ocrx_word' id='word_1_146' title='bbox 823 1877 907 1939; x_wconf 86' lang='lat' dir='ltr'><strong>Eece</strong></span> <span class='ocrx_word' id='word_1_147' title='bbox 921 1898 980 1962; x_wconf 87' lang='lat' dir='ltr'><strong>ego</strong></span> <span class='ocrx_word' id='word_1_148' title='bbox 1000 1875 1163 1940; x_wconf 83' lang='lat' dir='ltr'><strong>vobiscum</strong></span> 
     </span>
     <span class='ocr_line' id='line_1_17' title="bbox 121 1980 1163 2070; baseline 0.003 -27"><span class='ocrx_word' id='word_1_149' title='bbox 121 2007 210 2047; x_wconf 81' lang='lat' dir='ltr'><strong>»sum</strong></span> <span class='ocrx_word' id='word_1_150' title='bbox 227 1982 377 2048; x_wconf 90' lang='lat' dir='ltr'><strong>omnibus</strong></span> <span class='ocrx_word' id='word_1_151' title='bbox 398 1982 542 2048; x_wconf 68' lang='lat' dir='ltr'><strong>diebus‘.</strong></span> <span class='ocrx_word' id='word_1_152' title='bbox 561 2007 574 2040; x_wconf 78' lang='lat' dir='ltr'><strong>a</strong></span> <span class='ocrx_word' id='word_1_153' title='bbox 591 1982 661 2048; x_wconf 90' lang='lat' dir='ltr'><strong>Non</strong></span> <span class='ocrx_word' id='word_1_154' title='bbox 685 1980 787 2046; x_wconf 86' lang='lat' dir='ltr'><strong>solum</strong></span> <span class='ocrx_word' id='word_1_155' title='bbox 809 1994 914 2047; x_wconf 89' lang='lat' dir='ltr'><strong>autem</strong></span> <span class='ocrx_word' id='word_1_156' title='bbox 934 1982 1095 2070; x_wconf 84' lang='lat' dir='ltr'><strong>duplicato</strong></span> <span class='ocrx_word' id='word_1_157' title='bbox 1112 1983 1163 2046; x_wconf 88' lang='lat' dir='ltr'><strong>die</strong></span> 
     </span>
     <span class='ocr_line' id='line_1_18' title="bbox 124 2089 1164 2178; baseline 0.004 -26"><span class='ocrx_word' id='word_1_158' title='bbox 124 2091 311 2156; x_wconf 81' lang='lat' dir='ltr'><strong>»nobiseum</strong></span> <span class='ocrx_word' id='word_1_159' title='bbox 325 2102 391 2166; x_wconf 90' lang='lat' dir='ltr'><strong>est,</strong></span> <span class='ocrx_word' id='word_1_160' title='bbox 405 2090 461 2154; x_wconf 87' lang='lat' dir='ltr'><strong>sed</strong></span> <span class='ocrx_word' id='word_1_161' title='bbox 474 2089 621 2154; x_wconf 87' lang='lat' dir='ltr'><strong>omnibus</strong></span> <span class='ocrx_word' id='word_1_162' title='bbox 638 2090 750 2154; x_wconf 87' lang='lat' dir='ltr'><strong>diebus</strong></span> <span class='ocrx_word' id='word_1_163' title='bbox 766 2090 934 2154; x_wconf 90' lang='lat' dir='ltr'><strong>nobiseum</strong></span> <span class='ocrx_word' id='word_1_164' title='bbox 946 2103 993 2155; x_wconf 86' lang='lat' dir='ltr'><strong>est</strong></span> <span class='ocrx_word' id='word_1_165' title='bbox 1009 2114 1107 2178; x_wconf 88' lang='lat' dir='ltr'><strong>usque</strong></span> <span class='ocrx_word' id='word_1_166' title='bbox 1123 2090 1164 2156; x_wconf 90' lang='lat' dir='ltr'><strong>ad</strong></span> 
     </span>
     <span class='ocr_line' id='line_1_19' title="bbox 125 2195 1164 2274; baseline -0.001 -9"><span class='ocrx_word' id='word_1_167' title='bbox 125 2199 429 2265; x_wconf 84' lang='lat' dir='ltr'><strong>consummationem</strong></span> <span class='ocrx_word' id='word_1_168' title='bbox 444 2195 569 2274; x_wconf 71' lang='lat' dir='ltr'><strong>saculi,</strong></span> <span class='ocrx_word' id='word_1_169' title='bbox 579 2195 681 2264; x_wconf 86' lang='lat' dir='ltr'><strong>donee</strong></span> <span class='ocrx_word' id='word_1_170' title='bbox 693 2208 726 2262; x_wconf 93' lang='lat' dir='ltr'><strong>et</strong></span> <span class='ocrx_word' id='word_1_171' title='bbox 737 2219 795 2264; x_wconf 87' lang='lat' dir='ltr'><strong>nos</strong></span> <span class='ocrx_word' id='word_1_172' title='bbox 811 2198 1010 2265; x_wconf 82' lang='lat' dir='ltr'><strong>obtineamus</strong></span> <span class='ocrx_word' id='word_1_173' title='bbox 1021 2198 1164 2264; x_wconf 63' lang='lat' dir='ltr'><strong>adversa»</strong></span> 
     </span>
     <span class='ocr_line' id='line_1_20' title="bbox 128 2309 336 2374; baseline 0.01 -2"><span class='ocrx_word' id='word_1_174' title='bbox 128 2309 190 2373; x_wconf 88' lang='lat' dir='ltr'><strong>rios</strong></span> <span class='ocrx_word' id='word_1_175' title='bbox 206 2320 336 2374; x_wconf 82' lang='lat' dir='ltr'><strong>nostros.</strong></span> 
     </span>
    </p>

    <p class='ocr_par' dir='ltr' id='par_1_3' title="bbox 118 2415 1166 3694">
     <span class='ocr_line' id='line_1_21' title="bbox 169 2415 1164 2506; baseline 0 -24"><span class='ocrx_word' id='word_1_176' title='bbox 169 2415 233 2482; x_wconf 86' lang='lat' dir='ltr'><strong>Sed</strong></span> <span class='ocrx_word' id='word_1_177' title='bbox 253 2429 285 2482; x_wconf 90' lang='lat' dir='ltr'><strong>et</strong></span> <span class='ocrx_word' id='word_1_178' title='bbox 307 2415 385 2482; x_wconf 82' lang='lat' dir='ltr'><strong>illud</strong></span> <span class='ocrx_word' id='word_1_179' title='bbox 402 2417 581 2492; x_wconf 84' lang='lat' dir='ltr'><strong>videamus,</strong></span> <span class='ocrx_word' id='word_1_180' title='bbox 605 2418 748 2505; x_wconf 86' lang='lat' dir='ltr'><strong>quidest</strong></span> <span class='ocrx_word' id='word_1_181' title='bbox 768 2419 854 2505; x_wconf 90' lang='lat' dir='ltr'><strong>quod</strong></span> <span class='ocrx_word' id='word_1_182' title='bbox 869 2419 1049 2506; x_wconf 87' lang='lat' dir='ltr'><strong>repromisit</strong></span> <span class='ocrx_word' id='word_1_183' title='bbox 1071 2417 1164 2482; x_wconf 84' lang='lat' dir='ltr'><strong>Jesus</strong></span> 
     </span>
     <span class='ocr_line' id='line_1_22' title="bbox 122 2522 1164 2614; baseline -0.002 -24"><span class='ocrx_word' id='word_1_184' title='bbox 122 2522 275 2590; x_wconf 89' lang='lat' dir='ltr'><strong>militibus</strong></span> <span class='ocrx_word' id='word_1_185' title='bbox 291 2525 367 2590; x_wconf 87' lang='lat' dir='ltr'><strong>suis.</strong></span> <span class='ocrx_word' id='word_1_186' title='bbox 385 2524 539 2600; x_wconf 77' lang='lat' dir='ltr'><strong>«Omnis,</strong></span> <span class='ocrx_word' id='word_1_187' title='bbox 561 2525 676 2611; x_wconf 82' lang='lat' dir='ltr'><strong>inquit,</strong></span> <span class='ocrx_word' id='word_1_188' title='bbox 694 2523 783 2591; x_wconf 88' lang='lat' dir='ltr'><strong>loeus</strong></span> <span class='ocrx_word' id='word_1_189' title='bbox 803 2548 1038 2614; x_wconf 86' lang='lat' dir='ltr'><strong>quemeumque</strong></span> <span class='ocrx_word' id='word_1_190' title='bbox 1054 2525 1164 2590; x_wconf 87' lang='lat' dir='ltr'><strong>subdi-</strong></span> 
     </span>
     <span class='ocr_line' id='line_1_23' title="bbox 121 2633 1164 2722; baseline 0.003 -27"><span class='ocrx_word' id='word_1_191' title='bbox 121 2634 253 2699; x_wconf 82' lang='lat' dir='ltr'><strong>»deritis</strong></span> <span class='ocrx_word' id='word_1_192' title='bbox 268 2634 404 2722; x_wconf 86' lang='lat' dir='ltr'><strong>vestigiis</strong></span> <span class='ocrx_word' id='word_1_193' title='bbox 419 2633 538 2720; x_wconf 89' lang='lat' dir='ltr'><strong>pedum</strong></span> <span class='ocrx_word' id='word_1_194' title='bbox 560 2646 753 2710; x_wconf 86' lang='lat' dir='ltr'><strong>vostrorum,</strong></span> <span class='ocrx_word' id='word_1_195' title='bbox 772 2648 875 2700; x_wconf 86' lang='lat' dir='ltr'><strong>vester</strong></span> <span class='ocrx_word' id='word_1_196' title='bbox 895 2635 955 2699; x_wconf 92' lang='lat' dir='ltr'><strong>erit</strong></span> <span class='ocrx_word' id='word_1_197' title='bbox 966 2633 989 2699; x_wconf 82' lang='lat'><strong>⁶.</strong></span> <span class='ocrx_word' id='word_1_198' title='bbox 1007 2635 1164 2699; x_wconf 81' lang='lat' dir='ltr'><strong>»Dixerat</strong></span> 
     </span>
     <span class='ocr_line' id='line_1_24' title="bbox 123 2741 1166 2832; baseline -0.002 -24"><span class='ocrx_word' id='word_1_199' title='bbox 123 2745 183 2808; x_wconf 86' lang='lat' dir='ltr'><strong>hoo</strong></span> <span class='ocrx_word' id='word_1_200' title='bbox 200 2741 328 2830; x_wconf 84' lang='lat' dir='ltr'><strong>illisqui</strong></span> <span class='ocrx_word' id='word_1_201' title='bbox 346 2755 423 2807; x_wconf 87' lang='lat' dir='ltr'><strong>tuno</strong></span> <span class='ocrx_word' id='word_1_202' title='bbox 437 2753 530 2806; x_wconf 88' lang='lat' dir='ltr'><strong>erant</strong></span> <span class='ocrx_word' id='word_1_203' title='bbox 549 2743 589 2806; x_wconf 86' lang='lat' dir='ltr'><strong>de</strong></span> <span class='ocrx_word' id='word_1_204' title='bbox 605 2743 786 2832; x_wconf 82' lang='lat' dir='ltr'><strong>regionibus</strong></span> <span class='ocrx_word' id='word_1_205' title='bbox 803 2742 1073 2818; x_wconf 67' lang='lat' dir='ltr'><strong>(bananaeorum,</strong></span> <span class='ocrx_word' id='word_1_206' title='bbox 1087 2743 1166 2807; x_wconf 89' lang='lat' dir='ltr'><strong>Phe-</strong></span> 
     </span>
     <span class='ocr_line' id='line_1_25' title="bbox 120 2849 1164 2939; baseline -0.002 -23"><span class='ocrx_word' id='word_1_207' title='bbox 120 2873 296 2916; x_wconf 83' lang='lat' dir='ltr'><strong>rozaeorum</strong></span> <span class='ocrx_word' id='word_1_208' title='bbox 305 2899 313 2924; x_wconf 89' lang='lat'><strong>,</strong></span> <span class='ocrx_word' id='word_1_209' title='bbox 322 2849 541 2914; x_wconf 80' lang='lat' dir='ltr'><strong>debusaeorum</strong></span> <span class='ocrx_word' id='word_1_210' title='bbox 553 2851 1107 2939; x_wconf 79' lang='lat' dir='ltr'><strong>,caeterarumquegentiumquarum</strong></span> <span class='ocrx_word' id='word_1_211' title='bbox 1118 2872 1164 2914; x_wconf 92' lang='lat' dir='ltr'><strong>re·</strong></span> 
     </span>
     <span class='ocr_line' id='line_1_26' title="bbox 119 2953 1164 3050; baseline -0.002 -26"><span class='ocrx_word' id='word_1_212' title='bbox 119 2961 230 3050; x_wconf 85' lang='lat' dir='ltr'><strong>giones</strong></span> <span class='ocrx_word' id='word_1_213' title='bbox 245 2956 382 3046; x_wconf 84' lang='lat' dir='ltr'><strong>expulsis</strong></span> <span class='ocrx_word' id='word_1_214' title='bbox 394 2957 530 3045; x_wconf 89' lang='lat' dir='ltr'><strong>indignis</strong></span> <span class='ocrx_word' id='word_1_215' title='bbox 536 2953 767 3027; x_wconf 77' lang='lat' dir='ltr'><strong>habitatoribus</strong></span> <span class='ocrx_word' id='word_1_216' title='bbox 779 3007 787 3034; x_wconf 94' lang='lat'><strong>,</strong></span> <span class='ocrx_word' id='word_1_217' title='bbox 799 2957 858 3046; x_wconf 87' lang='lat' dir='ltr'><strong>ipsi</strong></span> <span class='ocrx_word' id='word_1_218' title='bbox 876 2958 1060 3023; x_wconf 76' lang='lat' dir='ltr'><strong>haereditate</strong></span> <span class='ocrx_word' id='word_1_219' title='bbox 1073 2981 1164 3045; x_wconf 88' lang='lat' dir='ltr'><strong>cope-</strong></span> 
     </span>
     <span class='ocr_line' id='line_1_27' title="bbox 120 3065 1161 3155; baseline -0.001 -23"><span class='ocrx_word' id='word_1_220' title='bbox 120 3079 197 3132; x_wconf 84' lang='lat' dir='ltr'><strong>rnnt</strong></span> <span class='ocrx_word' id='word_1_221' title='bbox 212 3091 220 3131; x_wconf 72' lang='grc' dir='ltr'>ε</span> <span class='ocrx_word' id='word_1_222' title='bbox 236 3067 291 3132; x_wconf 89' lang='lat' dir='ltr'><strong>sed</strong></span> <span class='ocrx_word' id='word_1_223' title='bbox 303 3068 394 3131; x_wconf 88' lang='lat' dir='ltr'><strong>nobis</strong></span> <span class='ocrx_word' id='word_1_224' title='bbox 414 3065 446 3130; x_wconf 91' lang='lat' dir='ltr'><strong>iu</strong></span> <span class='ocrx_word' id='word_1_225' title='bbox 462 3066 510 3130; x_wconf 88' lang='lat' dir='ltr'><strong>his</strong></span> <span class='ocrx_word' id='word_1_226' title='bbox 522 3068 625 3131; x_wconf 87' lang='lat' dir='ltr'><strong>verbis</strong></span> <span class='ocrx_word' id='word_1_227' title='bbox 638 3067 715 3155; x_wconf 90' lang='lat' dir='ltr'><strong>quid</strong></span> <span class='ocrx_word' id='word_1_228' title='bbox 727 3067 976 3154; x_wconf 85' lang='lat' dir='ltr'><strong>repromittitur,</strong></span> <span class='ocrx_word' id='word_1_229' title='bbox 989 3067 1161 3134; x_wconf 86' lang='lat' dir='ltr'><strong>videamus.</strong></span> 
     </span>
     <span class='ocr_line' id='line_1_28' title="bbox 120 3174 1163 3263; baseline 0 -23"><span class='ocrx_word' id='word_1_230' title='bbox 120 3177 206 3240; x_wconf 83' lang='lat' dir='ltr'><strong>Sunt</strong></span> <span class='ocrx_word' id='word_1_231' title='bbox 222 3175 367 3263; x_wconf 88' lang='lat' dir='ltr'><strong>quaedam</strong></span> <span class='ocrx_word' id='word_1_232' title='bbox 383 3174 634 3240; x_wconf 89' lang='lat' dir='ltr'><strong>adversariarum</strong></span> <span class='ocrx_word' id='word_1_233' title='bbox 647 3186 841 3263; x_wconf 87' lang='lat' dir='ltr'><strong>potestatum</strong></span> <span class='ocrx_word' id='word_1_234' title='bbox 857 3187 965 3262; x_wconf 87' lang='lat' dir='ltr'><strong>gentes</strong></span> <span class='ocrx_word' id='word_1_235' title='bbox 980 3174 1163 3253; x_wconf 75' lang='lat' dir='ltr'><strong>diabolicae,</strong></span> 
     </span>
     <span class='ocr_line' id='line_1_29' title="bbox 122 3281 1166 3371; baseline 0 -23"><span class='ocrx_word' id='word_1_236' title='bbox 122 3284 294 3348; x_wconf 82' lang='lat' dir='ltr'><strong>adversum</strong></span> <span class='ocrx_word' id='word_1_237' title='bbox 317 3305 394 3368; x_wconf 85' lang='lat' dir='ltr'><strong>quas</strong></span> <span class='ocrx_word' id='word_1_238' title='bbox 417 3281 508 3345; x_wconf 85' lang='lat' dir='ltr'><strong>nobis</strong></span> <span class='ocrx_word' id='word_1_239' title='bbox 530 3293 691 3349; x_wconf 84' lang='lat' dir='ltr'><strong>certamen</strong></span> <span class='ocrx_word' id='word_1_240' title='bbox 713 3282 851 3369; x_wconf 88' lang='lat' dir='ltr'><strong>geritur,</strong></span> <span class='ocrx_word' id='word_1_241' title='bbox 872 3294 905 3346; x_wconf 90' lang='lat' dir='ltr'><strong>et</strong></span> <span class='ocrx_word' id='word_1_242' title='bbox 927 3306 1042 3371; x_wconf 86' lang='lat' dir='ltr'><strong>agones</strong></span> <span class='ocrx_word' id='word_1_243' title='bbox 1058 3284 1089 3348; x_wconf 90' lang='lat' dir='ltr'><strong>in</strong></span> <span class='ocrx_word' id='word_1_244' title='bbox 1106 3282 1166 3348; x_wconf 73' lang='lat' dir='ltr'><strong>hae</strong></span> 
     </span>
     <span class='ocr_line' id='line_1_30' title="bbox 122 3389 1165 3480; baseline 0.002 -26"><span class='ocrx_word' id='word_1_245' title='bbox 122 3392 189 3455; x_wconf 82' lang='lat' dir='ltr'><strong>vita</strong></span> <span class='ocrx_word' id='word_1_246' title='bbox 199 3390 403 3456; x_wconf 82' lang='lat' dir='ltr'><strong>desudantur.</strong></span> <span class='ocrx_word' id='word_1_247' title='bbox 420 3389 702 3477; x_wconf 87' lang='lat' dir='ltr'><strong>Quantasoumque</strong></span> <span class='ocrx_word' id='word_1_248' title='bbox 714 3413 790 3477; x_wconf 89' lang='lat' dir='ltr'><strong>ergo</strong></span> <span class='ocrx_word' id='word_1_249' title='bbox 803 3413 842 3454; x_wconf 88' lang='lat' dir='ltr'><strong>ex</strong></span> <span class='ocrx_word' id='word_1_250' title='bbox 851 3390 898 3455; x_wconf 90' lang='lat' dir='ltr'><strong>his</strong></span> <span class='ocrx_word' id='word_1_251' title='bbox 909 3402 1019 3480; x_wconf 87' lang='lat' dir='ltr'><strong>gentes</strong></span> <span class='ocrx_word' id='word_1_252' title='bbox 1032 3391 1165 3479; x_wconf 82' lang='lat' dir='ltr'><strong>pedibus</strong></span> 
     </span>
     <span class='ocr_line' id='line_1_31' title="bbox 119 3497 1166 3586; baseline -0.004 -20"><span class='ocrx_word' id='word_1_253' title='bbox 119 3499 239 3566; x_wconf 82' lang='lat' dir='ltr'><strong>nostris</strong></span> <span class='ocrx_word' id='word_1_254' title='bbox 252 3497 505 3572; x_wconf 83' lang='lat' dir='ltr'><strong>subdiderimus,</strong></span> <span class='ocrx_word' id='word_1_255' title='bbox 519 3510 794 3586; x_wconf 81' lang='lat' dir='ltr'><strong>quantoscumque</strong></span> <span class='ocrx_word' id='word_1_256' title='bbox 814 3499 845 3562; x_wconf 92' lang='lat' dir='ltr'><strong>in</strong></span> <span class='ocrx_word' id='word_1_257' title='bbox 863 3499 1036 3566; x_wconf 86' lang='lat' dir='ltr'><strong>certamine</strong></span> <span class='ocrx_word' id='word_1_258' title='bbox 1052 3499 1166 3564; x_wconf 83' lang='lat' dir='ltr'><strong>viceri-</strong></span> 
     </span>
     <span class='ocr_line' id='line_1_32' title="bbox 118 3605 1165 3694; baseline -0.004 -21"><span class='ocrx_word' id='word_1_259' title='bbox 118 3629 217 3682; x_wconf 85' lang='lat' dir='ltr'><strong>nrus,</strong></span> <span class='ocrx_word' id='word_1_260' title='bbox 234 3606 375 3694; x_wconf 86' lang='lat' dir='ltr'><strong>ipsorum</strong></span> <span class='ocrx_word' id='word_1_261' title='bbox 391 3605 554 3693; x_wconf 88' lang='lat' dir='ltr'><strong>regiones,</strong></span> <span class='ocrx_word' id='word_1_262' title='bbox 571 3606 711 3692; x_wconf 89' lang='lat' dir='ltr'><strong>ipsorum</strong></span> <span class='ocrx_word' id='word_1_263' title='bbox 727 3606 903 3693; x_wconf 76' lang='lat' dir='ltr'><strong>provincias</strong></span> <span class='ocrx_word' id='word_1_264' title='bbox 919 3619 951 3670; x_wconf 85' lang='lat' dir='ltr'><strong>et</strong></span> <span class='ocrx_word' id='word_1_265' title='bbox 967 3605 1165 3694; x_wconf 80' lang='lat' dir='ltr'><strong>regna,desu</strong></span> 
     </span>
    </p>
   </div>
   <div class='ocr_carea' id='block_1_3' title="bbox 108 3759 1168 3914">
    <p class='ocr_par' dir='ltr' id='par_1_4' title="bbox 108 3759 1168 3914">
     <span class='ocr_line' id='line_1_33' title="bbox 155 3759 1168 3826; baseline -0.004 -10"><span class='ocrx_word' id='word_1_266' title='bbox 155 3766 330 3824; x_wconf 73' lang='lat' dir='ltr'><strong>²Mattb.1v‚</strong></span> <span class='ocrx_word' id='word_1_267' title='bbox 346 3765 371 3812; x_wconf 84' lang='grc'><strong>6.</strong></span> <span class='ocrx_word' id='word_1_268' title='bbox 389 3791 402 3799; x_wconf 93' lang='grc'>-</span> <span class='ocrx_word' id='word_1_269' title='bbox 428 3759 503 3815; x_wconf 72' lang='lat' dir='ltr'><strong>²Joa,</strong></span> <span class='ocrx_word' id='word_1_270' title='bbox 519 3783 549 3826; x_wconf 82' lang='lat' dir='ltr'><strong>x,</strong></span> <span class='ocrx_word' id='word_1_271' title='bbox 567 3781 605 3814; x_wconf 81' lang='lat' dir='ltr'><strong>tn.</strong></span> <span class='ocrx_word' id='word_1_272' title='bbox 624 3795 644 3800; x_wconf 91' lang='lat'><strong>·-</strong></span> <span class='ocrx_word' id='word_1_273' title='bbox 667 3763 753 3814; x_wconf 68' lang='lat' dir='ltr'><strong>²Ibid.</strong></span> <span class='ocrx_word' id='word_1_274' title='bbox 781 3770 858 3826; x_wconf 65' lang='lat' dir='ltr'><strong>¹d··“</strong></span> <span class='ocrx_word' id='word_1_275' title='bbox 877 3763 887 3795; x_wconf 76' lang='lat'><strong>⁴</strong></span> <span class='ocrx_word' id='word_1_276' title='bbox 909 3764 1168 3814; x_wconf 64' lang='lat' dir='ltr'><strong>Montanorum.</strong></span> 
     </span>
     <span class='ocr_line' id='line_1_34' title="bbox 108 3853 326 3914; baseline -0.009 -10"><span class='ocrx_word' id='word_1_277' title='bbox 108 3888 148 3897; x_wconf 91' lang='lat'><strong>--</strong></span> <span class='ocrx_word' id='word_1_278' title='bbox 171 3855 248 3905; x_wconf 69' lang='lat'>⁶10³.</span> <span class='ocrx_word' id='word_1_279' title='bbox 265 3873 285 3914; x_wconf 84' lang='grc' dir='ltr'><strong>ι,</strong></span> <span class='ocrx_word' id='word_1_280' title='bbox 302 3853 326 3904; x_wconf 79' lang='grc'><strong>3.</strong></span> 
     </span>
    </p>
   </div>
   <div class='ocr_carea' id='block_1_4' title="bbox 0 0 1382 4596">
    <p class='ocr_par' dir='ltr' id='par_1_5' title="bbox 0 0 1382 4596">
     <span class='ocr_line' id='line_1_35' title="bbox 0 0 1382 4596; baseline 0 0"><span class='ocrx_word' id='word_1_281' title='bbox 0 0 1382 4596; x_wconf 95' lang='lat' dir='ltr'><strong> </strong></span> 
     </span>
    </p>
   </div>
  </div>
 </body>
</html>
