2644 4612
325 309 356 354 m
382 310 543 354 tavernou
567 309 771 354 caurvcoauu
795 313 855 355 un.
884 313 930 355 ιιι.
1084 297 1149 380 499

109 428 221 497 dives?
237 429 316 510 Quae
331 440 438 494 autem
453 439 501 494 est
515 428 636 517 gloria?
651 427 702 494 illa
720 430 787 494 sine
806 429 906 496 dubio
918 431 957 496 de
973 455 1035 519 qun
1051 433 1146 500 dicit:

118 565 131 599 a
147 539 258 613 Pater,
274 534 412 602 clarifica
424 535 525 602 filium
540 535 670 612 tuum¹,
685 563 698 598 a
727 538 882 624 passionis
894 538 962 605 sine
977 540 1075 607 dubio
1086 540 1150 631 glo·

111 646 193 712 riam
204 644 378 733 designans.
393 643 487 711 Fides
501 667 577 734 ergo
591 645 744 732 passionis
761 644 899 722 Christi,
916 646 1015 735 gloria
1026 660 1059 714 et
1074 650 1149 716 divi·

112 754 164 818 tiae
182 751 330 819 Ecclesiae
352 764 446 828 sunt,
465 775 534 840 quae
549 753 582 817 in
601 751 678 816 laeva
696 752 766 839 ejus
784 753 999 820 eontinentur.
1024 756 1149 838 Laevam

111 871 218 928 autem
233 871 312 949 puto
324 860 410 926 verbi
425 859 483 925 Dei
499 860 562 927 hoc
577 858 674 924 modo
691 858 810 925 debere
825 859 980 950 intelligi:
997 867 1147 950 quoniam

109 969 239 1056 quidem
254 981 327 1036 sunt
342 969 374 1034 in
389 991 428 1034 eo
440 968 586 1058 quaedum
600 969 849 1056 dispensationes
865 954 939 1036 ante
954 971 1148 1039 incarnatio-

107 1099 181 1143 nem
204 1089 316 1165 gestae,
337 1089 411 1144 sunt
429 1099 503 1144 vero
525 1075 637 1163 aliquas
662 1085 696 1140 et
721 1098 779 1164 per
801 1077 1062 1146 incarnationem.
1092 1080 1148 1148 lllu

73 1267 76 1275 Ι
106 1207 180 1274 pars
196 1185 284 1250 verbi
300 1184 357 1250 Dei
373 1207 443 1273 quac
459 1197 531 1251 ante
547 1183 797 1272 assumptionem
812 1185 915 1252 caruis
933 1187 966 1252 iu
983 1185 1147 1277 dispensa-

108 1293 250 1360 tionibus
265 1304 393 1381 peracta
408 1305 475 1368 est,
498 1293 626 1358 dextera
640 1301 747 1380 potest
760 1290 879 1357 videri:
896 1292 966 1359 lraec
987 1317 1062 1361 vero
1077 1317 1147 1384 quae

109 1423 167 1489 per
181 1399 449 1476 incarnationem,
466 1400 590 1465 sinistra
603 1396 765 1488 appellari.
787 1398 878 1466 Unde
892 1412 925 1464 et
936 1401 1059 1469 sinistra
1072 1403 1149 1470 divi·

108 1511 168 1575 tias
185 1521 218 1575 et
231 1508 362 1598 gloriam
378 1509 495 1575 habere
513 1508 640 1574 dicitur.
660 1508 720 1573 Per
736 1508 993 1575 incarnationem
1009 1533 1147 1600 namque

111 1619 231 1685 divitias
245 1631 277 1683 et
292 1617 424 1707 gloriam
443 1617 600 1704 quaesivit,
624 1617 768 1683 omnium
791 1615 912 1683 scilieet
934 1616 1080 1685 salutem.
1106 1621 1143 1686 ln

114 1726 237 1792 dextera
255 1740 361 1792 autem
383 1724 549 1815 longitudo
567 1726 636 1791 vitae
653 1747 722 1790 esse
738 1723 876 1790 diciturt
898 1747 956 1813 per
970 1727 1056 1814 quod
1079 1728 1147 1794 sine

111 1834 207 1900 dubio
224 1832 276 1901 illa
291 1836 359 1922 ejus
375 1857 447 1923 pars
458 1857 528 1922 quae
544 1831 576 1898 in
588 1833 745 1922 principio
761 1832 847 1920 apud
861 1832 965 1898 Deum
981 1833 1067 1900 Dens
1078 1849 1147 1902 erat

106 1941 261 2018 verbum,
277 1941 507 2031 sempiternitas
522 1941 692 2008 indicatur.
712 1940 803 2006 Hanc
816 1963 893 2028 ergo
905 1938 1015 2008 laevam
1031 1941 1145 2009 Eccle-

102 2049 170 2126 sia,
183 2052 277 2136 cujus
290 2049 432 2114 Christus
444 2063 513 2114 erat
523 2061 636 2137 capnt,
651 2059 739 2136 optat
751 2047 938 2114 haberesub
949 2050 1053 2138 capite
1064 2074 1142 2128 suo,

98 2169 138 2220 et
153 2156 218 2220 fide
233 2155 458 2220 incarnationis
468 2158 537 2244 ejus
553 2166 649 2243 caput
663 2177 757 2220 suum
773 2156 909 2220 muniri:
923 2156 1054 2224 dextera
1067 2181 1143 2224 vero

97 2265 175 2353 ejus
188 2261 336 2351 amplecti
347 2313 356 2338 ‚
369 2264 479 2337 idest,
493 2261 544 2328 illa
559 2281 746 2351 agnoscere,
759 2273 790 2327 et
802 2262 842 2327 de
854 2261 914 2326 illis
929 2263 1058 2342 instrui,
1072 2289 1143 2353 quae

98 2384 178 2438 ante
195 2371 291 2459 hujus
303 2394 428 2459 quoque
443 2394 500 2459 per
518 2371 767 2436 incarnationem
786 2381 880 2459 gestes
900 2371 1142 2460 dispensationis

1 2519 2 2532 .
97 2494 229 2568 tempus
246 2481 278 2544 in
295 2479 417 2545 arcanis
432 2479 590 2545 habeatnr
604 2489 636 2542 et
651 2477 832 2543 reconditis.
852 2477 988 2544 Dextera
1002 2501 1141 2568 namque

1 2617 5 2657 l

1 2724 7 2766 l

97 2588 147 2655 ihi
159 2589 300 2676 putanda
313 2599 386 2652 sunt
397 2609 465 2652 csse
481 2585 609 2660 omnia,
627 2586 682 2651 uhi
701 2584 779 2651 nihil
795 2573 835 2650 de
851 2595 1059 2674 peccatorum
1078 2589 1141 2654 mi·

96 2693 209 2767 seriis,
226 2690 305 2758 nihil
320 2691 360 2756 de
375 2689 550 2779 fragilitatis
568 2688 656 2777 lapsu
672 2689 862 2754 continetur.
882 2689 942 2756 llic
955 2713 1029 2756 vcro
1040 2689 1136 2769 larva.

2 2850 10 2874 .
97 2801 157 2866 ubi
168 2798 295 2865 vulnera
303 2812 411 2865 nostra
423 2799 564 2873 curavit,
577 2810 610 2862 et
618 2809 750 2886 peccata
759 2809 866 2862 nostra
877 2798 1026 2885 portavit,
1036 2798 1137 2866 lactus

3 2949 12 2988 t

5 3057 14 3096 s

2 3173 13 3210 v

4 3274 18 3320 1,.

6 3373 20 3430 s

4 3484 21 3544 ἓ.-

5 3589 18 3652 l

95 2909 195 2975 etiam
210 2909 277 2998 ipso
287 2931 345 2996 pro
362 2908 452 2973 nobis
468 2917 637 2996 peccatum
649 2916 681 2970 et
696 2902 912 2971 maledictum.
932 2906 1012 2986 Quae
1027 2903 1135 2976 'omnia

95 3017 241 3106 quamvis
253 3028 350 3104 caput
363 3028 394 3080 et
410 3014 507 3080 iidem
523 3023 700 3078 sustentent
716 3011 883 3088 Ecclesiae,
895 3013 1011 3079 merito
1026 3027 1133 3084 tamen

24 3132 37 3151 “
94 3123 222 3188 sinistra
245 3124 332 3189 verbi
353 3123 411 3188 Dei
435 3119 688 3210 appellabuntur.
719 3119 756 3184 ln
778 3120 893 3207 quibus
916 3118 1019 3208 aliqua
1036 3124 1132 3190 etiam

93 3243 211 3319 praeter
224 3229 309 3296 illam
325 3242 556 3316 naturamque
570 3238 634 3294 tota
651 3228 779 3292 dextera
797 3239 862 3302 est,
883 3239 915 3292 et
933 3239 997 3295 tota
1022 3228 1076 3296 lux
1094 3253 1131 3298 ac

96 3335 243 3425 splendor
257 3349 289 3403 et
303 3337 402 3427 gloria
418 3335 583 3426 pertulisse
598 3345 803 3402 memoratur.

145 3445 322 3534 -arldjuravi
342 3469 397 3511 vos
412 3445 484 3510 filias
505 3442 700 3510 Hierusalem
716 3443 748 3506 in
765 3443 931 3509 virtutihus
948 3458 982 3510 et
1001 3447 1033 3511 in
1053 3445 1128 3512 viri-

92 3557 175 3622 slvus
190 3553 275 3644 agri,
292 3555 317 3621 si
329 3554 504 3622 levaveritis
516 3565 549 3618 et
564 3551 786 3618 suscitaveritis
801 3551 990 3619 charitatem
1004 3553 1129 3638 quoad-

5 3710 23 3763 1³
89 3687 215 3751 »usque
230 3662 359 3729 velit².»
382 3663 503 3751 Sponsa
519 3661 624 3727 adhuc
642 3657 683 3726 ad
698 3657 948 3728 adolescentulas
964 3657 1123 3747 loquitur,

6 3823 24 3874 Ψ
84 3793 264 3861 provocans
279 3793 331 3837 eas
341 3782 373 3835 et
388 3769 578 3846 exhortans,
594 3769 659 3836 imo
670 3780 703 3834 et
715 3768 863 3859 adjurans
878 3789 936 3856 per
946 3788 983 3833 ea
999 3789 1069 3853 quae
1080 3767 1124 3834 eis

125 3916 135 3948 ¹
148 3922 221 3970 Joan.
233 3937 284 3982 ιιι,
296 3922 337 3972 ad.
351 3951 378 3961 -
392 3918 534 3983 ²Cant.1v,
548 3935 572 3988 7.
