2776 4616
172 371 181 391 .
242 287 306 364 4²8
689 306 834 350 onxaaars

242 425 379 499 videtur,
387 435 428 508 ‘et
445 421 585 510 intelligi.
606 423 686 503 Quae
707 437 790 489 artes
807 425 838 488 in
854 435 977 489 tuntum
999 423 1040 487 ad
1056 421 1281 511 decipiendam

244 556 343 621 genus
367 532 532 598 bominum
553 529 770 620 proiecerunt,
787 543 823 596 ut
838 531 933 597 etiam
955 531 1115 617 justissimi
1135 529 1281 595 Ezechiae

245 641 328 708 filius
342 640 484 706 Manasse
500 641 563 707 boc
581 663 689 706 errore
705 643 870 730 deceptus,
887 639 1101 714 aedificaverit,
1120 652 1155 703 ut
1171 638 1282 728 Scrip-

245 764 316 818 tura
327 752 418 828 dicit,
435 778 448 812 ι
460 750 558 816 uitare
569 752 655 816 omni
667 753 820 818 exercitui
832 752 904 818 coeii
916 753 949 816 in
966 765 1100 839 utraque
1112 750 1208 816 domo
1220 750 1283 816 Do

247 889 260 921 a
275 858 383 924 mini¹.
404 889 416 920 a
436 860 530 925 Hanc
540 871 648 924 autem
663 883 731 924 esse
745 861 884 925 arbitror
897 861 1071 927 exercitum
1083 859 1169 935 coeli,
1185 883 1283 947 quem

248 966 365 1034 Paulus
381 967 557 1056 spirituales
575 969 732 1056 nequitias
747 969 781 1033 in
795 966 976 1035 caelestibus
992 967 1109 1056 positas
1124 967 1280 1056 scripsit².

248 1076 314 1144 Nisi
325 1101 401 1167 ergo
413 1076 550 1144 muitum
566 1078 598 1144 in
614 1078 651 1143 iis
666 1078 787 1144 artibus
798 1091 832 1144 et
844 1078 1038 1166 deceptionis
1054 1089 1137 1142 esset
1148 1089 1180 1142 et
1191 1101 1284 1142 erro-

246 1190 301 1262 ris,
319 1211 384 1254 non
400 1200 476 1277 puto
488 1189 568 1253 tanti
583 1189 640 1253 viri
655 1187 757 1253 filium
772 1189 804 1254 in
820 1187 889 1278 lege
904 1187 1030 1254 Domini
1047 1187 1235 1263 educatum,
1252 1187 1283 1252 in
1365 1211 1366 1214 ¹

247 1295 315 1362 illas
331 1295 509 1386 impietates
523 1297 663 1385 potuisse
680 1319 830 1362 corruere
841 1319 912 1384 quae
927 1297 960 1361 in
976 1307 1089 1383 quarto
1100 1295 1284 1384 Regnorum
1365 1281 1366 1310 ³

248 1407 330 1473 libro
346 1408 386 1474 de
400 1430 438 1473 eo
455 1407 579 1494 scripte
595 1405 786 1470 reseruntur.
802 1405 855 1471 Ait
869 1405 955 1470 enim
973 1429 981 1468 ι
1000 1406 1064 1469 «Et
1076 1405 1281 1480 sortiebatur,

250 1545 261 1577 a
277 1529 310 1582 et
324 1518 551 1604 augurabatur,
567 1526 598 1579 et
614 1513 688 1579 iecit
701 1523 807 1594 ripae,
824 1527 857 1578 et
873 1515 1099 1580 transducebat
1112 1513 1195 1580 fitius
1211 1539 1283 1580 suos
1365 1577 1366 1604 ,

250 1655 262 1686 ι
276 1626 309 1691 in
325 1626 409 1713 igne,
425 1636 457 1690 et
471 1625 619 1713 praescios
631 1621 794 1689 abundare
813 1623 908 1698 fecit,
928 1638 964 1690 ut
979 1624 1098 1692 iaceret
1113 1623 1286 1713 malignum
1365 1627 1366 1662 t

177 1724 180 1730 ’
251 1733 309 1799 »in
325 1745 498 1821 conspectu
514 1732 655 1808 Domini,
672 1745 704 1798 et
721 1736 926 1801 exacerbaret
943 1735 1048 1801 eum'.
1068 1765 1080 1798 x
1101 1734 1188 1801 Talia
1207 1760 1282 1825 ergo

251 1855 341 1909 erant
352 1865 423 1931 quae
436 1841 603 1930 peccabat,
618 1842 784 1930 dequibus
799 1843 861 1910 dici
878 1845 988 1933 possit,
1001 1844 1073 1931 quia
1086 1845 1119 1909 in
1132 1845 1215 1910 omni
1224 1845 1283 1908 air·

251 1960 331 2027 tute,
348 1951 442 2037 signis
458 1963 490 2015 et
505 1949 655 2039 prodigiis
675 1952 883 2017 mendacibus
899 1952 1025 2031 fierent,
1047 1955 1089 2019 ita
1106 1967 1142 2019 ut
1156 1954 1285 2044 decipe-
1365 1953 1366 1964 ³

251 2069 362 2124 rentur
373 2059 469 2124 etiam
481 2059 602 2126 electi⁴.
615 2060 776 2150 Deceptus
787 2073 835 2125 est
843 2062 928 2126 enim
939 2084 996 2151 per
1005 2057 1080 2126 eum
1091 2075 1126 2127 et
1135 2062 1283 2152 populus,

254 2182 289 2233 ut
300 2169 418 2237 iaceret
431 2168 603 2260 malignum
616 2170 648 2236 in
658 2182 832 2259 conspectu
844 2171 972 2236 Domini
983 2195 1080 2261 super
1094 2183 1204 2262 gentes
1220 2170 1285 2238 ilias

253 2304 331 2368 quas
346 2282 611 2347 exterminaverat
627 2280 712 2349 Deus
723 2303 741 2344 u
753 2280 832 2346 secie
848 2280 986 2349 sdiorum
998 2281 1118 2349 lsrae'l‘.
1136 2283 1202 2350 Sed
1212 2296 1246 2349 et
1256 2285 1287 2349 in

252 2392 393 2458 seeundo
401 2390 482 2457 libro
490 2390 752 2480 Paralipomenon
761 2389 872 2457 similia
880 2391 1084 2459 nihilominus
1093 2393 1134 2458 de
1147 2393 1289 2462 Manasse

251 2503 460 2568 scribuntur:
483 2528 496 2561 r
514 2501 555 2566 Et
576 2500 664 2575 iecit,
681 2502 804 2589 inquit,
826 2499 929 2578 lucos,
945 2514 978 2568 ct
997 2503 1139 2571 adoravit
1159 2528 1290 2572 omnem

254 2641 267 2675 ι
282 2611 426 2678 militiam
442 2609 527 2688 caeli,
541 2623 573 2675 et
584 2611 780 2686 serviviteis,
793 2623 826 2677 et
836 2613 1013 2678 construxit
1024 2612 1133 2680 altaria
1149 2616 1182 2679 in
1195 2616 1291 2681 demo

254 2751 266 2784 x
279 2724 350 2798 Dei,
365 2722 418 2787 ubi
432 2721 512 2786 dixit
526 2722 681 2787 Dominus
698 2745 706 2785 t
727 2723 763 2788 ln
779 2721 956 2789 Jerusalem
973 2725 1034 2790 erit
1048 2748 1165 2792 nomen
1182 2750 1291 2792 meum

255 2832 314 2896 »in
338 2844 511 2904 aeternum3
531 2844 564 2896 et
584 2831 628 2896 ibi
650 2832 797 2898 instruxit
814 2831 923 2900 altaria
944 2835 1031 2899 omni
1047 2835 1293 2925 magnificentiae

255 2971 267 3004 x
284 2939 371 3015 coeli,
386 2941 419 3006 in
436 2942 590 3008 ambabus
606 2940 753 3006 domibus
768 2943 904 3007 Domini.
923 2944 963 3009 Et
984 2945 1050 3031 ipse
1065 2945 1294 3011 transducebat

261 3048 368 3115 »salios
383 3073 456 3114 suos
471 3049 503 3113 in
520 3049 591 3138 igne
606 3049 638 3114 in
654 3049 857 3126 Gehennom,
870 3063 902 3116 et
912 3053 1116 3128 sortiebatur,
1128 3067 1162 3118 et
1173 3052 1294 3122 maleti—
1365 3033 1366 3082 ¹

255 3190 267 3223 a
283 3160 331 3227 cia
354 3158 502 3236 iaciebat,
520 3172 553 3225 et
569 3161 797 3248 augurabatur,
813 3172 845 3226 et
874 3161 949 3228 secit
966 3162 1179 3251 ventriloquos
1195 3176 1227 3231 et
1243 3167 1293 3232 in-

235 3357 239 3368 ·
256 3278 474 3342 scrutatores,
490 3281 523 3332 et
546 3267 766 3357 multiplicavit
788 3267 962 3335 ut'saceret
977 3268 1149 3360 malignum
1170 3272 1204 3339 in
1218 3298 1294 3342 con·

257 3409 269 3442 x
285 3389 395 3466 spectu
408 3375 547 3451 Domini,
568 3390 603 3441 ut
618 3377 822 3443 exacerbaret
839 3377 944 3444 eum‘.
959 3408 972 3441 ι
989 3381 1064 3448 Haec
1080 3405 1156 3470 ergo
1173 3385 1295 3459 omnia,

256 3489 360 3560 idest,
373 3485 437 3551 sive
451 3488 628 3575 auguratio,
647 3488 710 3556 sive
721 3489 933 3578 extispicium,
948 3490 1011 3556 sive
1023 3491 1172 3581 quaelibet
1184 3495 1298 3560 immo-
1365 3519 1366 3584 q

256 3597 344 3670 latio,
362 3595 425 3660 sive
447 3596 543 3662 etiam
559 3597 694 3675 sortitio,
712 3611 768 3663 aut
783 3593 978 3688 quicumque
997 3615 1101 3668 motus
1122 3602 1230 3669 avium
1244 3597 1297 3671 ‘rel

256 3704 432 3792 pecudum,
448 3700 496 3768 vel
512 3703 663 3791 inspectio
675 3729 885 3796 quecumque
897 3709 1063 3786 fibrarum,
1077 3723 1112 3778 ut
1123 3711 1246 3802 aliquid
1258 3715 1298 3781 de

291 3863 302 3896 ι
319 3881 326 3909 ι
343 3857 710 3924 ttrg.xxr‚5,-.²1·Jph0,·„‚
728 3882 765 3913 Π,
783 3895 812 3905 ,,
823 3866 857 3926 ap
870 3871 930 3934 ΒΨ.
947 3872 1029 3928 ω’(ὶ,
1042 3871 1090 3910 „a
1104 3889 1115 3918 ῃ
1127 3872 1217 3922 Thon.
1231 3893 1258 3922 n·
1271 3900 1302 3910 .-

280 3936 374 3984 aluam.
392 3951 457 3982 xxiv,
470 3963 499 3971 -
511 3936 544 3982 “a
560 3936 640 3987 Pnral.
653 3955 743 4001 xxxxix,
753 3943 808 4003 M,
820 3947 844 4002 5ἱ
855 3946 878 3993 6,
1126 3959 1129 3966 .
