2776 4616
283 335 347 413 418
727 351 875 394 onrourun

281 482 314 534 et
328 483 463 534 numero
478 477 511 534 et
525 467 666 555 pondere
678 467 840 556 produxit,
854 467 1023 555 investiget
1037 489 1146 533 semen
1159 465 1281 544 lneob,
1293 480 1326 534 et

282 580 463 648 dinumerat
474 575 601 666 plebem
614 576 722 644 loroe'l.

326 685 380 754 lV.
395 686 470 752 Post
482 685 552 754 haec
565 686 653 775 quusi
667 685 708 754 de
723 687 892 774 semetipso
908 686 1055 774 quiedam
1069 686 1267 775 prophetare
1283 688 1323 753 ri·

282 799 389 872 detur,
402 817 476 864 eum
491 796 569 868 dioit
586 819 594 862 ι
614 794 795 862 «Moriatur
808 796 914 862 enimn
931 818 1000 862 men
1018 796 1100 868 inter
1116 797 1244 862 enimus
1260 797 1323 884 jus·

282 935 294 968 ι
310 917 431 980 torum,
443 916 477 970 et
491 902 547 970 fiet
561 926 670 973 semen
684 927 791 972 meum
803 904 884 970 siout
900 927 1008 972 semen
1021 906 1181 993 justorum
1192 906 1216 971 ¹.
1229 933 1243 967 ι
1261 905 1322 972 sed

282 1012 357 1087 hoc,
375 1023 530 1100 quantum
547 1011 587 1076 nd
603 1033 773 1100 personum
788 1024 910 1100 spectet
925 1009 1007 1078 illiue
1025 1012 1167 1089 Balaam,
1187 1026 1223 1078 et
1241 1011 1322 1079 illius

281 1118 390 1196 lsrniil,
401 1143 461 1186 nee
472 1119 591 1186 luctum
602 1130 722 1186 estnec
735 1119 803 1186 lieri
815 1121 938 1208 potuit:
954 1145 1018 1188 nou
1029 1122 1115 1188 enim
1125 1123 1211 1188 inter
1224 1123 1320 1211 ipson.

282 1229 337 1296 sed
349 1232 388 1295 nb
402 1230 477 1319 ipsis
492 1239 638 1294 mortuus
652 1239 711 1294 est.
730 1229 827 1318 lllngis
843 1229 929 1296 enim
945 1228 993 1316 (ut
1010 1230 1159 1316 diximus)
1175 1231 1321 1320 ipsorum

280 1361 425 1429 personae
437 1337 605 1420 conveniet
621 1360 629 1402 ι
644 1336 698 1424 qui
715 1336 790 1434 lioot
806 1339 837 1404 in
852 1339 1000 1427 praesenti
1016 1338 1132 1406 saeoulo
1149 1364 1253 1407 vanus
1268 1364 1321 1430 po·

281 1447 375 1537 puluo
391 1447 560 1522 habeatur,
577 1445 650 1534 quin
666 1446 733 1510 sine
748 1447 847 1535 gratio
860 1462 907 1513 est
923 1446 1058 1537 Spiritus
1074 1449 1189 1524 innoti,
1208 1451 1243 1515 in
1261 1449 1322 1515 line

281 1569 389 1626 tumen
405 1553 512 1622 saeouli
533 1577 607 1620 cum
632 1553 795 1644 plenitudo
816 1556 958 1646 gentium
976 1557 1146 1642 introierit,
1166 1570 1200 1624 et
1217 1560 1322 1624 omnis

281 1667 339 1733 istu
352 1663 518 1759 prophetia
531 1686 602 1751 quie
614 1662 653 1728 do
666 1662 763 1730 lsrniil
777 1664 894 1732 dieitur
908 1665 941 1762 in
956 1663 1109 1755 spirituali
1120 1665 1240 1732 lsreble
1255 1667 1324 1732 lue·

282 1776 324 1842 rit
336 1773 478 1864 impleta,
493 1783 570 1838 tuno
582 1772 684 1838 anime
698 1774 767 1861 ejus
781 1774 935 1842 morietur
946 1797 1020 1840 cum
1032 1775 1198 1840 animabus
1209 1774 1319 1862 justo-

281 1907 365 1952 rum.
378 1882 536 1971 Suscipiet
547 1882 633 1947 enim
647 1883 678 1948 in
690 1906 723 1948 se
733 1882 831 1952 fidem
842 1882 973 1959 Christi,
982 1884 1023 1949 ite
1035 1895 1069 1948 ut
1078 1896 1110 1948 et
1118 1883 1177 1972 ipsi
1185 1883 1298 1958 beent
1312 1907 1321 1948 ι

293 2024 305 2055 ι
327 1993 409 2074 Quin
427 1993 460 2058 in
476 1991 603 2058 Christo
619 1993 769 2080 baptizoti
789 2017 911 2068 eumue,
928 1993 960 2059 in
976 2006 1079 2060 morte
1098 1994 1196 2083 ipsius
1212 1992 1325 2082 bapti-

285 2104 372 2170 ·znti
393 2125 513 2167 sumus.
534 2100 718 2190 Consepulti
734 2103 822 2168 enim
844 2125 955 2169 sumus
976 2101 1020 2168 illi
1043 2126 1101 2191 per
1123 2103 1324 2192 baptismum

285 2213 344 2279 »in
360 2221 463 2276 morte
473 2209 495 2276 ².
515 2238 527 2272 ι
543 2210 583 2275 Et
597 2210 713 2276 iterum
730 2235 738 2281 z
756 2239 767 2272 ι
784 2209 817 2277 Si
833 2211 920 2278 enim
936 2212 1181 2287 commorimur,
1200 2226 1235 2278 et
1250 2235 1326 2280 oon-

284 2319 546 2414 »regnnbimns⁸.
564 2350 577 2384 ι
597 2322 637 2388 Et
654 2321 700 2388 sio
718 2345 791 2388 veru
810 2320 1025 2412 complebitur
1046 2320 1241 2411 intelligibili
1262 2323 1327 2388 Bn-

207 2457 212 2465 ·
286 2432 383 2508 lenm,
399 2444 433 2498 ut
445 2432 600 2498 moriatur
611 2431 715 2499 nnimn
727 2432 797 2517 ejus
809 2431 892 2498 inter
907 2432 1028 2498 nnimns
1043 2432 1214 2520 justorum.
1227 2431 1328 2515 Quod
1378 2475 1379 2482 i

286 2556 393 2610 entem
405 2541 494 2618 dicit,
505 2569 518 2602 ι
531 2553 565 2606 nt
577 2541 633 2607 lint
645 2564 754 2608 semen
766 2565 874 2614 meum
887 2542 969 2610 siout
982 2563 1089 2608 semen
1102 2542 1269 2630 justorum
1280 2544 1320 2607 ’.ι
1378 2625 1379 2630 ¹

286 2663 392 2740 posset
409 2647 538 2738 quidem
554 2658 587 2712 et
608 2646 648 2712 de
669 2644 723 2711 illo
744 2646 873 2714 Bnluom
894 2644 1040 2736 intelligi,
1059 2647 1241 2714 seeundum
1267 2649 1328 2715 boe

287 2758 374 2847 quod
389 2756 470 2846 Magi
488 2755 531 2822 illi
548 2757 601 2844 qui
619 2755 658 2822 de
677 2755 810 2822 Oriente
830 2756 991 2826 venientes
1006 2757 1100 2846 primi
1116 2757 1257 2826 adorere
1273 2782 1328 2826 re-
1378 2799 1379 2818 ι

288 2884 403 2938 nerunt
415 2871 539 2948 lesum,
553 2869 592 2950 de
607 2870 727 2936 semine
738 2870 809 2958 ejus
820 2891 890 2937 esee
905 2869 1085 2946 videantur,
1100 2870 1166 2938 tivo
1177 2893 1239 2959 per
1256 2895 1328 2939 sue-

289 2981 464 3047 cessionem
476 2979 614 3070 generis,
626 2980 690 3046 siro
702 3002 759 3068 per
771 2976 944 3067 disciplinae
959 2979 1173 3046 traditionem.
1190 2981 1330 3050 Eviden-
1378 3053 1379 3066 ξ

289 3104 339 3157 ter
354 3091 438 3156 enim
462 3101 586 3157 constet
604 3087 673 3155 illos
692 3089 856 3178 agnovisse
876 3087 1000 3156 stellam
1015 3112 1111 3178 quem
1134 3092 1328 3178 praedixerat

289 3198 417 3267 Bnlnnm
432 3201 585 3266 oriturum
603 3199 636 3264 in
654 3198 767 3276 lsrael,
779 3211 811 3264 et
827 3200 874 3266 sio
890 3200 1024 3276 venisse,
1044 3212 1077 3266 et
1092 3201 1245 3272 odorasse
1265 3203 1328 3270 Re-

119 3291 123 3298 ·
178 3373 181 3382 ‚
290 3334 363 3402 gem
377 3311 430 3400 qui
447 3323 600 3377 natusest
615 3311 646 3382 in
664 3308 771 3377 lsrnie'l.
787 3309 962 3378 Conveniet
977 3321 1084 3409 tomen
1100 3324 1132 3377 et
1147 3311 1273 3402 populo
1287 3311 1328 3378 illi

291 3419 467 3488 seeundum
482 3443 518 3486 en
534 3443 605 3509 quae
621 3444 715 3510 supro
728 3420 873 3488 diximus.
891 3421 961 3489 Non
977 3422 1063 3488 enirn
1079 3433 1145 3488 tem
1157 3423 1218 3511 ipsi
1229 3445 1329 3512 quum

291 3552 399 3596 semen
413 3551 524 3594 eorum
540 3526 696 3596 efficietur
710 3530 794 3597 siout
806 3551 915 3596 semen
929 3531 1102 3619 justorum,
1115 3553 1231 3598 eorum
1244 3529 1324 3600 solli

293 3653 344 3707 oet
362 3639 415 3728 qui
432 3639 597 3704 credentes
617 3661 656 3704 ox
676 3639 823 3728 gentibus
846 3640 878 3706 in
902 3638 1028 3707 Gbriuto
1045 3638 1212 3729 justificati
1236 3651 1323 3708 sunt.

292 3748 383 3816 Unde
400 3746 602 3814 manifestum
617 3759 665 3812 est
682 3747 768 3836 quin,
786 3747 869 3814 siout
885 3746 1055 3837 Apostolus
1070 3748 1161 3827 dieii,
1187 3775 1201 3810 ι
1217 3749 1329 3838 Neque
1378 3829 1379 3844 χ

324 3913 334 3946 ¹
347 3913 424 3962 llum·
436 3926 507 3964 ιιιιι.
520 3927 557 3959 ιο.
570 3908 619 3948 -2
630 3911 705 3961 Rern.
720 3919 758 3968 ri:
770 3913 794 3971 5,
804 3915 828 3971 4.
843 3941 872 3951 -
885 3912 894 3948 ⁸
908 3931 920 3962 ι
933 3915 1002 3965 Tim.
1017 3933 1046 3976 ιι,
1063 3932 1100 3975 ιι,
1112 3933 1148 3964 ιι.
1159 3943 1189 3954 ·-
1199 3914 1208 3949 ⁴
1219 3916 1329 3966 Numer.

292 4003 362 4047 ιιιιι,
376 4002 412 4036 ιο.
