2706 4624
334 299 367 345 ut
388 300 560 346 nrnrrcuu
582 301 712 345 nournrs
734 299 797 344 xvr.
1017 281 1079 366 275

79 445 128 489 ru
141 419 219 485 robis
233 427 460 508 persequentur
476 416 574 484 multu
588 399 685 484 millis
698 417 745 483 ¹.»
763 418 828 498 Qui
843 430 917 484 sunt
927 419 978 484 isti
990 421 1080 510 quin·

76 555 122 620 qne
134 530 182 620 qui
194 539 325 618 possunt
340 527 486 616 persequi
501 527 655 594 contum?
668 527 817 617 Quinque
831 551 983 595 numerus
995 542 1028 596 et
1043 531 1075 597 in

76 636 475 726 budsbilibusponituretin
485 635 704 727 culpabilibus.
717 637 947 727 Quinque'sunt
957 641 1077 729 supien-
1175 635 1177 642 '

77 762 114 817 tes
122 749 257 838 virgines,
269 758 302 812 et
312 747 453 837 quinque
463 747 671 836 ·insipientes².
683 745 737 813 Sic
749 771 824 837 ergo
835 759 868 812 et
879 750 1078 818 centenarius

74 883 200 926 numerus
218 858 262 924 ad
281 869 448 946 utrumque
463 867 588 946 purtem
602 857 702 945 accipi
716 868 829 946 potest
848 857 882 923 Si
900 858 1006 947 itaque
1020 883 1079 927 nos

74 971 152 1036 simus
164 993 199 1034 ex
211 968 356 1058 quinque
371 965 595 1043 laudabilibus,
607 965 640 1030 id
655 978 715 1041 est,
728 987 767 1032 cx
780 965 919 1056 quinque
934 968 1079 1056 sepienti*

73 1079 133 1153 bus,
143 1098 362 1167 persequemur
373 1073 554 1163 insipientes
569 1085 709 1140 centnm.
724 1073 758 1139 Si
773 1075 859 1140 enim
874 1077 1031 1165 supienter
1045 1089 1078 1146 et

73 1185 254 1275 probabiliter
267 1207 445 1274 pugnemus
463 1183 500 1248 in
512 1183 606 1248 verbo
627 1181 697 1257 Dei,
715 1181 740 1246 si
760 1183 934 1270 prudenter
952 1185 1077 1276 delego

72 1296 180 1362 Domini
204 1297 403 1369 disseremus,
429 1291 647 1359 convincimus
672 1302 705 1356 et
729 1291 874 1381 fugemus
900 1292 1076 1361 infidelium
1154 1381 1157 1388 .

77 1389 296 1472 multitudinem.
315 1402 407 1470 Sicut
428 1401 513 1468 enirn
538 1401 676 1489 quinque
699 1425 850 1468 numerus
872 1415 904 1468 et
922 1405 1077 1492 sopientes

78 1512 183 1580 indicet
200 1529 230 1580 et
248 1514 434 1605 insipientes,
456 1513 498 1578 itu
517 1522 551 1577 et
572 1522 724 1578 centenus
746 1535 897 1577 numerus
915 1526 947 1579 et
965 1511 1075 1581 fideles

76 1623 182 1689 indicet
196 1638 225 1690 et
243 1623 390 1690 infideles.
412 1623 492 1689 Nem
506 1632 540 1686 et
554 1623 612 1687 sub
636 1621 816 1688 centenario
838 1646 993 1690 annorum
1013 1649 1077 1691 nu*

73 1755 151 1798 mero
169 1733 317 1800 rlbrsbsnr
332 1734 400 1799 Deo
415 1731 598 1807 credidisse,
614 1743 647 1796 et
667 1731 857 1820 justificatus
872 1753 940 1798 esse
955 1734 1075 1801 descri-

68 1843 156 1918 bitur,
168 1856 197 1907 et
209 1871 221 1904 r
231 1854 380 1933 peccator
394 1841 449 1932 qui
463 1841 599 1907 moritur
614 1853 744 1908 centum
755 1864 917 1908 annorum
927 1841 1076 1910 meledic-

69 1965 135 2018 utm
148 1953 257 2020 erit³.»
272 1955 311 2020 Et
327 1953 379 2019 bic
394 1965 523 2020 centum
538 1949 680 2018 infideles
695 1974 712 2016 s
727 1952 866 2041 quinque
881 1954 1073 2044 sapientibus

70 2060 240 2152 effugantur,
251 2077 284 2130 et
295 2086 419 2128 rursum
431 2074 560 2128 centurn
571 2058 691 2138 fideles,
705 2083 768 2127 non
781 2074 845 2127 tem
856 2085 990 2130 numero
1002 2087 1075 2134 oen·

72 2182 135 2234 turn
148 2197 232 2260 quum
242 2174 435 2264 perfectione
450 2173 574 2262 signati,
587 2168 686 2236 multe
701 2170 796 2238 millia
814 2172 989 2241 infidelium
1004 2199 1073 2266 per·

77 2293 238 2364 sequentur.
247 2283 366 2372 lugent
380 2282 466 2347 enim
483 2278 592 2346 fideles
608 2279 752 2346 doctores
764 2279 946 2348 innumeros
959 2285 1073 2351 daemo·

73 2407 137 2460 nes,
153 2411 191 2453 ne
205 2391 313 2456 enimes
324 2391 520 2458 credentium
541 2387 668 2475 entique
691 2388 801 2454 fraude
823 2391 991 2479 decipient.
1005 2418 1018 2454 r
1034 2396 1074 2460 Et

64 2495 199 2564 »cedent
218 2500 329 2568 inimici
351 2501 446 2568 vestri
462 2501 495 2566 in
517 2510 690 2586 conspectu
711 2510 814 2566 restro
832 2497 936 2588 gladio
948 2499 994 2566 ‘a
1009 2503 1074 2583 Qui

59 2604 115 2670 sint
128 2605 244 2676 inimici
257 2633 350 2700 supra
373 2612 519 2694 diximus,
535 2633 599 2698 quo
614 2621 720 2676 nutem
738 2608 842 2699 gladio
859 2610 1003 2679 dicuntur
1018 2636 1073 2680 ce-

56 2714 132 2792 dere,
148 2721 356 2809 requiremus.
378 2718 545 2810 Apostolus
560 2717 676 2784 Paulus
691 2743 748 2785 nos
763 2720 857 2787 docet
879 2723 948 2810 quis
964 2724 1003 2788 sit
1018 2722 1072 2790 hie

49 2822 173 2914 gladius,
186 2853 264 2896 cum
281 2831 359 2896 dicit
372 2853 381 2894 ε
393 2856 406 2890 r
417 2829 513 2895 Vivus
528 2829 612 2893 enim
627 2840 675 2894 est
690 2850 793 2894 sermo
810 2829 880 2906 Dei,
899 2843 932 2895 et
947 2831 1071 2911 ellicus,

47 2948 100 3000 ret
112 2939 346 3027 penetrabilior
367 2939 463 3006 omni.
475 2937 577 3028 gladio
600 2938 746 3025 utrinque
769 2951 876 3016 scuto,
890 2943 1071 3032 pertingens

40 3069 191 3138 »quoque
210 3074 315 3139 usque
331 3050 372 3116 sd
386 3072 572 3138 compagem
586 3048 698 3114 unimur
709 3071 747 3115 ec
758 3049 1071 3136 spiritus,‚rnembro-
1142 3072 1144 3082 “

43 3181 131 3225 »mm
154 3183 295 3252 qnoque
318 3173 350 3226 ct
371 3141 645 3235 medullarum,'et
664 3171 712 3223 est
733 3157 888 3225 discretor
908 3162 1071 3250 cogitatio·

37 3293 132 3338 snum
147 3283 185 3338 et
203 3271 424 3338 intentionum
438 3269 541 3336 cordis
552 3268 573 3333 ⁵.-
591 3297 604 3331 »
619 3269 679 3335 llic
692 3278 740 3334 est
753 3267 875 3358 gladius
891 3271 981 3360 cujus
1000 3274 1069 3340 scie

38 3379 147 3448 odunt
173 3381 306 3448 inimici
325 3379 434 3446 nostri.
450 3378 562 3446 Sermo
578 3403 714 3468 numque
729 3379 787 3444 Dei
804 3381 919 3469 estqui
934 3396 1071 3470 proster-

31 3491 67 3554 nit
81 3515 205 3559 omnes
220 3490 383 3567 inimicos,
395 3501 428 3555 ot
439 3490 529 3580 ponit
540 3513 593 3556 eos
604 3491 662 3555 sub
678 3489 812 3578 pedibus
823 3490 899 3565 suis,
914 3503 950 3556 nt
963 3495 1069 3561 subdi-

31 3600 142 3670 ustas
161 3599 282 3669 omnis
296 3600 434 3666 mundus
451 3601 527 3667 Deo.
546 3598 601 3666 Vis
619 3598 722 3665 edbue
744 3611 778 3663 et
797 3599 836 3665 de
857 3598 916 3666 eliu
938 3603 1068 3692 epistole

54 3751 157 3858 :beris
170 3770 257 3812 mr,
267 3751 337 3802 8.-²
350 3752 441 3802 ldrttb.
454 3769 511 3813 xxv,
524 3769 585 3806 1.-
596 3752 607 3787 ⁸
617 3753 676 3802 lsai.
687 3766 742 3811 nxr,
756 3767 794 3802 so.
803 3779 833 3790 -
844 3751 855 3786 ὅ
867 3753 949 3804 Levit.
962 3770 1028 3812 xxvi,
1043 3758 1068 3808 8.

26 3849 50 3861 ··
72 3825 146 3878 flet.
164 3843 209 3887 rr,
228 3842 271 3874 n.
828 3833 830 3842 ’

885 4023 931 4087 18.
