<?xml version="1.0" encoding="UTF-8"?>
<!DOCTYPE html PUBLIC "-//W3C//DTD XHTML 1.0 Transitional//EN"
    "http://www.w3.org/TR/xhtml1/DTD/xhtml1-transitional.dtd">
<html xmlns="http://www.w3.org/1999/xhtml" xml:lang="en" lang="en">
 <head>
  <title>
</title>
<meta http-equiv="Content-Type" content="text/html;charset=utf-8" />
  <meta name='ocr-system' content='tesseract 3.04.00' />
  <meta name='ocr-capabilities' content='ocr_page ocr_carea ocr_par ocr_line ocrx_word'/>
</head>
<body>
  <div class='ocr_page' id='page_1' title='image "./collectioselect01guilgoog_1091.png"; bbox 0 0 2644 4612; ppageno 0'>
   <div class='ocr_carea' id='block_1_1' title="bbox 315 243 1212 328">
    <p class='ocr_par' dir='ltr' id='par_1_1' title="bbox 315 243 1212 328">
     <span class='ocr_line' id='line_1_1' title="bbox 315 243 1212 328; baseline 0.003 -24"><span class='ocrx_word' id='word_1_1' title='bbox 315 263 351 308; x_wconf 82' lang='lat' dir='ltr'><strong>m</strong></span> <span class='ocrx_word' id='word_1_2' title='bbox 376 261 539 308; x_wconf 80' lang='lat' dir='ltr'><strong>caarrcuu</strong></span> <span class='ocrx_word' id='word_1_3' title='bbox 562 264 764 328; x_wconf 77' lang='lat' dir='ltr'><strong>cssrrcpauu</strong></span> <span class='ocrx_word' id='word_1_4' title='bbox 787 265 848 307; x_wconf 83' lang='lat' dir='ltr'><strong>ms.</strong></span> <span class='ocrx_word' id='word_1_5' title='bbox 876 264 923 306; x_wconf 89' lang='lat'>111.</span> <span class='ocrx_word' id='word_1_6' title='bbox 1075 243 1139 308; x_wconf 75' lang='lat'><strong>525</strong></span> <span class='ocrx_word' id='word_1_7' title='bbox 1211 247 1212 250; x_wconf 71' lang='grc'>’</span> 
     </span>
    </p>
   </div>
   <div class='ocr_carea' id='block_1_2' title="bbox 2 385 1235 2420">
    <p class='ocr_par' dir='ltr' id='par_1_2' title="bbox 2 385 1235 2420">
     <span class='ocr_line' id='line_1_2' title="bbox 92 385 1234 478; baseline -0.004 -22"><span class='ocrx_word' id='word_1_8' title='bbox 92 388 133 456; x_wconf 89' lang='lat' dir='ltr'><strong>ad</strong></span> <span class='ocrx_word' id='word_1_9' title='bbox 152 385 403 457; x_wconf 87' lang='lat' dir='ltr'><strong>illuminandam</strong></span> <span class='ocrx_word' id='word_1_10' title='bbox 420 391 562 456; x_wconf 89' lang='lat' dir='ltr'><strong>domum.</strong></span> <span class='ocrx_word' id='word_1_11' title='bbox 585 391 646 456; x_wconf 91' lang='lat' dir='ltr'><strong>Per</strong></span> <span class='ocrx_word' id='word_1_12' title='bbox 659 389 717 456; x_wconf 85' lang='lat' dir='ltr'><strong>has</strong></span> <span class='ocrx_word' id='word_1_13' title='bbox 732 411 808 478; x_wconf 79' lang='lat' dir='ltr'><strong>ergo</strong></span> <span class='ocrx_word' id='word_1_14' title='bbox 824 411 928 454; x_wconf 91' lang='lat' dir='ltr'><strong>sermo</strong></span> <span class='ocrx_word' id='word_1_15' title='bbox 943 387 1001 454; x_wconf 88' lang='lat' dir='ltr'><strong>Dei</strong></span> <span class='ocrx_word' id='word_1_16' title='bbox 1013 388 1141 454; x_wconf 86' lang='lat' dir='ltr'><strong>incum-</strong></span> <span class='ocrx_word' id='word_1_17' title='bbox 1232 449 1234 452; x_wconf 84' lang='lat'>.</span> 
     </span>
     <span class='ocr_line' id='line_1_3' title="bbox 12 495 1141 587; baseline -0.004 -23"><span class='ocrx_word' id='word_1_18' title='bbox 12 531 13 564; x_wconf 69' lang='lat'><em>2</em></span> <span class='ocrx_word' id='word_1_19' title='bbox 92 499 177 564; x_wconf 88' lang='lat' dir='ltr'><strong>bens</strong></span> <span class='ocrx_word' id='word_1_20' title='bbox 189 546 200 573; x_wconf 88' lang='lat'><em>,</em></span> <span class='ocrx_word' id='word_1_21' title='bbox 213 507 247 562; x_wconf 90' lang='lat' dir='ltr'><strong>et</strong></span> <span class='ocrx_word' id='word_1_22' title='bbox 257 498 456 587; x_wconf 81' lang='lat' dir='ltr'><strong>prospiciens</strong></span> <span class='ocrx_word' id='word_1_23' title='bbox 467 509 618 587; x_wconf 88' lang='lat' dir='ltr'><strong>provocat</strong></span> <span class='ocrx_word' id='word_1_24' title='bbox 629 519 800 586; x_wconf 76' lang='lat' dir='ltr'>exurgere,</span> <span class='ocrx_word' id='word_1_25' title='bbox 814 508 846 562; x_wconf 88' lang='lat' dir='ltr'><strong>et</strong></span> <span class='ocrx_word' id='word_1_26' title='bbox 857 495 896 561; x_wconf 89' lang='lat' dir='ltr'><strong>ad</strong></span> <span class='ocrx_word' id='word_1_27' title='bbox 912 519 946 560; x_wconf 89' lang='lat' dir='ltr'><strong>se</strong></span> <span class='ocrx_word' id='word_1_28' title='bbox 958 495 1065 562; x_wconf 81' lang='lat' dir='ltr'><strong>venire</strong></span> <span class='ocrx_word' id='word_1_29' title='bbox 1077 495 1141 562; x_wconf 89' lang='lat' dir='ltr'><strong>ani·</strong></span> 
     </span>
     <span class='ocr_line' id='line_1_4' title="bbox 9 601 1142 694; baseline -0.004 -20"><span class='ocrx_word' id='word_1_30' title='bbox 9 637 12 674; x_wconf 78' lang='lat' dir='ltr'><strong>s</strong></span> <span class='ocrx_word' id='word_1_31' title='bbox 93 629 195 673; x_wconf 85' lang='lat' dir='ltr'><strong>mam.</strong></span> <span class='ocrx_word' id='word_1_32' title='bbox 216 607 391 672; x_wconf 77' lang='lat' dir='ltr'><strong>Possumus</strong></span> <span class='ocrx_word' id='word_1_33' title='bbox 407 618 515 672; x_wconf 89' lang='lat' dir='ltr'><strong>autem</strong></span> <span class='ocrx_word' id='word_1_34' title='bbox 538 629 646 672; x_wconf 89' lang='lat' dir='ltr'><strong>sensus</strong></span> <span class='ocrx_word' id='word_1_35' title='bbox 662 627 832 694; x_wconf 88' lang='lat' dir='ltr'><strong>corporeos</strong></span> <span class='ocrx_word' id='word_1_36' title='bbox 853 604 1004 670; x_wconf 76' lang='lat' dir='ltr'><strong>fenestras</strong></span> <span class='ocrx_word' id='word_1_37' title='bbox 1023 601 1142 669; x_wconf 81' lang='lat' dir='ltr'><strong>intelli·</strong></span> 
     </span>
     <span class='ocr_line' id='line_1_5' title="bbox 9 712 1141 802; baseline -0.005 -20"><span class='ocrx_word' id='word_1_38' title='bbox 9 743 12 782; x_wconf 73' lang='lat' dir='ltr'><strong>i</strong></span> <span class='ocrx_word' id='word_1_39' title='bbox 95 736 190 802; x_wconf 84' lang='lat' dir='ltr'><strong>gere,</strong></span> <span class='ocrx_word' id='word_1_40' title='bbox 207 737 266 802; x_wconf 91' lang='lat' dir='ltr'><strong>per</strong></span> <span class='ocrx_word' id='word_1_41' title='bbox 284 737 365 802; x_wconf 85' lang='lat' dir='ltr'><strong>quas</strong></span> <span class='ocrx_word' id='word_1_42' title='bbox 389 725 443 780; x_wconf 87' lang='lat' dir='ltr'><strong>ant</strong></span> <span class='ocrx_word' id='word_1_43' title='bbox 466 738 572 791; x_wconf 88' lang='lat' dir='ltr'><strong>mors,</strong></span> <span class='ocrx_word' id='word_1_44' title='bbox 592 723 647 780; x_wconf 89' lang='lat' dir='ltr'><strong>aut</strong></span> <span class='ocrx_word' id='word_1_45' title='bbox 661 714 723 780; x_wconf 83' lang='lat' dir='ltr'><strong>vita</strong></span> <span class='ocrx_word' id='word_1_46' title='bbox 744 714 841 778; x_wconf 85' lang='lat' dir='ltr'><strong>intrat</strong></span> <span class='ocrx_word' id='word_1_47' title='bbox 859 713 901 780; x_wconf 88' lang='lat' dir='ltr'><strong>ad</strong></span> <span class='ocrx_word' id='word_1_48' title='bbox 921 712 1078 787; x_wconf 88' lang='lat' dir='ltr'><strong>animam,</strong></span> <span class='ocrx_word' id='word_1_49' title='bbox 1095 712 1141 777; x_wconf 89' lang='lat' dir='ltr'><strong>sic</strong></span> 
     </span>
     <span class='ocr_line' id='line_1_6' title="bbox 95 818 1141 912; baseline -0.003 -25"><span class='ocrx_word' id='word_1_50' title='bbox 95 821 182 889; x_wconf 90' lang='lat' dir='ltr'><strong>enim</strong></span> <span class='ocrx_word' id='word_1_51' title='bbox 199 821 345 910; x_wconf 77' lang='lat' dir='ltr'><strong>designat</strong></span> <span class='ocrx_word' id='word_1_52' title='bbox 359 821 535 888; x_wconf 79' lang='lat' dir='ltr'><strong>Hieremias</strong></span> <span class='ocrx_word' id='word_1_53' title='bbox 550 821 706 912; x_wconf 86' lang='lat' dir='ltr'><strong>propheta</strong></span> <span class='ocrx_word' id='word_1_54' title='bbox 720 844 794 888; x_wconf 88' lang='lat' dir='ltr'><strong>cum</strong></span> <span class='ocrx_word' id='word_1_55' title='bbox 807 821 846 887; x_wconf 91' lang='lat' dir='ltr'><strong>de</strong></span> <span class='ocrx_word' id='word_1_56' title='bbox 861 820 1084 910; x_wconf 88' lang='lat' dir='ltr'><strong>peccatoribus</strong></span> <span class='ocrx_word' id='word_1_57' title='bbox 1096 818 1141 884; x_wconf 92' lang='lat' dir='ltr'><strong>lo·</strong></span> 
     </span>
     <span class='ocr_line' id='line_1_7' title="bbox 64 923 1134 1018; baseline -0.003 -26"><span class='ocrx_word' id='word_1_58' title='bbox 64 923 69 930; x_wconf 43' lang='lat'><em>¹</em></span> <span class='ocrx_word' id='word_1_59' title='bbox 93 929 214 1016; x_wconf 85' lang='lat' dir='ltr'><strong>quitur,</strong></span> <span class='ocrx_word' id='word_1_60' title='bbox 234 929 351 996; x_wconf 89' lang='lat' dir='ltr'><strong>dicens</strong></span> <span class='ocrx_word' id='word_1_61' title='bbox 371 954 379 994; x_wconf 74' lang='grc' dir='ltr'><strong><em>ε</em></strong></span> <span class='ocrx_word' id='word_1_62' title='bbox 403 929 582 999; x_wconf 80' lang='lat' dir='ltr'><strong>«Ascendit</strong></span> <span class='ocrx_word' id='word_1_63' title='bbox 603 953 690 996; x_wconf 90' lang='lat' dir='ltr'><strong>mors</strong></span> <span class='ocrx_word' id='word_1_64' title='bbox 711 951 767 1018; x_wconf 92' lang='lat' dir='ltr'><strong>per</strong></span> <span class='ocrx_word' id='word_1_65' title='bbox 782 929 933 994; x_wconf 76' lang='lat' dir='ltr'><strong>fenestras</strong></span> <span class='ocrx_word' id='word_1_66' title='bbox 953 926 1134 993; x_wconf 79' lang='lat' dir='ltr'><strong>vestras¹.»</strong></span> 
     </span>
     <span class='ocr_line' id='line_1_8' title="bbox 91 1035 1144 1128; baseline 0.003 -29"><span class='ocrx_word' id='word_1_67' title='bbox 91 1037 268 1117; x_wconf 87' lang='lat' dir='ltr'><strong>Quomodo</strong></span> <span class='ocrx_word' id='word_1_68' title='bbox 292 1039 438 1106; x_wconf 88' lang='lat' dir='ltr'><strong>aseendit</strong></span> <span class='ocrx_word' id='word_1_69' title='bbox 452 1062 539 1106; x_wconf 89' lang='lat' dir='ltr'><strong>mors</strong></span> <span class='ocrx_word' id='word_1_70' title='bbox 553 1062 611 1128; x_wconf 90' lang='lat' dir='ltr'><strong>per</strong></span> <span class='ocrx_word' id='word_1_71' title='bbox 625 1037 802 1104; x_wconf 77' lang='lat' dir='ltr'><strong>fenestras?</strong></span> <span class='ocrx_word' id='word_1_72' title='bbox 817 1037 850 1103; x_wconf 91' lang='lat' dir='ltr'><strong>Si</strong></span> <span class='ocrx_word' id='word_1_73' title='bbox 867 1035 951 1102; x_wconf 88' lang='lat' dir='ltr'><strong>oculi</strong></span> <span class='ocrx_word' id='word_1_74' title='bbox 966 1035 1144 1124; x_wconf 88' lang='lat' dir='ltr'><strong>peccatoris</strong></span> 
     </span>
     <span class='ocr_line' id='line_1_9' title="bbox 89 1144 1144 1224; baseline 0.001 -15"><span class='ocrx_word' id='word_1_75' title='bbox 89 1145 220 1212; x_wconf 85' lang='lat' dir='ltr'><strong>rideant</strong></span> <span class='ocrx_word' id='word_1_76' title='bbox 243 1146 444 1224; x_wconf 91' lang='lat' dir='ltr'><strong>mulierem,</strong></span> <span class='ocrx_word' id='word_1_77' title='bbox 466 1159 498 1213; x_wconf 87' lang='lat' dir='ltr'><strong>et</strong></span> <span class='ocrx_word' id='word_1_78' title='bbox 514 1148 715 1214; x_wconf 80' lang='lat' dir='ltr'><strong>moechentur</strong></span> <span class='ocrx_word' id='word_1_79' title='bbox 734 1170 805 1212; x_wconf 91' lang='lat' dir='ltr'><strong>eam</strong></span> <span class='ocrx_word' id='word_1_80' title='bbox 828 1146 861 1210; x_wconf 92' lang='lat' dir='ltr'><strong>in</strong></span> <span class='ocrx_word' id='word_1_81' title='bbox 880 1145 976 1210; x_wconf 90' lang='lat' dir='ltr'><strong>corde</strong></span> <span class='ocrx_word' id='word_1_82' title='bbox 998 1168 1073 1219; x_wconf 91' lang='lat' dir='ltr'><strong>sno,</strong></span> <span class='ocrx_word' id='word_1_83' title='bbox 1097 1144 1144 1210; x_wconf 89' lang='lat' dir='ltr'><strong>sic</strong></span> 
     </span>
     <span class='ocr_line' id='line_1_10' title="bbox 92 1251 1144 1346; baseline -0.001 -26"><span class='ocrx_word' id='word_1_84' title='bbox 92 1277 180 1320; x_wconf 89' lang='lat' dir='ltr'><strong>mors</strong></span> <span class='ocrx_word' id='word_1_85' title='bbox 195 1255 345 1344; x_wconf 82' lang='lat' dir='ltr'><strong>ingressa</strong></span> <span class='ocrx_word' id='word_1_86' title='bbox 361 1257 460 1324; x_wconf 89' lang='lat' dir='ltr'><strong>estad</strong></span> <span class='ocrx_word' id='word_1_87' title='bbox 472 1257 609 1324; x_wconf 90' lang='lat' dir='ltr'><strong>animam</strong></span> <span class='ocrx_word' id='word_1_88' title='bbox 624 1280 682 1346; x_wconf 92' lang='lat' dir='ltr'><strong>per</strong></span> <span class='ocrx_word' id='word_1_89' title='bbox 695 1256 848 1322; x_wconf 79' lang='lat' dir='ltr'><strong>fenestras</strong></span> <span class='ocrx_word' id='word_1_90' title='bbox 862 1251 1029 1320; x_wconf 90' lang='lat' dir='ltr'><strong>oculorum</strong></span> <span class='ocrx_word' id='word_1_91' title='bbox 1040 1251 1062 1317; x_wconf 88' lang='lat'><strong>².</strong></span> <span class='ocrx_word' id='word_1_92' title='bbox 1078 1252 1144 1321; x_wconf 87' lang='lat' dir='ltr'><strong>Sed</strong></span> 
     </span>
     <span class='ocr_line' id='line_1_11' title="bbox 92 1358 1143 1454; baseline 0 -28"><span class='ocrx_word' id='word_1_93' title='bbox 92 1373 225 1429; x_wconf 91' lang='lat' dir='ltr'><strong>etcum</strong></span> <span class='ocrx_word' id='word_1_94' title='bbox 250 1365 370 1454; x_wconf 88' lang='lat' dir='ltr'><strong>recipit</strong></span> <span class='ocrx_word' id='word_1_95' title='bbox 397 1366 466 1452; x_wconf 91' lang='lat' dir='ltr'><strong>quis</strong></span> <span class='ocrx_word' id='word_1_96' title='bbox 489 1365 632 1435; x_wconf 87' lang='lat' dir='ltr'><strong>auditum</strong></span> <span class='ocrx_word' id='word_1_97' title='bbox 652 1388 793 1440; x_wconf 87' lang='lat' dir='ltr'><strong>vanum,</strong></span> <span class='ocrx_word' id='word_1_98' title='bbox 815 1374 848 1428; x_wconf 93' lang='lat' dir='ltr'><strong>et</strong></span> <span class='ocrx_word' id='word_1_99' title='bbox 875 1361 1032 1451; x_wconf 87' lang='lat' dir='ltr'><strong>praecipue</strong></span> <span class='ocrx_word' id='word_1_100' title='bbox 1058 1358 1143 1426; x_wconf 77' lang='lat' dir='ltr'><strong>satsae</strong></span> 
     </span>
     <span class='ocr_line' id='line_1_12' title="bbox 3 1470 1232 1564; baseline -0.002 -27"><span class='ocrx_word' id='word_1_101' title='bbox 3 1493 4 1498; x_wconf 51' lang='lat'>¹</span> <span class='ocrx_word' id='word_1_102' title='bbox 97 1471 242 1540; x_wconf 83' lang='lat' dir='ltr'><strong>scientiae</strong></span> <span class='ocrx_word' id='word_1_103' title='bbox 257 1475 448 1564; x_wconf 83' lang='lat' dir='ltr'><strong>dogmatum</strong></span> <span class='ocrx_word' id='word_1_104' title='bbox 463 1498 684 1564; x_wconf 85' lang='lat' dir='ltr'><strong>perversorum</strong></span> <span class='ocrx_word' id='word_1_105' title='bbox 699 1499 707 1540; x_wconf 92' lang='lat'><strong>:</strong></span> <span class='ocrx_word' id='word_1_106' title='bbox 721 1486 799 1540; x_wconf 90' lang='lat' dir='ltr'><strong>tune</strong></span> <span class='ocrx_word' id='word_1_107' title='bbox 817 1495 875 1562; x_wconf 91' lang='lat' dir='ltr'><strong>per</strong></span> <span class='ocrx_word' id='word_1_108' title='bbox 893 1472 1018 1538; x_wconf 89' lang='lat' dir='ltr'><strong>aurium</strong></span> <span class='ocrx_word' id='word_1_109' title='bbox 1038 1470 1143 1536; x_wconf 88' lang='lat' dir='ltr'><strong>fenes-</strong></span> <span class='ocrx_word' id='word_1_110' title='bbox 1229 1513 1232 1520; x_wconf 92' lang='lat'><em>·</em></span> 
     </span>
     <span class='ocr_line' id='line_1_13' title="bbox 95 1579 1144 1652; baseline 0 -8"><span class='ocrx_word' id='word_1_111' title='bbox 95 1591 163 1646; x_wconf 88' lang='lat' dir='ltr'><strong>trae</strong></span> <span class='ocrx_word' id='word_1_112' title='bbox 182 1605 274 1648; x_wconf 91' lang='lat' dir='ltr'><strong>mors</strong></span> <span class='ocrx_word' id='word_1_113' title='bbox 291 1584 388 1652; x_wconf 88' lang='lat' dir='ltr'><strong>intrat</strong></span> <span class='ocrx_word' id='word_1_114' title='bbox 402 1583 442 1650; x_wconf 90' lang='lat' dir='ltr'><strong>ad</strong></span> <span class='ocrx_word' id='word_1_115' title='bbox 459 1584 608 1648; x_wconf 89' lang='lat' dir='ltr'><strong>animam.</strong></span> <span class='ocrx_word' id='word_1_116' title='bbox 634 1583 669 1650; x_wconf 85' lang='lat' dir='ltr'><strong>si</strong></span> <span class='ocrx_word' id='word_1_117' title='bbox 686 1605 761 1648; x_wconf 83' lang='lat' dir='ltr'><strong>vero</strong></span> <span class='ocrx_word' id='word_1_118' title='bbox 784 1581 888 1648; x_wconf 90' lang='lat' dir='ltr'><strong>anima</strong></span> <span class='ocrx_word' id='word_1_119' title='bbox 906 1579 1032 1644; x_wconf 87' lang='lat' dir='ltr'><strong>intuens</strong></span> <span class='ocrx_word' id='word_1_120' title='bbox 1047 1601 1144 1644; x_wconf 88' lang='lat' dir='ltr'><strong>orna-</strong></span> 
     </span>
     <span class='ocr_line' id='line_1_14' title="bbox 97 1687 1235 1781; baseline -0.003 -27"><span class='ocrx_word' id='word_1_121' title='bbox 97 1702 248 1756; x_wconf 89' lang='lat' dir='ltr'><strong>mentum</strong></span> <span class='ocrx_word' id='word_1_122' title='bbox 262 1691 375 1758; x_wconf 91' lang='lat' dir='ltr'><strong>mundi</strong></span> <span class='ocrx_word' id='word_1_123' title='bbox 394 1703 427 1756; x_wconf 89' lang='lat' dir='ltr'><strong>et</strong></span> <span class='ocrx_word' id='word_1_124' title='bbox 447 1715 485 1756; x_wconf 87' lang='lat' dir='ltr'><strong>ex</strong></span> <span class='ocrx_word' id='word_1_125' title='bbox 501 1690 739 1781; x_wconf 89' lang='lat' dir='ltr'><strong>pulchritudine</strong></span> <span class='ocrx_word' id='word_1_126' title='bbox 757 1702 975 1757; x_wconf 87' lang='lat' dir='ltr'><strong>creaturarum</strong></span> <span class='ocrx_word' id='word_1_127' title='bbox 996 1687 1145 1752; x_wconf 89' lang='lat' dir='ltr'><strong>condito·</strong></span> <span class='ocrx_word' id='word_1_128' title='bbox 1230 1722 1235 1739; x_wconf 72' lang='grc' dir='ltr'>ι</span> 
     </span>
     <span class='ocr_line' id='line_1_15' title="bbox 96 1792 1145 1890; baseline -0.003 -28"><span class='ocrx_word' id='word_1_129' title='bbox 96 1819 168 1862; x_wconf 91' lang='lat' dir='ltr'><strong>rem</strong></span> <span class='ocrx_word' id='word_1_130' title='bbox 185 1800 332 1872; x_wconf 86' lang='lat' dir='ltr'><strong>omnium</strong></span> <span class='ocrx_word' id='word_1_131' title='bbox 351 1799 504 1890; x_wconf 81' lang='lat' dir='ltr'><strong>intelligat</strong></span> <span class='ocrx_word' id='word_1_132' title='bbox 516 1802 643 1876; x_wconf 89' lang='lat' dir='ltr'><strong>Deum,</strong></span> <span class='ocrx_word' id='word_1_133' title='bbox 663 1811 696 1866; x_wconf 88' lang='lat' dir='ltr'><strong>et</strong></span> <span class='ocrx_word' id='word_1_134' title='bbox 710 1821 806 1888; x_wconf 87' lang='lat' dir='ltr'><strong>opera</strong></span> <span class='ocrx_word' id='word_1_135' title='bbox 820 1799 890 1886; x_wconf 91' lang='lat' dir='ltr'><strong>ejus</strong></span> <span class='ocrx_word' id='word_1_136' title='bbox 911 1796 1057 1870; x_wconf 86' lang='lat' dir='ltr'><strong>miretur,</strong></span> <span class='ocrx_word' id='word_1_137' title='bbox 1073 1792 1145 1860; x_wconf 91' lang='lat' dir='ltr'><strong>lau-</strong></span> 
     </span>
     <span class='ocr_line' id='line_1_16' title="bbox 79 1901 1144 1995; baseline 0 -29"><span class='ocrx_word' id='word_1_138' title='bbox 79 1901 216 1990; x_wconf 50' lang='lat' dir='ltr'><strong>rdetque</strong></span> <span class='ocrx_word' id='word_1_139' title='bbox 228 1930 368 1995; x_wconf 87' lang='lat' dir='ltr'><strong>operum</strong></span> <span class='ocrx_word' id='word_1_140' title='bbox 377 1908 583 1985; x_wconf 84' lang='lat' dir='ltr'><strong>Creatorem,</strong></span> <span class='ocrx_word' id='word_1_141' title='bbox 596 1907 636 1974; x_wconf 91' lang='lat' dir='ltr'><strong>ad</strong></span> <span class='ocrx_word' id='word_1_142' title='bbox 648 1907 785 1974; x_wconf 89' lang='lat' dir='ltr'><strong>animam</strong></span> <span class='ocrx_word' id='word_1_143' title='bbox 795 1906 879 1971; x_wconf 90' lang='lat' dir='ltr'><strong>hanc</strong></span> <span class='ocrx_word' id='word_1_144' title='bbox 891 1905 955 1970; x_wconf 84' lang='lat' dir='ltr'><strong>vita</strong></span> <span class='ocrx_word' id='word_1_145' title='bbox 967 1902 1144 1991; x_wconf 82' lang='lat' dir='ltr'><strong>ingreditur</strong></span> 
     </span>
     <span class='ocr_line' id='line_1_17' title="bbox 89 2005 1145 2098; baseline 0.002 -24"><span class='ocrx_word' id='word_1_146' title='bbox 89 2033 149 2098; x_wconf 90' lang='lat' dir='ltr'><strong>per</strong></span> <span class='ocrx_word' id='word_1_147' title='bbox 177 2011 339 2080; x_wconf 84' lang='lat' dir='ltr'><strong>fenestras</strong></span> <span class='ocrx_word' id='word_1_148' title='bbox 361 2013 538 2081; x_wconf 87' lang='lat' dir='ltr'><strong>oculorum.</strong></span> <span class='ocrx_word' id='word_1_149' title='bbox 560 2014 625 2080; x_wconf 89' lang='lat' dir='ltr'><strong>Sed</strong></span> <span class='ocrx_word' id='word_1_150' title='bbox 645 2005 686 2080; x_wconf 64' lang='lat' dir='ltr'><strong>et&#39;</strong></span> <span class='ocrx_word' id='word_1_151' title='bbox 703 2037 777 2082; x_wconf 89' lang='lat' dir='ltr'><strong>cum</strong></span> <span class='ocrx_word' id='word_1_152' title='bbox 792 2014 934 2080; x_wconf 91' lang='lat' dir='ltr'><strong>auditum</strong></span> <span class='ocrx_word' id='word_1_153' title='bbox 953 2010 1085 2079; x_wconf 90' lang='lat' dir='ltr'><strong>inclinat</strong></span> <span class='ocrx_word' id='word_1_154' title='bbox 1104 2011 1145 2076; x_wconf 92' lang='lat' dir='ltr'><strong>ad</strong></span> 
     </span>
     <span class='ocr_line' id='line_1_18' title="bbox 2 2117 1145 2216; baseline 0.001 -32"><span class='ocrx_word' id='word_1_155' title='bbox 2 2177 8 2216; x_wconf 49' lang='grc' dir='ltr'>ἰ</span> <span class='ocrx_word' id='word_1_156' title='bbox 92 2117 244 2184; x_wconf 80' lang='lat' dir='ltr'><strong>verbum</strong></span> <span class='ocrx_word' id='word_1_157' title='bbox 256 2118 334 2194; x_wconf 87' lang='lat' dir='ltr'><strong>Dei,</strong></span> <span class='ocrx_word' id='word_1_158' title='bbox 350 2131 384 2184; x_wconf 92' lang='lat' dir='ltr'><strong>et</strong></span> <span class='ocrx_word' id='word_1_159' title='bbox 398 2121 573 2186; x_wconf 88' lang='lat' dir='ltr'><strong>rationibus</strong></span> <span class='ocrx_word' id='word_1_160' title='bbox 589 2122 746 2207; x_wconf 78' lang='lat' dir='ltr'><strong>sapientiae</strong></span> <span class='ocrx_word' id='word_1_161' title='bbox 761 2145 800 2186; x_wconf 90' lang='lat' dir='ltr'><strong>ac</strong></span> <span class='ocrx_word' id='word_1_162' title='bbox 813 2121 951 2186; x_wconf 83' lang='lat' dir='ltr'><strong>scientiae</strong></span> <span class='ocrx_word' id='word_1_163' title='bbox 959 2121 1029 2208; x_wconf 88' lang='lat' dir='ltr'><strong>ejus</strong></span> <span class='ocrx_word' id='word_1_164' title='bbox 1041 2118 1145 2185; x_wconf 89' lang='lat' dir='ltr'><strong>delec-</strong></span> 
     </span>
     <span class='ocr_line' id='line_1_19' title="bbox 93 2225 1145 2316; baseline 0.003 -26"><span class='ocrx_word' id='word_1_165' title='bbox 93 2237 204 2300; x_wconf 84' lang='lat' dir='ltr'><strong>tatur,</strong></span> <span class='ocrx_word' id='word_1_166' title='bbox 219 2225 300 2292; x_wconf 91' lang='lat' dir='ltr'><strong>huic</strong></span> <span class='ocrx_word' id='word_1_167' title='bbox 310 2250 369 2316; x_wconf 90' lang='lat' dir='ltr'><strong>per</strong></span> <span class='ocrx_word' id='word_1_168' title='bbox 380 2228 504 2293; x_wconf 90' lang='lat' dir='ltr'><strong>aurium</strong></span> <span class='ocrx_word' id='word_1_169' title='bbox 514 2227 661 2294; x_wconf 87' lang='lat' dir='ltr'><strong>fenestras</strong></span> <span class='ocrx_word' id='word_1_170' title='bbox 670 2228 711 2293; x_wconf 88' lang='lat' dir='ltr'><strong>ad</strong></span> <span class='ocrx_word' id='word_1_171' title='bbox 721 2229 859 2294; x_wconf 89' lang='lat' dir='ltr'><strong>animam</strong></span> <span class='ocrx_word' id='word_1_172' title='bbox 870 2226 1145 2316; x_wconf 85' lang='lat' dir='ltr'><strong>sapientiaelumen</strong></span> 
     </span>
     <span class='ocr_line' id='line_1_20' title="bbox 91 2329 1144 2420; baseline 0 -26"><span class='ocrx_word' id='word_1_173' title='bbox 91 2329 294 2419; x_wconf 82' lang='lat' dir='ltr'><strong>ingreditur.</strong></span> <span class='ocrx_word' id='word_1_174' title='bbox 312 2331 373 2396; x_wconf 92' lang='lat' dir='ltr'><strong>Per</strong></span> <span class='ocrx_word' id='word_1_175' title='bbox 382 2330 440 2396; x_wconf 92' lang='lat' dir='ltr'><strong>has</strong></span> <span class='ocrx_word' id='word_1_176' title='bbox 452 2354 527 2420; x_wconf 86' lang='lat' dir='ltr'><strong>ergo</strong></span> <span class='ocrx_word' id='word_1_177' title='bbox 542 2331 693 2396; x_wconf 87' lang='lat' dir='ltr'><strong>fenestras</strong></span> <span class='ocrx_word' id='word_1_178' title='bbox 709 2331 902 2420; x_wconf 87' lang='lat' dir='ltr'><strong>prospiciens</strong></span> <span class='ocrx_word' id='word_1_179' title='bbox 917 2332 1050 2396; x_wconf 82' lang='lat' dir='ltr'><strong>verbum</strong></span> <span class='ocrx_word' id='word_1_180' title='bbox 1065 2330 1144 2406; x_wconf 87' lang='lat' dir='ltr'><strong>Dei,</strong></span> 
     </span>
    </p>
   </div>
   <div class='ocr_carea' id='block_1_3' title="bbox 3 2438 1149 3833">
    <p class='ocr_par' dir='ltr' id='par_1_3' title="bbox 3 2438 1149 3833">
     <span class='ocr_line' id='line_1_21' title="bbox 92 2438 1146 2528; baseline 0 -26"><span class='ocrx_word' id='word_1_181' title='bbox 92 2449 126 2502; x_wconf 90' lang='lat' dir='ltr'><strong>et</strong></span> <span class='ocrx_word' id='word_1_182' title='bbox 141 2451 357 2527; x_wconf 89' lang='lat' dir='ltr'><strong>prospectum</strong></span> <span class='ocrx_word' id='word_1_183' title='bbox 374 2463 467 2505; x_wconf 90' lang='lat' dir='ltr'><strong>suum</strong></span> <span class='ocrx_word' id='word_1_184' title='bbox 487 2440 528 2506; x_wconf 91' lang='lat' dir='ltr'><strong>ad</strong></span> <span class='ocrx_word' id='word_1_185' title='bbox 544 2463 692 2528; x_wconf 82' lang='lat' dir='ltr'><strong>sponsam</strong></span> <span class='ocrx_word' id='word_1_186' title='bbox 710 2441 848 2512; x_wconf 86' lang='lat' dir='ltr'><strong>animam</strong></span> <span class='ocrx_word' id='word_1_187' title='bbox 866 2438 1022 2528; x_wconf 83' lang='lat' dir='ltr'><strong>dirigens,</strong></span> <span class='ocrx_word' id='word_1_188' title='bbox 1041 2461 1146 2504; x_wconf 87' lang='lat' dir='ltr'><strong>assur-</strong></span> 
     </span>
     <span class='ocr_line' id='line_1_22' title="bbox 4 2547 1147 2636; baseline -0.002 -24"><span class='ocrx_word' id='word_1_189' title='bbox 4 2612 7 2634; x_wconf 60' lang='lat'><em>,</em></span> <span class='ocrx_word' id='word_1_190' title='bbox 93 2568 172 2633; x_wconf 75' lang='lat' dir='ltr'><strong>gere</strong></span> <span class='ocrx_word' id='word_1_191' title='bbox 186 2547 338 2612; x_wconf 88' lang='lat' dir='ltr'><strong>hortatur</strong></span> <span class='ocrx_word' id='word_1_192' title='bbox 353 2571 423 2614; x_wconf 89' lang='lat' dir='ltr'><strong>eam</strong></span> <span class='ocrx_word' id='word_1_193' title='bbox 436 2597 445 2626; x_wconf 86' lang='lat'><em>,</em></span> <span class='ocrx_word' id='word_1_194' title='bbox 460 2561 494 2614; x_wconf 88' lang='lat' dir='ltr'><strong>et</strong></span> <span class='ocrx_word' id='word_1_195' title='bbox 508 2549 615 2614; x_wconf 81' lang='lat' dir='ltr'><strong>venire</strong></span> <span class='ocrx_word' id='word_1_196' title='bbox 631 2548 672 2613; x_wconf 87' lang='lat' dir='ltr'><strong>ad</strong></span> <span class='ocrx_word' id='word_1_197' title='bbox 687 2571 740 2624; x_wconf 90' lang='lat' dir='ltr'><strong>se,</strong></span> <span class='ocrx_word' id='word_1_198' title='bbox 756 2549 869 2624; x_wconf 88' lang='lat' dir='ltr'><strong>idest,</strong></span> <span class='ocrx_word' id='word_1_199' title='bbox 885 2571 1037 2636; x_wconf 88' lang='lat' dir='ltr'><strong>corporea</strong></span> <span class='ocrx_word' id='word_1_200' title='bbox 1055 2557 1088 2610; x_wconf 89' lang='lat' dir='ltr'><strong>et</strong></span> <span class='ocrx_word' id='word_1_201' title='bbox 1099 2547 1147 2611; x_wconf 87' lang='lat' dir='ltr'><strong>vi-</strong></span> 
     </span>
     <span class='ocr_line' id='line_1_23' title="bbox 4 2653 1146 2758; baseline 0.002 -41"><span class='ocrx_word' id='word_1_202' title='bbox 4 2713 10 2758; x_wconf 49' lang='lat' dir='ltr'>i</span> <span class='ocrx_word' id='word_1_203' title='bbox 97 2653 204 2720; x_wconf 85' lang='lat' dir='ltr'><strong>sibilia</strong></span> <span class='ocrx_word' id='word_1_204' title='bbox 223 2653 417 2743; x_wconf 83' lang='lat' dir='ltr'><strong>relinquere,</strong></span> <span class='ocrx_word' id='word_1_205' title='bbox 432 2669 465 2721; x_wconf 91' lang='lat' dir='ltr'><strong>et</strong></span> <span class='ocrx_word' id='word_1_206' title='bbox 483 2657 524 2723; x_wconf 91' lang='lat' dir='ltr'><strong>ad</strong></span> <span class='ocrx_word' id='word_1_207' title='bbox 537 2657 725 2746; x_wconf 87' lang='lat' dir='ltr'><strong>incorporea</strong></span> <span class='ocrx_word' id='word_1_208' title='bbox 746 2667 778 2722; x_wconf 91' lang='lat' dir='ltr'><strong>et</strong></span> <span class='ocrx_word' id='word_1_209' title='bbox 788 2654 953 2722; x_wconf 83' lang='lat' dir='ltr'><strong>invisibilia</strong></span> <span class='ocrx_word' id='word_1_210' title='bbox 969 2678 1006 2722; x_wconf 90' lang='lat' dir='ltr'><strong>ac</strong></span> <span class='ocrx_word' id='word_1_211' title='bbox 1020 2655 1146 2744; x_wconf 89' lang='lat' dir='ltr'><strong>spirita-</strong></span> 
     </span>
     <span class='ocr_line' id='line_1_24' title="bbox 100 2757 1145 2854; baseline 0.005 -30"><span class='ocrx_word' id='word_1_212' title='bbox 100 2757 142 2826; x_wconf 85' lang='lat' dir='ltr'><strong>lia</strong></span> <span class='ocrx_word' id='word_1_213' title='bbox 156 2785 345 2850; x_wconf 88' lang='lat' dir='ltr'><strong>properare.</strong></span> <span class='ocrx_word' id='word_1_214' title='bbox 369 2765 559 2844; x_wconf 83' lang='lat' dir='ltr'><strong>Quoniam«</strong></span> <span class='ocrx_word' id='word_1_215' title='bbox 580 2789 651 2854; x_wconf 77' lang='lat' dir='ltr'><strong>quaa</strong></span> <span class='ocrx_word' id='word_1_216' title='bbox 669 2765 827 2840; x_wconf 86' lang='lat' dir='ltr'><strong>videntur,</strong></span> <span class='ocrx_word' id='word_1_217' title='bbox 845 2762 1031 2853; x_wconf 89' lang='lat' dir='ltr'><strong>temporalia</strong></span> <span class='ocrx_word' id='word_1_218' title='bbox 1052 2776 1145 2841; x_wconf 87' lang='lat' dir='ltr'><strong>sunt,</strong></span> 
     </span>
     <span class='ocr_line' id='line_1_25' title="bbox 101 2871 1146 2960; baseline 0.005 -26"><span class='ocrx_word' id='word_1_219' title='bbox 101 2892 192 2956; x_wconf 74' lang='lat' dir='ltr'><strong>squae</strong></span> <span class='ocrx_word' id='word_1_220' title='bbox 212 2883 321 2936; x_wconf 91' lang='lat' dir='ltr'><strong>autem</strong></span> <span class='ocrx_word' id='word_1_221' title='bbox 336 2894 401 2938; x_wconf 90' lang='lat' dir='ltr'><strong>non</strong></span> <span class='ocrx_word' id='word_1_222' title='bbox 413 2873 560 2939; x_wconf 79' lang='lat' dir='ltr'><strong>ridentur</strong></span> <span class='ocrx_word' id='word_1_223' title='bbox 572 2888 688 2940; x_wconf 85' lang='lat' dir='ltr'><strong>aeterna</strong></span> <span class='ocrx_word' id='word_1_224' title='bbox 700 2885 774 2940; x_wconf 89' lang='lat' dir='ltr'><strong>sunt</strong></span> <span class='ocrx_word' id='word_1_225' title='bbox 784 2872 808 2938; x_wconf 79' lang='lat'><strong>⁸.</strong></span> <span class='ocrx_word' id='word_1_226' title='bbox 824 2873 899 2940; x_wconf 79' lang='lat' dir='ltr'><strong>»Sic</strong></span> <span class='ocrx_word' id='word_1_227' title='bbox 911 2883 944 2938; x_wconf 86' lang='lat' dir='ltr'><strong>et</strong></span> <span class='ocrx_word' id='word_1_228' title='bbox 952 2872 1079 2960; x_wconf 88' lang='lat' dir='ltr'><strong>spiritus</strong></span> <span class='ocrx_word' id='word_1_229' title='bbox 1087 2871 1146 2939; x_wconf 89' lang='lat' dir='ltr'><strong>Dei</strong></span> 
     </span>
     <span class='ocr_line' id='line_1_26' title="bbox 97 2977 1140 3072; baseline 0.008 -32"><span class='ocrx_word' id='word_1_230' title='bbox 97 2977 275 3046; x_wconf 86' lang='lat' dir='ltr'><strong>circumire</strong></span> <span class='ocrx_word' id='word_1_231' title='bbox 299 2980 427 3055; x_wconf 89' lang='lat' dir='ltr'><strong>dicitur,</strong></span> <span class='ocrx_word' id='word_1_232' title='bbox 448 2994 481 3044; x_wconf 88' lang='lat' dir='ltr'><strong>et</strong></span> <span class='ocrx_word' id='word_1_233' title='bbox 504 3005 643 3069; x_wconf 87' lang='lat' dir='ltr'><strong>quaerere</strong></span> <span class='ocrx_word' id='word_1_234' title='bbox 664 2983 772 3072; x_wconf 81' lang='lat' dir='ltr'><strong>dignas</strong></span> <span class='ocrx_word' id='word_1_235' title='bbox 793 2983 935 3056; x_wconf 87' lang='lat' dir='ltr'><strong>animas,</strong></span> <span class='ocrx_word' id='word_1_236' title='bbox 958 3005 1028 3069; x_wconf 76' lang='lat' dir='ltr'><strong>quae</strong></span> <span class='ocrx_word' id='word_1_237' title='bbox 1050 2994 1140 3072; x_wconf 90' lang='lat' dir='ltr'><strong>apte,</strong></span> 
     </span>
     <span class='ocr_line' id='line_1_27' title="bbox 98 3087 1148 3177; baseline 0.006 -27"><span class='ocrx_word' id='word_1_238' title='bbox 98 3098 256 3176; x_wconf 84' lang='lat' dir='ltr'><strong>recteque</strong></span> <span class='ocrx_word' id='word_1_239' title='bbox 272 3087 342 3152; x_wconf 87' lang='lat' dir='ltr'><strong>fieri</strong></span> <span class='ocrx_word' id='word_1_240' title='bbox 358 3089 478 3176; x_wconf 89' lang='lat' dir='ltr'><strong>possint</strong></span> <span class='ocrx_word' id='word_1_241' title='bbox 497 3089 766 3156; x_wconf 86' lang='lat' dir='ltr'><strong>adhahitnculum</strong></span> <span class='ocrx_word' id='word_1_242' title='bbox 785 3088 954 3177; x_wconf 75' lang='lat' dir='ltr'><strong>sapientiae.</strong></span> <span class='ocrx_word' id='word_1_243' title='bbox 978 3090 1071 3170; x_wconf 88' lang='lat' dir='ltr'><strong>Quod</strong></span> <span class='ocrx_word' id='word_1_244' title='bbox 1089 3115 1148 3156; x_wconf 89' lang='lat' dir='ltr'><strong>au-</strong></span> 
     </span>
     <span class='ocr_line' id='line_1_28' title="bbox 4 3194 1149 3292; baseline 0 -32"><span class='ocrx_word' id='word_1_245' title='bbox 4 3256 12 3292; x_wconf 13' lang='lat' dir='ltr'><strong>p!</strong></span> <span class='ocrx_word' id='word_1_246' title='bbox 100 3205 169 3260; x_wconf 84' lang='lat' dir='ltr'><strong>tem</strong></span> <span class='ocrx_word' id='word_1_247' title='bbox 184 3220 247 3284; x_wconf 91' lang='lat' dir='ltr'><strong>per</strong></span> <span class='ocrx_word' id='word_1_248' title='bbox 262 3196 340 3261; x_wconf 90' lang='lat' dir='ltr'><strong>retia</strong></span> <span class='ocrx_word' id='word_1_249' title='bbox 354 3196 565 3262; x_wconf 88' lang='lat' dir='ltr'><strong>fenestrarum</strong></span> <span class='ocrx_word' id='word_1_250' title='bbox 580 3199 761 3287; x_wconf 85' lang='lat' dir='ltr'><strong>prospicere</strong></span> <span class='ocrx_word' id='word_1_251' title='bbox 776 3197 904 3270; x_wconf 89' lang='lat' dir='ltr'><strong>dicitur,</strong></span> <span class='ocrx_word' id='word_1_252' title='bbox 917 3194 995 3261; x_wconf 92' lang='lat' dir='ltr'><strong>illud</strong></span> <span class='ocrx_word' id='word_1_253' title='bbox 1010 3198 1077 3264; x_wconf 88' lang='lat' dir='ltr'><strong>sine</strong></span> <span class='ocrx_word' id='word_1_254' title='bbox 1089 3198 1149 3261; x_wconf 92' lang='lat' dir='ltr'><strong>du-</strong></span> 
     </span>
     <span class='ocr_line' id='line_1_29' title="bbox 4 3290 1147 3396; baseline 0.003 -32.997"><span class='ocrx_word' id='word_1_255' title='bbox 4 3290 8 3304; x_wconf 84' lang='lat'>&#39;</span> <span class='ocrx_word' id='word_1_256' title='bbox 102 3301 160 3366; x_wconf 88' lang='lat' dir='ltr'><strong>bio</strong></span> <span class='ocrx_word' id='word_1_257' title='bbox 175 3303 315 3380; x_wconf 89' lang='lat' dir='ltr'><strong>indicat,</strong></span> <span class='ocrx_word' id='word_1_258' title='bbox 332 3304 419 3392; x_wconf 90' lang='lat' dir='ltr'><strong>quod</strong></span> <span class='ocrx_word' id='word_1_259' title='bbox 435 3305 538 3372; x_wconf 87' lang='lat' dir='ltr'><strong>donec</strong></span> <span class='ocrx_word' id='word_1_260' title='bbox 556 3305 589 3374; x_wconf 90' lang='lat' dir='ltr'><strong>iu</strong></span> <span class='ocrx_word' id='word_1_261' title='bbox 605 3305 701 3371; x_wconf 91' lang='lat' dir='ltr'><strong>domo</strong></span> <span class='ocrx_word' id='word_1_262' title='bbox 716 3306 813 3394; x_wconf 87' lang='lat' dir='ltr'><strong>hujus</strong></span> <span class='ocrx_word' id='word_1_263' title='bbox 828 3306 968 3394; x_wconf 90' lang='lat' dir='ltr'><strong>corporis</strong></span> <span class='ocrx_word' id='word_1_264' title='bbox 987 3307 1088 3396; x_wconf 87' lang='lat' dir='ltr'><strong>posita</strong></span> <span class='ocrx_word' id='word_1_265' title='bbox 1105 3305 1147 3368; x_wconf 92' lang='lat' dir='ltr'><strong>sit</strong></span> 
     </span>
     <span class='ocr_line' id='line_1_30' title="bbox 3 3409 1146 3504; baseline 0.003 -32"><span class='ocrx_word' id='word_1_266' title='bbox 3 3413 4 3420; x_wconf 75' lang='grc'>’</span> <span class='ocrx_word' id='word_1_267' title='bbox 107 3409 234 3488; x_wconf 89' lang='lat' dir='ltr'><strong>anima,</strong></span> <span class='ocrx_word' id='word_1_268' title='bbox 250 3435 314 3482; x_wconf 87' lang='lat' dir='ltr'><strong>non</strong></span> <span class='ocrx_word' id='word_1_269' title='bbox 330 3424 433 3501; x_wconf 86' lang='lat' dir='ltr'><strong>potest</strong></span> <span class='ocrx_word' id='word_1_270' title='bbox 448 3414 568 3480; x_wconf 90' lang='lat' dir='ltr'><strong>nudam</strong></span> <span class='ocrx_word' id='word_1_271' title='bbox 590 3425 623 3478; x_wconf 89' lang='lat' dir='ltr'><strong>et</strong></span> <span class='ocrx_word' id='word_1_272' title='bbox 646 3425 788 3503; x_wconf 85' lang='lat' dir='ltr'><strong>apertam</strong></span> <span class='ocrx_word' id='word_1_273' title='bbox 809 3414 868 3480; x_wconf 87' lang='lat' dir='ltr'><strong>Dei</strong></span> <span class='ocrx_word' id='word_1_274' title='bbox 885 3415 1070 3504; x_wconf 89' lang='lat' dir='ltr'><strong>sapientiam</strong></span> <span class='ocrx_word' id='word_1_275' title='bbox 1089 3434 1146 3476; x_wconf 88' lang='lat' dir='ltr'><strong>ca-</strong></span> 
     </span>
     <span class='ocr_line' id='line_1_31' title="bbox 103 3519 1147 3612; baseline 0.002 -28"><span class='ocrx_word' id='word_1_276' title='bbox 103 3541 200 3606; x_wconf 89' lang='lat' dir='ltr'><strong>pere,</strong></span> <span class='ocrx_word' id='word_1_277' title='bbox 217 3522 272 3588; x_wconf 89' lang='lat' dir='ltr'><strong>sed</strong></span> <span class='ocrx_word' id='word_1_278' title='bbox 287 3545 344 3610; x_wconf 88' lang='lat' dir='ltr'><strong>per</strong></span> <span class='ocrx_word' id='word_1_279' title='bbox 358 3521 502 3611; x_wconf 87' lang='lat' dir='ltr'><strong>exempla</strong></span> <span class='ocrx_word' id='word_1_280' title='bbox 517 3523 684 3611; x_wconf 78' lang='lat' dir='ltr'><strong>qusedam,</strong></span> <span class='ocrx_word' id='word_1_281' title='bbox 700 3535 732 3588; x_wconf 92' lang='lat' dir='ltr'><strong>et</strong></span> <span class='ocrx_word' id='word_1_282' title='bbox 750 3523 867 3590; x_wconf 89' lang='lat' dir='ltr'><strong>indicia</strong></span> <span class='ocrx_word' id='word_1_283' title='bbox 884 3537 978 3612; x_wconf 91' lang='lat' dir='ltr'><strong>atque</strong></span> <span class='ocrx_word' id='word_1_284' title='bbox 993 3519 1147 3608; x_wconf 83' lang='lat' dir='ltr'><strong>imagines</strong></span> 
     </span>
     <span class='ocr_line' id='line_1_32' title="bbox 10 3612 1146 3722; baseline 0.002 -26"><span class='ocrx_word' id='word_1_285' title='bbox 10 3612 15 3713; x_wconf 40' lang='grc' dir='ltr'>ζ</span> <span class='ocrx_word' id='word_1_286' title='bbox 102 3653 213 3698; x_wconf 86' lang='lat' dir='ltr'><strong>rerum</strong></span> <span class='ocrx_word' id='word_1_287' title='bbox 235 3632 416 3698; x_wconf 87' lang='lat' dir='ltr'><strong>visibilium.</strong></span> <span class='ocrx_word' id='word_1_288' title='bbox 443 3630 500 3698; x_wconf 93' lang='lat' dir='ltr'><strong>llla</strong></span> <span class='ocrx_word' id='word_1_289' title='bbox 526 3655 598 3722; x_wconf 82' lang='lat' dir='ltr'><strong>quse</strong></span> <span class='ocrx_word' id='word_1_290' title='bbox 618 3645 692 3698; x_wconf 91' lang='lat' dir='ltr'><strong>sunt</strong></span> <span class='ocrx_word' id='word_1_291' title='bbox 712 3633 877 3702; x_wconf 88' lang='lat' dir='ltr'><strong>invisibilia</strong></span> <span class='ocrx_word' id='word_1_292' title='bbox 900 3646 932 3700; x_wconf 88' lang='lat' dir='ltr'><strong>et</strong></span> <span class='ocrx_word' id='word_1_293' title='bbox 958 3635 1146 3718; x_wconf 90' lang='lat' dir='ltr'><strong>incorporea</strong></span> 
     </span>
     <span class='ocr_line' id='line_1_33' title="bbox 10 3716 1148 3833; baseline 0.001 -27"><span class='ocrx_word' id='word_1_294' title='bbox 10 3716 15 3738; x_wconf 43' lang='grc' dir='ltr'>ί</span> <span class='ocrx_word' id='word_1_295' title='bbox 104 3740 342 3831; x_wconf 84' lang='lat' dir='ltr'><strong>contemplatur</strong></span> <span class='ocrx_word' id='word_1_296' title='bbox 360 3765 368 3807; x_wconf 72' lang='grc' dir='ltr'><strong>ε</strong></span> <span class='ocrx_word' id='word_1_297' title='bbox 386 3755 418 3807; x_wconf 93' lang='lat' dir='ltr'><strong>et</strong></span> <span class='ocrx_word' id='word_1_298' title='bbox 433 3742 497 3808; x_wconf 93' lang='lat' dir='ltr'><strong>hoc</strong></span> <span class='ocrx_word' id='word_1_299' title='bbox 514 3754 561 3807; x_wconf 84' lang='lat' dir='ltr'><strong>est</strong></span> <span class='ocrx_word' id='word_1_300' title='bbox 575 3743 755 3833; x_wconf 87' lang='lat' dir='ltr'><strong>prospicere</strong></span> <span class='ocrx_word' id='word_1_301' title='bbox 770 3744 810 3811; x_wconf 88' lang='lat' dir='ltr'><strong>ad</strong></span> <span class='ocrx_word' id='word_1_302' title='bbox 824 3767 896 3812; x_wconf 89' lang='lat' dir='ltr'><strong>eam</strong></span> <span class='ocrx_word' id='word_1_303' title='bbox 912 3763 1061 3829; x_wconf 91' lang='lat' dir='ltr'><strong>sponsum</strong></span> <span class='ocrx_word' id='word_1_304' title='bbox 1087 3762 1148 3828; x_wconf 86' lang='lat' dir='ltr'><strong>per</strong></span> 
     </span>
    </p>
   </div>
   <div class='ocr_carea' id='block_1_4' title="bbox 142 3880 787 3952">
    <p class='ocr_par' dir='ltr' id='par_1_4' title="bbox 142 3880 787 3952">
     <span class='ocr_line' id='line_1_34' title="bbox 142 3880 787 3952; baseline 0.002 -16"><span class='ocrx_word' id='word_1_305' title='bbox 142 3880 731 3952; x_wconf 66' lang='lat' dir='ltr'><strong>¹ter.11,21.-²Mnu.v.-²2taam,</strong></span> <span class='ocrx_word' id='word_1_306' title='bbox 748 3893 787 3938; x_wconf 83' lang='lat'><strong>18.</strong></span> 
     </span>
    </p>
   </div>
   <div class='ocr_carea' id='block_1_5' title="bbox 0 0 1335 4612">
    <p class='ocr_par' dir='ltr' id='par_1_5' title="bbox 0 0 1335 4612">
     <span class='ocr_line' id='line_1_35' title="bbox 0 0 1335 4612; baseline 0 0"><span class='ocrx_word' id='word_1_307' title='bbox 0 0 1335 4612; x_wconf 95' lang='lat' dir='ltr'><strong> </strong></span> 
     </span>
    </p>
   </div>
  </div>
 </body>
</html>
