<?xml version="1.0" encoding="UTF-8"?>
<!DOCTYPE html PUBLIC "-//W3C//DTD XHTML 1.0 Transitional//EN"
    "http://www.w3.org/TR/xhtml1/DTD/xhtml1-transitional.dtd">
<html xmlns="http://www.w3.org/1999/xhtml" xml:lang="en" lang="en">
 <head>
  <title>
</title>
<meta http-equiv="Content-Type" content="text/html;charset=utf-8" />
  <meta name='ocr-system' content='tesseract 3.04.00' />
  <meta name='ocr-capabilities' content='ocr_page ocr_carea ocr_par ocr_line ocrx_word'/>
</head>
<body>
  <div class='ocr_page' id='page_1' title='image "./collectioselect01guilgoog_0826.png"; bbox 0 0 2682 4594; ppageno 0'>
   <div class='ocr_carea' id='block_1_1' title="bbox 195 199 779 262">
    <p class='ocr_par' dir='ltr' id='par_1_1' title="bbox 195 199 779 262">
     <span class='ocr_line' id='line_1_1' title="bbox 195 199 779 262; baseline -0.01 0"><span class='ocrx_word' id='word_1_1' title='bbox 195 199 255 262; x_wconf 77' lang='lat' dir='ltr'><strong>ebe</strong></span> <span class='ocrx_word' id='word_1_2' title='bbox 634 211 779 258; x_wconf 67' lang='lat' dir='ltr'><strong>ortonnes</strong></span> 
     </span>
    </p>
   </div>
   <div class='ocr_carea' id='block_1_2' title="bbox 192 455 1227 490">
    <p class='ocr_par' dir='ltr' id='par_1_2' title="bbox 192 455 1227 490">
     <span class='ocr_line' id='line_1_2' title="bbox 192 455 1227 490; baseline -0.009 0"><span class='ocrx_word' id='word_1_3' title='bbox 192 467 260 490; x_wconf 67' lang='lat' dir='ltr'><strong>m</strong></span> <span class='ocrx_word' id='word_1_4' title='bbox 270 455 1227 490; x_wconf 56' lang='lat' dir='ltr'><strong>ummrummmwwemmmmmfflew</strong></span> 
     </span>
    </p>
   </div>
   <div class='ocr_carea' id='block_1_3' title="bbox 491 689 932 782">
    <p class='ocr_par' dir='ltr' id='par_1_3' title="bbox 491 689 932 782">
     <span class='ocr_line' id='line_1_3' title="bbox 491 689 932 782; baseline -0.011 -19"><span class='ocrx_word' id='word_1_5' title='bbox 491 693 687 765; x_wconf 80' lang='lat' dir='ltr'><strong>nonum</strong></span> <span class='ocrx_word' id='word_1_6' title='bbox 713 689 891 782; x_wconf 74' lang='lat' dir='ltr'><strong>Qumis</strong></span> <span class='ocrx_word' id='word_1_7' title='bbox 909 693 932 758; x_wconf 78' lang='lat'><strong>¹.</strong></span> 
     </span>
    </p>
   </div>
   <div class='ocr_carea' id='block_1_4' title="bbox 256 913 1174 1093">
    <p class='ocr_par' dir='ltr' id='par_1_4' title="bbox 256 913 1174 1093">
     <span class='ocr_line' id='line_1_4' title="bbox 256 913 1174 998; baseline -0.007 -18"><span class='ocrx_word' id='word_1_8' title='bbox 256 925 300 980; x_wconf 84' lang='lat' dir='ltr'><strong>De</strong></span> <span class='ocrx_word' id='word_1_9' title='bbox 315 917 422 980; x_wconf 87' lang='lat' dir='ltr'><strong>eodem</strong></span> <span class='ocrx_word' id='word_1_10' title='bbox 438 917 555 998; x_wconf 86' lang='lat' dir='ltr'><strong>psalmo</strong></span> <span class='ocrx_word' id='word_1_11' title='bbox 571 915 608 976; x_wconf 88' lang='lat' dir='ltr'><strong>ab</strong></span> <span class='ocrx_word' id='word_1_12' title='bbox 626 936 660 977; x_wconf 87' lang='lat' dir='ltr'><strong>ea</strong></span> <span class='ocrx_word' id='word_1_13' title='bbox 674 929 757 997; x_wconf 82' lang='lat' dir='ltr'><strong>purte</strong></span> <span class='ocrx_word' id='word_1_14' title='bbox 775 934 782 976; x_wconf 92' lang='lat'><strong>:</strong></span> <span class='ocrx_word' id='word_1_15' title='bbox 802 942 815 967; x_wconf 71' lang='grc' dir='ltr'><strong>ιι</strong></span> <span class='ocrx_word' id='word_1_16' title='bbox 830 915 872 974; x_wconf 91' lang='lat' dir='ltr'><strong>Os</strong></span> <span class='ocrx_word' id='word_1_17' title='bbox 885 915 956 994; x_wconf 81' lang='lat' dir='ltr'><strong>justi</strong></span> <span class='ocrx_word' id='word_1_18' title='bbox 975 913 1174 976; x_wconf 72' lang='lat' dir='ltr'>meditabitur</span> 
     </span>
     <span class='ocr_line' id='line_1_5' title="bbox 581 1009 841 1093; baseline -0.015 -19"><span class='ocrx_word' id='word_1_19' title='bbox 581 1009 805 1093; x_wconf 56' lang='lat' dir='ltr'><strong>»septentiam</strong></span> <span class='ocrx_word' id='word_1_20' title='bbox 828 1038 841 1063; x_wconf 77' lang='lat' dir='ltr'><strong>n</strong></span> 
     </span>
    </p>
   </div>
   <div class='ocr_carea' id='block_1_5' title="bbox 194 1237 1311 3578">
    <p class='ocr_par' dir='ltr' id='par_1_5' title="bbox 194 1237 1311 3578">
     <span class='ocr_line' id='line_1_6' title="bbox 237 1237 1231 1336; baseline -0.007 -24"><span class='ocrx_word' id='word_1_21' title='bbox 237 1249 261 1312; x_wconf 90' lang='lat' dir='ltr'><strong>l.</strong></span> <span class='ocrx_word' id='word_1_22' title='bbox 280 1247 346 1316; x_wconf 75' lang='lat' dir='ltr'><strong>Lex</strong></span> <span class='ocrx_word' id='word_1_23' title='bbox 368 1243 498 1336; x_wconf 86' lang='lat' dir='ltr'><strong>quidem</strong></span> <span class='ocrx_word' id='word_1_24' title='bbox 525 1241 631 1312; x_wconf 87' lang='lat' dir='ltr'><strong>volens</strong></span> <span class='ocrx_word' id='word_1_25' title='bbox 654 1237 714 1310; x_wconf 75' lang='lat' dir='ltr'><strong>nos</strong></span> <span class='ocrx_word' id='word_1_26' title='bbox 735 1243 855 1332; x_wconf 89' lang='lat' dir='ltr'><strong>aperire</strong></span> <span class='ocrx_word' id='word_1_27' title='bbox 873 1266 908 1310; x_wconf 87' lang='lat' dir='ltr'><strong>os</strong></span> <span class='ocrx_word' id='word_1_28' title='bbox 936 1241 975 1307; x_wconf 85' lang='lat' dir='ltr'><strong>ud</strong></span> <span class='ocrx_word' id='word_1_29' title='bbox 999 1245 1138 1308; x_wconf 87' lang='lat' dir='ltr'><strong>verbum</strong></span> <span class='ocrx_word' id='word_1_30' title='bbox 1157 1239 1231 1316; x_wconf 86' lang='lat' dir='ltr'><strong>Dei,</strong></span> 
     </span>
     <span class='ocr_line' id='line_1_7' title="bbox 195 1345 1311 1444; baseline -0.004 -26"><span class='ocrx_word' id='word_1_31' title='bbox 195 1355 345 1444; x_wconf 81' lang='lat' dir='ltr'><strong>praecepit</strong></span> <span class='ocrx_word' id='word_1_32' title='bbox 362 1353 485 1421; x_wconf 90' lang='lat' dir='ltr'><strong>dicens:</strong></span> <span class='ocrx_word' id='word_1_33' title='bbox 504 1351 704 1442; x_wconf 80' lang='lat' dir='ltr'><strong>«Loqueris,</strong></span> <span class='ocrx_word' id='word_1_34' title='bbox 726 1347 838 1438; x_wconf 82' lang='lat' dir='ltr'><strong>inquit,</strong></span> <span class='ocrx_word' id='word_1_35' title='bbox 855 1349 924 1415; x_wconf 82' lang='lat' dir='ltr'><strong>lucc</strong></span> <span class='ocrx_word' id='word_1_36' title='bbox 939 1345 1052 1416; x_wconf 78' lang='lat' dir='ltr'><strong>sedens</strong></span> <span class='ocrx_word' id='word_1_37' title='bbox 1064 1349 1097 1415; x_wconf 89' lang='lat' dir='ltr'><strong>in</strong></span> <span class='ocrx_word' id='word_1_38' title='bbox 1118 1345 1232 1422; x_wconf 87' lang='lat' dir='ltr'><strong>domo.</strong></span> <span class='ocrx_word' id='word_1_39' title='bbox 1310 1387 1311 1392; x_wconf 19' lang='grc' dir='ltr'><strong>κ</strong></span> 
     </span>
     <span class='ocr_line' id='line_1_8' title="bbox 197 1451 1311 1552; baseline -0.002 -30"><span class='ocrx_word' id='word_1_40' title='bbox 197 1473 250 1526; x_wconf 72' lang='lat' dir='ltr'><strong>set</strong></span> <span class='ocrx_word' id='word_1_41' title='bbox 272 1485 406 1552; x_wconf 79' lang='lat' dir='ltr'><strong>pergens</strong></span> <span class='ocrx_word' id='word_1_42' title='bbox 431 1461 464 1526; x_wconf 91' lang='lat' dir='ltr'><strong>in</strong></span> <span class='ocrx_word' id='word_1_43' title='bbox 483 1461 547 1538; x_wconf 86' lang='lat' dir='ltr'><strong>via,</strong></span> <span class='ocrx_word' id='word_1_44' title='bbox 564 1472 596 1524; x_wconf 92' lang='lat' dir='ltr'><strong>et</strong></span> <span class='ocrx_word' id='word_1_45' title='bbox 610 1460 736 1546; x_wconf 80' lang='lat' dir='ltr'><strong>jacens,</strong></span> <span class='ocrx_word' id='word_1_46' title='bbox 761 1470 793 1522; x_wconf 90' lang='lat' dir='ltr'><strong>et</strong></span> <span class='ocrx_word' id='word_1_47' title='bbox 814 1457 976 1548; x_wconf 79' lang='lat' dir='ltr'><strong>surgens³.</strong></span> <span class='ocrx_word' id='word_1_48' title='bbox 990 1487 1003 1520; x_wconf 76' lang='grc' dir='ltr'><strong>ι</strong></span> <span class='ocrx_word' id='word_1_49' title='bbox 1017 1451 1082 1524; x_wconf 87' lang='lat' dir='ltr'><strong>Sed</strong></span> <span class='ocrx_word' id='word_1_50' title='bbox 1097 1470 1131 1522; x_wconf 88' lang='lat' dir='ltr'><strong>et</strong></span> <span class='ocrx_word' id='word_1_51' title='bbox 1146 1455 1233 1522; x_wconf 73' lang='lat' dir='ltr'><strong>Sale</strong></span> <span class='ocrx_word' id='word_1_52' title='bbox 1309 1521 1311 1536; x_wconf 68' lang='lat'><strong>‚</strong></span> 
     </span>
     <span class='ocr_line' id='line_1_9' title="bbox 197 1543 1311 1654; baseline -0.005 -21"><span class='ocrx_word' id='word_1_53' title='bbox 197 1593 274 1634; x_wconf 89' lang='lat' dir='ltr'><strong>mon</strong></span> <span class='ocrx_word' id='word_1_54' title='bbox 287 1569 319 1634; x_wconf 92' lang='lat' dir='ltr'><strong>in</strong></span> <span class='ocrx_word' id='word_1_55' title='bbox 334 1567 513 1635; x_wconf 80' lang='lat' dir='ltr'><strong>Proverbiis</strong></span> <span class='ocrx_word' id='word_1_56' title='bbox 532 1563 633 1632; x_wconf 91' lang='lat' dir='ltr'><strong>simile</strong></span> <span class='ocrx_word' id='word_1_57' title='bbox 656 1560 775 1654; x_wconf 85' lang='lat' dir='ltr'><strong>aliquid</strong></span> <span class='ocrx_word' id='word_1_58' title='bbox 795 1562 883 1630; x_wconf 90' lang='lat' dir='ltr'><strong>brevi</strong></span> <span class='ocrx_word' id='word_1_59' title='bbox 902 1565 1155 1630; x_wconf 90' lang='lat' dir='ltr'><strong>commonitione</strong></span> <span class='ocrx_word' id='word_1_60' title='bbox 1172 1563 1232 1628; x_wconf 83' lang='lat' dir='ltr'><strong>dis·</strong></span> <span class='ocrx_word' id='word_1_61' title='bbox 1309 1543 1311 1606; x_wconf 68' lang='lat' dir='ltr'><strong>l</strong></span> 
     </span>
     <span class='ocr_line' id='line_1_10' title="bbox 195 1665 1230 1764; baseline -0.004 -26"><span class='ocrx_word' id='word_1_62' title='bbox 195 1673 332 1764; x_wconf 79' lang='lat' dir='ltr'><strong>tinguit,</strong></span> <span class='ocrx_word' id='word_1_63' title='bbox 353 1675 481 1744; x_wconf 88' lang='lat' dir='ltr'><strong>dicens:</strong></span> <span class='ocrx_word' id='word_1_64' title='bbox 511 1670 640 1762; x_wconf 77' lang='lat' dir='ltr'><strong>«Aperi</strong></span> <span class='ocrx_word' id='word_1_65' title='bbox 663 1696 697 1738; x_wconf 88' lang='lat' dir='ltr'><strong>os</strong></span> <span class='ocrx_word' id='word_1_66' title='bbox 717 1684 807 1736; x_wconf 88' lang='lat' dir='ltr'><strong>tuum</strong></span> <span class='ocrx_word' id='word_1_67' title='bbox 831 1671 928 1740; x_wconf 88' lang='lat' dir='ltr'><strong>verbo</strong></span> <span class='ocrx_word' id='word_1_68' title='bbox 943 1665 1058 1739; x_wconf 62' lang='lat' dir='ltr'><strong>buit,</strong></span> <span class='ocrx_word' id='word_1_69' title='bbox 1083 1669 1230 1738; x_wconf 80' lang='lat' dir='ltr'><strong>Similiter</strong></span> 
     </span>
     <span class='ocr_line' id='line_1_11' title="bbox 194 1777 1311 1870; baseline -0.004 -23"><span class='ocrx_word' id='word_1_70' title='bbox 194 1783 291 1849; x_wconf 88' lang='lat' dir='ltr'><strong>etiam</strong></span> <span class='ocrx_word' id='word_1_71' title='bbox 309 1807 397 1848; x_wconf 88' lang='lat' dir='ltr'><strong>nunc</strong></span> <span class='ocrx_word' id='word_1_72' title='bbox 412 1777 569 1870; x_wconf 79' lang='lat' dir='ltr'><strong>Propheta</strong></span> <span class='ocrx_word' id='word_1_73' title='bbox 584 1803 642 1844; x_wconf 93' lang='lat' dir='ltr'><strong>nos</strong></span> <span class='ocrx_word' id='word_1_74' title='bbox 659 1777 773 1856; x_wconf 82' lang='lat' dir='ltr'><strong>docet,</strong></span> <span class='ocrx_word' id='word_1_75' title='bbox 787 1802 860 1845; x_wconf 90' lang='lat' dir='ltr'><strong>cum</strong></span> <span class='ocrx_word' id='word_1_76' title='bbox 875 1777 972 1844; x_wconf 86' lang='lat' dir='ltr'><strong>dicit:</strong></span> <span class='ocrx_word' id='word_1_77' title='bbox 991 1777 1063 1844; x_wconf 79' lang='lat' dir='ltr'><strong>«Os</strong></span> <span class='ocrx_word' id='word_1_78' title='bbox 1075 1777 1151 1866; x_wconf 85' lang='lat' dir='ltr'><strong>justi</strong></span> <span class='ocrx_word' id='word_1_79' title='bbox 1166 1802 1229 1843; x_wconf 87' lang='lat' dir='ltr'><strong>me·</strong></span> <span class='ocrx_word' id='word_1_80' title='bbox 1310 1791 1311 1794; x_wconf 76' lang='grc'>’</span> 
     </span>
     <span class='ocr_line' id='line_1_12' title="bbox 196 1879 1228 1973; baseline 0 -27"><span class='ocrx_word' id='word_1_81' title='bbox 196 1885 370 1952; x_wconf 82' lang='lat' dir='ltr'><strong>»ditabitur</strong></span> <span class='ocrx_word' id='word_1_82' title='bbox 383 1883 567 1973; x_wconf 79' lang='lat' dir='ltr'><strong>sapientiam</strong></span> <span class='ocrx_word' id='word_1_83' title='bbox 578 1881 625 1948; x_wconf 63' lang='grc' dir='ltr'><strong>’.υ</strong></span> <span class='ocrx_word' id='word_1_84' title='bbox 640 1883 759 1954; x_wconf 80' lang='lat' dir='ltr'><strong>Revera</strong></span> <span class='ocrx_word' id='word_1_85' title='bbox 772 1884 857 1949; x_wconf 92' lang='lat' dir='ltr'><strong>enim</strong></span> <span class='ocrx_word' id='word_1_86' title='bbox 866 1905 927 1949; x_wconf 89' lang='lat' dir='ltr'><strong>nec</strong></span> <span class='ocrx_word' id='word_1_87' title='bbox 938 1879 1129 1948; x_wconf 83' lang='lat' dir='ltr'><strong>debeteliud</strong></span> <span class='ocrx_word' id='word_1_88' title='bbox 1140 1881 1228 1970; x_wconf 92' lang='lat' dir='ltr'><strong>quid-</strong></span> 
     </span>
     <span class='ocr_line' id='line_1_13' title="bbox 197 1990 1220 2084; baseline -0.005 -26"><span class='ocrx_word' id='word_1_89' title='bbox 197 2017 293 2080; x_wconf 85' lang='lat' dir='ltr'><strong>quam</strong></span> <span class='ocrx_word' id='word_1_90' title='bbox 308 1994 482 2084; x_wconf 88' lang='lat' dir='ltr'><strong>procedere</strong></span> <span class='ocrx_word' id='word_1_91' title='bbox 498 1993 536 2057; x_wconf 94' lang='lat' dir='ltr'><strong>de</strong></span> <span class='ocrx_word' id='word_1_92' title='bbox 552 2016 607 2057; x_wconf 86' lang='lat' dir='ltr'><strong>oro</strong></span> <span class='ocrx_word' id='word_1_93' title='bbox 630 1992 725 2078; x_wconf 81' lang='lat' dir='ltr'><strong>justi,</strong></span> <span class='ocrx_word' id='word_1_94' title='bbox 748 1991 807 2060; x_wconf 91' lang='lat' dir='ltr'><strong>nisi</strong></span> <span class='ocrx_word' id='word_1_95' title='bbox 825 1990 986 2080; x_wconf 89' lang='lat' dir='ltr'><strong>sapientia.</strong></span> <span class='ocrx_word' id='word_1_96' title='bbox 1014 1991 1105 2056; x_wconf 86' lang='lat' dir='ltr'><strong>Unde</strong></span> <span class='ocrx_word' id='word_1_97' title='bbox 1123 2005 1152 2054; x_wconf 87' lang='lat' dir='ltr'><strong>et</strong></span> <span class='ocrx_word' id='word_1_98' title='bbox 1172 2013 1220 2053; x_wconf 80' lang='lat' dir='ltr'><strong>vos</strong></span> 
     </span>
     <span class='ocr_line' id='line_1_14' title="bbox 195 2095 1311 2190; baseline -0.003 -27"><span class='ocrx_word' id='word_1_99' title='bbox 195 2099 405 2187; x_wconf 76' lang='lat' dir='ltr'><strong>imperitiores</strong></span> <span class='ocrx_word' id='word_1_100' title='bbox 421 2101 539 2190; x_wconf 87' lang='lat' dir='ltr'><strong>quiquo</strong></span> <span class='ocrx_word' id='word_1_101' title='bbox 552 2097 664 2165; x_wconf 79' lang='lat' dir='ltr'><strong>fratres</strong></span> <span class='ocrx_word' id='word_1_102' title='bbox 681 2097 843 2166; x_wconf 78' lang='lat' dir='ltr'><strong>audientes</strong></span> <span class='ocrx_word' id='word_1_103' title='bbox 856 2121 1037 2164; x_wconf 83' lang='lat' dir='ltr'><strong>sermonem</strong></span> <span class='ocrx_word' id='word_1_104' title='bbox 1046 2095 1223 2188; x_wconf 73' lang='lat' dir='ltr'><strong>Prupbetae,</strong></span> <span class='ocrx_word' id='word_1_105' title='bbox 1309 2169 1311 2188; x_wconf 35' lang='lat'><strong>⁴</strong></span> 
     </span>
     <span class='ocr_line' id='line_1_15' title="bbox 198 2203 1229 2296; baseline -0.002 -26"><span class='ocrx_word' id='word_1_106' title='bbox 198 2204 272 2270; x_wconf 86' lang='lat' dir='ltr'><strong>date</strong></span> <span class='ocrx_word' id='word_1_107' title='bbox 287 2206 427 2272; x_wconf 89' lang='lat' dir='ltr'><strong>studium</strong></span> <span class='ocrx_word' id='word_1_108' title='bbox 439 2217 471 2270; x_wconf 90' lang='lat' dir='ltr'><strong>et</strong></span> <span class='ocrx_word' id='word_1_109' title='bbox 483 2203 679 2276; x_wconf 85' lang='lat' dir='ltr'><strong>meditamini</strong></span> <span class='ocrx_word' id='word_1_110' title='bbox 695 2228 768 2270; x_wconf 90' lang='lat' dir='ltr'><strong>cum</strong></span> <span class='ocrx_word' id='word_1_111' title='bbox 784 2203 913 2294; x_wconf 74' lang='lat' dir='ltr'><strong>justitiae</strong></span> <span class='ocrx_word' id='word_1_112' title='bbox 925 2205 1076 2296; x_wconf 88' lang='lat' dir='ltr'><strong>operibus</strong></span> <span class='ocrx_word' id='word_1_113' title='bbox 1090 2205 1229 2270; x_wconf 82' lang='lat' dir='ltr'><strong>etismde</strong></span> 
     </span>
     <span class='ocr_line' id='line_1_16' title="bbox 197 2309 1231 2404; baseline 0.001 -28"><span class='ocrx_word' id='word_1_114' title='bbox 197 2336 254 2376; x_wconf 87' lang='lat' dir='ltr'><strong>ore</strong></span> <span class='ocrx_word' id='word_1_115' title='bbox 266 2323 370 2378; x_wconf 82' lang='lat' dir='ltr'><strong>vestro</strong></span> <span class='ocrx_word' id='word_1_116' title='bbox 386 2313 528 2404; x_wconf 88' lang='lat' dir='ltr'><strong>prolerre</strong></span> <span class='ocrx_word' id='word_1_117' title='bbox 545 2333 725 2380; x_wconf 89' lang='lat' dir='ltr'><strong>sermonem</strong></span> <span class='ocrx_word' id='word_1_118' title='bbox 742 2314 913 2400; x_wconf 83' lang='lat' dir='ltr'><strong>sepientiae.</strong></span> <span class='ocrx_word' id='word_1_119' title='bbox 934 2313 1087 2394; x_wconf 88' lang='lat' dir='ltr'><strong>Quodne</strong></span> <span class='ocrx_word' id='word_1_120' title='bbox 1108 2309 1231 2379; x_wconf 88' lang='lat' dir='ltr'><strong>difficile</strong></span> 
     </span>
     <span class='ocr_line' id='line_1_17' title="bbox 197 2413 1234 2508; baseline 0.001 -27"><span class='ocrx_word' id='word_1_121' title='bbox 197 2416 286 2481; x_wconf 86' lang='lat' dir='ltr'><strong>vobis</strong></span> <span class='ocrx_word' id='word_1_122' title='bbox 317 2415 460 2483; x_wconf 90' lang='lat' dir='ltr'><strong>videatur</strong></span> <span class='ocrx_word' id='word_1_123' title='bbox 489 2428 701 2508; x_wconf 77' lang='lat' dir='ltr'><strong>praeceptum,</strong></span> <span class='ocrx_word' id='word_1_124' title='bbox 737 2413 866 2482; x_wconf 88' lang='lat' dir='ltr'><strong>brevem</strong></span> <span class='ocrx_word' id='word_1_125' title='bbox 887 2415 976 2482; x_wconf 87' lang='lat' dir='ltr'><strong>vobis</strong></span> <span class='ocrx_word' id='word_1_126' title='bbox 1001 2419 1164 2507; x_wconf 73' lang='lat' dir='ltr'><strong>sapientiae</strong></span> <span class='ocrx_word' id='word_1_127' title='bbox 1190 2417 1234 2482; x_wconf 89' lang='lat' dir='ltr'><strong>in-</strong></span> 
     </span>
     <span class='ocr_line' id='line_1_18' title="bbox 198 2519 1310 2614; baseline -0.002 -26"><span class='ocrx_word' id='word_1_128' title='bbox 198 2523 333 2589; x_wconf 81' lang='lat' dir='ltr'><strong>sinuabo</strong></span> <span class='ocrx_word' id='word_1_129' title='bbox 359 2547 548 2590; x_wconf 87' lang='lat' dir='ltr'><strong>sermonem.</strong></span> <span class='ocrx_word' id='word_1_130' title='bbox 576 2519 741 2612; x_wconf 80' lang='lat' dir='ltr'><strong>Apostolus</strong></span> <span class='ocrx_word' id='word_1_131' title='bbox 760 2523 804 2588; x_wconf 86' lang='lat' dir='ltr'><strong>eit</strong></span> <span class='ocrx_word' id='word_1_132' title='bbox 819 2572 828 2598; x_wconf 87' lang='lat'><em>‚</em></span> <span class='ocrx_word' id='word_1_133' title='bbox 846 2522 918 2614; x_wconf 87' lang='lat' dir='ltr'><strong>quie</strong></span> <span class='ocrx_word' id='word_1_134' title='bbox 945 2523 1090 2590; x_wconf 86' lang='lat' dir='ltr'><strong>Christus</strong></span> <span class='ocrx_word' id='word_1_135' title='bbox 1112 2525 1172 2591; x_wconf 86' lang='lat' dir='ltr'><strong>Dei</strong></span> <span class='ocrx_word' id='word_1_136' title='bbox 1194 2535 1236 2588; x_wconf 89' lang='lat' dir='ltr'><strong>est</strong></span> <span class='ocrx_word' id='word_1_137' title='bbox 1309 2543 1310 2558; x_wconf 63' lang='lat'>¹</span> 
     </span>
     <span class='ocr_line' id='line_1_19' title="bbox 200 2629 1310 2722; baseline 0.002 -27"><span class='ocrx_word' id='word_1_138' title='bbox 200 2633 299 2696; x_wconf 81' lang='lat' dir='ltr'><strong>virtus</strong></span> <span class='ocrx_word' id='word_1_139' title='bbox 314 2641 347 2694; x_wconf 89' lang='lat' dir='ltr'><strong>et</strong></span> <span class='ocrx_word' id='word_1_140' title='bbox 365 2629 422 2696; x_wconf 89' lang='lat' dir='ltr'><strong>Dei</strong></span> <span class='ocrx_word' id='word_1_141' title='bbox 436 2631 617 2719; x_wconf 78' lang='lat' dir='ltr'><strong>sapientia⁸.</strong></span> <span class='ocrx_word' id='word_1_142' title='bbox 633 2629 665 2696; x_wconf 88' lang='lat' dir='ltr'><strong>Si</strong></span> <span class='ocrx_word' id='word_1_143' title='bbox 682 2631 776 2720; x_wconf 87' lang='lat' dir='ltr'><strong>igitur</strong></span> <span class='ocrx_word' id='word_1_144' title='bbox 798 2629 961 2696; x_wconf 85' lang='lat' dir='ltr'><strong>Christum</strong></span> <span class='ocrx_word' id='word_1_145' title='bbox 977 2655 1104 2722; x_wconf 82' lang='lat' dir='ltr'><strong>semper</strong></span> <span class='ocrx_word' id='word_1_146' title='bbox 1130 2629 1237 2720; x_wconf 80' lang='lat' dir='ltr'><strong>loqua—</strong></span> <span class='ocrx_word' id='word_1_147' title='bbox 1309 2717 1310 2720; x_wconf 7' lang='grc' dir='ltr'><strong>Ἴ</strong></span> 
     </span>
     <span class='ocr_line' id='line_1_20' title="bbox 202 2721 1310 2826; baseline 0 -27"><span class='ocrx_word' id='word_1_148' title='bbox 202 2733 278 2799; x_wconf 89' lang='lat' dir='ltr'><strong>minl</strong></span> <span class='ocrx_word' id='word_1_149' title='bbox 291 2784 300 2808; x_wconf 90' lang='lat'><strong><em>,</em></strong></span> <span class='ocrx_word' id='word_1_150' title='bbox 314 2735 341 2798; x_wconf 90' lang='lat' dir='ltr'><strong>si</strong></span> <span class='ocrx_word' id='word_1_151' title='bbox 357 2751 481 2822; x_wconf 88' lang='lat' dir='ltr'><strong>semper</strong></span> <span class='ocrx_word' id='word_1_152' title='bbox 499 2734 567 2820; x_wconf 89' lang='lat' dir='ltr'><strong>ejus</strong></span> <span class='ocrx_word' id='word_1_153' title='bbox 589 2731 682 2800; x_wconf 86' lang='lat' dir='ltr'><strong>verba</strong></span> <span class='ocrx_word' id='word_1_154' title='bbox 705 2733 921 2812; x_wconf 85' lang='lat' dir='ltr'><strong>meditemini,</strong></span> <span class='ocrx_word' id='word_1_155' title='bbox 945 2734 970 2800; x_wconf 87' lang='lat' dir='ltr'><strong>si</strong></span> <span class='ocrx_word' id='word_1_156' title='bbox 990 2747 1154 2826; x_wconf 81' lang='lat' dir='ltr'><strong>praecepta</strong></span> <span class='ocrx_word' id='word_1_157' title='bbox 1173 2735 1237 2823; x_wconf 82' lang='lat' dir='ltr'><strong>ejus</strong></span> <span class='ocrx_word' id='word_1_158' title='bbox 1309 2721 1310 2730; x_wconf 10' lang='grc' dir='ltr'>ἵ</span> 
     </span>
     <span class='ocr_line' id='line_1_21' title="bbox 197 2837 1233 2934; baseline 0 -30"><span class='ocrx_word' id='word_1_159' title='bbox 197 2842 232 2904; x_wconf 89' lang='lat' dir='ltr'><strong>in</strong></span> <span class='ocrx_word' id='word_1_160' title='bbox 245 2862 299 2905; x_wconf 90' lang='lat' dir='ltr'><strong>ore</strong></span> <span class='ocrx_word' id='word_1_161' title='bbox 316 2839 469 2916; x_wconf 82' lang='lat' dir='ltr'><strong>teneatis,</strong></span> <span class='ocrx_word' id='word_1_162' title='bbox 488 2837 581 2930; x_wconf 78' lang='lat' dir='ltr'><strong>digne</strong></span> <span class='ocrx_word' id='word_1_163' title='bbox 597 2863 631 2904; x_wconf 90' lang='lat' dir='ltr'><strong>os</strong></span> <span class='ocrx_word' id='word_1_164' title='bbox 648 2854 788 2906; x_wconf 85' lang='lat' dir='ltr'><strong>vestrum</strong></span> <span class='ocrx_word' id='word_1_165' title='bbox 811 2839 1016 2914; x_wconf 82' lang='lat' dir='ltr'><strong>meditabitur</strong></span> <span class='ocrx_word' id='word_1_166' title='bbox 1039 2844 1233 2934; x_wconf 85' lang='lat' dir='ltr'><strong>sapientiam.</strong></span> 
     </span>
     <span class='ocr_line' id='line_1_22' title="bbox 200 2943 1236 3040; baseline 0.002 -26"><span class='ocrx_word' id='word_1_167' title='bbox 200 2947 309 3036; x_wconf 86' lang='lat' dir='ltr'><strong>Neque</strong></span> <span class='ocrx_word' id='word_1_168' title='bbox 329 2945 415 3013; x_wconf 88' lang='lat' dir='ltr'><strong>enim</strong></span> <span class='ocrx_word' id='word_1_169' title='bbox 433 2943 502 3013; x_wconf 83' lang='lat' dir='ltr'><strong>haec</strong></span> <span class='ocrx_word' id='word_1_170' title='bbox 517 2945 582 3012; x_wconf 88' lang='lat' dir='ltr'><strong>sola</strong></span> <span class='ocrx_word' id='word_1_171' title='bbox 598 2957 645 3010; x_wconf 90' lang='lat' dir='ltr'><strong>est</strong></span> <span class='ocrx_word' id='word_1_172' title='bbox 660 2943 819 3035; x_wconf 83' lang='lat' dir='ltr'><strong>sapientiae</strong></span> <span class='ocrx_word' id='word_1_173' title='bbox 838 2945 1021 3025; x_wconf 83' lang='lat' dir='ltr'><strong>meditatio,</strong></span> <span class='ocrx_word' id='word_1_174' title='bbox 1042 2953 1068 3015; x_wconf 88' lang='lat' dir='ltr'><strong>si</strong></span> <span class='ocrx_word' id='word_1_175' title='bbox 1090 2952 1162 3040; x_wconf 90' lang='lat' dir='ltr'><strong>quis</strong></span> <span class='ocrx_word' id='word_1_176' title='bbox 1185 2951 1236 3016; x_wconf 88' lang='lat' dir='ltr'><strong>do-</strong></span> 
     </span>
     <span class='ocr_line' id='line_1_23' title="bbox 202 3051 1235 3144; baseline 0.004 -24"><span class='ocrx_word' id='word_1_177' title='bbox 202 3075 274 3120; x_wconf 89' lang='lat' dir='ltr'><strong>cere</strong></span> <span class='ocrx_word' id='word_1_178' title='bbox 292 3067 415 3144; x_wconf 86' lang='lat' dir='ltr'><strong>potest,</strong></span> <span class='ocrx_word' id='word_1_179' title='bbox 434 3051 482 3120; x_wconf 87' lang='lat' dir='ltr'><strong>vel</strong></span> <span class='ocrx_word' id='word_1_180' title='bbox 501 3053 593 3118; x_wconf 86' lang='lat' dir='ltr'><strong>latius</strong></span> <span class='ocrx_word' id='word_1_181' title='bbox 609 3053 641 3118; x_wconf 90' lang='lat' dir='ltr'><strong>iu</strong></span> <span class='ocrx_word' id='word_1_182' title='bbox 655 3053 796 3120; x_wconf 82' lang='lat' dir='ltr'><strong>Ecclesia</strong></span> <span class='ocrx_word' id='word_1_183' title='bbox 812 3056 991 3144; x_wconf 82' lang='lat' dir='ltr'><strong>disputare,</strong></span> <span class='ocrx_word' id='word_1_184' title='bbox 1013 3059 1235 3126; x_wconf 84' lang='lat' dir='ltr'><strong>contradicen-</strong></span> 
     </span>
     <span class='ocr_line' id='line_1_24' title="bbox 203 3159 1237 3251; baseline 0.003 -25"><span class='ocrx_word' id='word_1_185' title='bbox 203 3171 248 3226; x_wconf 89' lang='lat' dir='ltr'><strong>tes</strong></span> <span class='ocrx_word' id='word_1_186' title='bbox 264 3163 437 3228; x_wconf 87' lang='lat' dir='ltr'><strong>revincere.</strong></span> <span class='ocrx_word' id='word_1_187' title='bbox 452 3161 507 3227; x_wconf 77' lang='lat' dir='ltr'><strong>Est</strong></span> <span class='ocrx_word' id='word_1_188' title='bbox 523 3159 650 3248; x_wconf 90' lang='lat' dir='ltr'><strong>quidem</strong></span> <span class='ocrx_word' id='word_1_189' title='bbox 669 3169 700 3226; x_wconf 87' lang='lat' dir='ltr'><strong>et</strong></span> <span class='ocrx_word' id='word_1_190' title='bbox 718 3161 781 3227; x_wconf 91' lang='lat' dir='ltr'><strong>hoc</strong></span> <span class='ocrx_word' id='word_1_191' title='bbox 799 3187 877 3251; x_wconf 91' lang='lat' dir='ltr'><strong>opus</strong></span> <span class='ocrx_word' id='word_1_192' title='bbox 894 3165 1072 3251; x_wconf 66' lang='lat' dir='ltr'><strong>sapientire,</strong></span> <span class='ocrx_word' id='word_1_193' title='bbox 1090 3165 1237 3232; x_wconf 80' lang='lat' dir='ltr'><strong>sedulius</strong></span> 
     </span>
     <span class='ocr_line' id='line_1_25' title="bbox 201 3260 1238 3355; baseline 0.004 -27"><span class='ocrx_word' id='word_1_194' title='bbox 201 3263 353 3352; x_wconf 82' lang='lat' dir='ltr'><strong>amplius,</strong></span> <span class='ocrx_word' id='word_1_195' title='bbox 372 3263 449 3330; x_wconf 91' lang='lat' dir='ltr'><strong>alius</strong></span> <span class='ocrx_word' id='word_1_196' title='bbox 462 3277 567 3332; x_wconf 82' lang='lat' dir='ltr'><strong>autem</strong></span> <span class='ocrx_word' id='word_1_197' title='bbox 583 3266 697 3330; x_wconf 86' lang='lat' dir='ltr'><strong>miuus.</strong></span> <span class='ocrx_word' id='word_1_198' title='bbox 713 3265 750 3329; x_wconf 93' lang='lat' dir='ltr'><strong>lu</strong></span> <span class='ocrx_word' id='word_1_199' title='bbox 767 3260 827 3330; x_wconf 86' lang='lat' dir='ltr'><strong>alio</strong></span> <span class='ocrx_word' id='word_1_200' title='bbox 843 3267 905 3331; x_wconf 91' lang='lat' dir='ltr'><strong>hoc</strong></span> <span class='ocrx_word' id='word_1_201' title='bbox 916 3265 1020 3354; x_wconf 87' lang='lat' dir='ltr'><strong>ipsum</strong></span> <span class='ocrx_word' id='word_1_202' title='bbox 1039 3269 1128 3355; x_wconf 90' lang='lat' dir='ltr'><strong>quod</strong></span> <span class='ocrx_word' id='word_1_203' title='bbox 1144 3269 1238 3334; x_wconf 86' lang='lat' dir='ltr'><strong>credit</strong></span> 
     </span>
     <span class='ocr_line' id='line_1_26' title="bbox 199 3371 1238 3463; baseline 0.005 -29"><span class='ocrx_word' id='word_1_204' title='bbox 199 3371 256 3437; x_wconf 90' lang='lat' dir='ltr'><strong>Dei</strong></span> <span class='ocrx_word' id='word_1_205' title='bbox 279 3371 458 3460; x_wconf 70' lang='lat' dir='ltr'><strong>sapientise,</strong></span> <span class='ocrx_word' id='word_1_206' title='bbox 488 3372 639 3461; x_wconf 79' lang='lat' dir='ltr'><strong>sapientia</strong></span> <span class='ocrx_word' id='word_1_207' title='bbox 662 3384 856 3460; x_wconf 84' lang='lat' dir='ltr'><strong>reputetur:</strong></span> <span class='ocrx_word' id='word_1_208' title='bbox 883 3371 915 3438; x_wconf 88' lang='lat' dir='ltr'><strong>in</strong></span> <span class='ocrx_word' id='word_1_209' title='bbox 939 3373 1001 3439; x_wconf 89' lang='lat' dir='ltr'><strong>alio</strong></span> <span class='ocrx_word' id='word_1_210' title='bbox 1019 3387 1053 3440; x_wconf 90' lang='lat' dir='ltr'><strong>et</strong></span> <span class='ocrx_word' id='word_1_211' title='bbox 1067 3371 1132 3441; x_wconf 88' lang='lat' dir='ltr'><strong>hoc</strong></span> <span class='ocrx_word' id='word_1_212' title='bbox 1156 3371 1238 3463; x_wconf 90' lang='lat' dir='ltr'><strong>quod</strong></span> 
     </span>
     <span class='ocr_line' id='line_1_27' title="bbox 199 3481 1238 3578; baseline 0.006 -32"><span class='ocrx_word' id='word_1_213' title='bbox 199 3481 371 3568; x_wconf 80' lang='lat' dir='ltr'><strong>acquiescit</strong></span> <span class='ocrx_word' id='word_1_214' title='bbox 387 3483 579 3569; x_wconf 79' lang='lat' dir='ltr'><strong>sapientibus</strong></span> <span class='ocrx_word' id='word_1_215' title='bbox 597 3490 629 3548; x_wconf 89' lang='lat' dir='ltr'><strong>et</strong></span> <span class='ocrx_word' id='word_1_216' title='bbox 646 3494 730 3549; x_wconf 85' lang='lat' dir='ltr'><strong>emat</strong></span> <span class='ocrx_word' id='word_1_217' title='bbox 753 3483 838 3550; x_wconf 87' lang='lat' dir='ltr'><strong>dicta</strong></span> <span class='ocrx_word' id='word_1_218' title='bbox 860 3487 1071 3573; x_wconf 87' lang='lat' dir='ltr'><strong>sapientium,</strong></span> <span class='ocrx_word' id='word_1_219' title='bbox 1089 3489 1238 3578; x_wconf 80' lang='lat' dir='ltr'><strong>sapientia</strong></span> 
     </span>
    </p>
   </div>
   <div class='ocr_carea' id='block_1_6' title="bbox 233 3604 1241 3766">
    <p class='ocr_par' dir='ltr' id='par_1_6' title="bbox 233 3604 1241 3766">
     <span class='ocr_line' id='line_1_28' title="bbox 237 3604 610 3675; baseline 0.019 -19"><span class='ocrx_word' id='word_1_220' title='bbox 237 3604 325 3658; x_wconf 83' lang='lat' dir='ltr'><strong>¹Tom.</strong></span> <span class='ocrx_word' id='word_1_221' title='bbox 341 3625 376 3670; x_wconf 82' lang='lat'><strong>11,</strong></span> <span class='ocrx_word' id='word_1_222' title='bbox 388 3627 459 3675; x_wconf 76' lang='lat' dir='ltr'><strong>pagg.</strong></span> <span class='ocrx_word' id='word_1_223' title='bbox 471 3607 522 3672; x_wconf 80' lang='lat'><strong>675</strong></span> <span class='ocrx_word' id='word_1_224' title='bbox 531 3638 541 3647; x_wconf 93' lang='lat'>·</span> <span class='ocrx_word' id='word_1_225' title='bbox 550 3614 610 3674; x_wconf 73' lang='lat'><strong>679.</strong></span> 
     </span>
     <span class='ocr_line' id='line_1_29' title="bbox 233 3693 1241 3766; baseline 0.004 -23"><span class='ocrx_word' id='word_1_226' title='bbox 233 3694 341 3745; x_wconf 82' lang='lat' dir='ltr'><strong>²Psalm.</strong></span> <span class='ocrx_word' id='word_1_227' title='bbox 352 3711 442 3750; x_wconf 78' lang='lat' dir='ltr'><strong>xxxvi,</strong></span> <span class='ocrx_word' id='word_1_228' title='bbox 451 3695 490 3746; x_wconf 82' lang='grc' dir='ltr'><strong>3ο.</strong></span> <span class='ocrx_word' id='word_1_229' title='bbox 502 3725 532 3734; x_wconf 95' lang='grc'>-</span> <span class='ocrx_word' id='word_1_230' title='bbox 545 3693 635 3745; x_wconf 81' lang='lat' dir='ltr'><strong>³Deut.</strong></span> <span class='ocrx_word' id='word_1_231' title='bbox 645 3715 686 3760; x_wconf 86' lang='lat' dir='ltr'><strong>vr,</strong></span> <span class='ocrx_word' id='word_1_232' title='bbox 698 3715 720 3759; x_wconf 81' lang='lat'><strong>7.</strong></span> <span class='ocrx_word' id='word_1_233' title='bbox 731 3695 778 3736; x_wconf 85' lang='lat'><strong>-⁴</strong></span> <span class='ocrx_word' id='word_1_234' title='bbox 787 3701 860 3747; x_wconf 83' lang='lat' dir='ltr'><strong>Pwv.</strong></span> <span class='ocrx_word' id='word_1_235' title='bbox 872 3717 977 3766; x_wconf 63' lang='lat' dir='ltr'><strong>xmp.</strong></span> <span class='ocrx_word' id='word_1_236' title='bbox 988 3731 1018 3739; x_wconf 91' lang='lat'>—</span> <span class='ocrx_word' id='word_1_237' title='bbox 1032 3702 1140 3753; x_wconf 65' lang='lat' dir='ltr'><strong>‘Psalue</strong></span> <span class='ocrx_word' id='word_1_238' title='bbox 1150 3719 1241 3758; x_wconf 80' lang='lat' dir='ltr'><strong>mu,</strong></span> 
     </span>
    </p>
   </div>
   <div class='ocr_carea' id='block_1_7' title="bbox 202 3781 439 3835">
    <p class='ocr_par' dir='ltr' id='par_1_7' title="bbox 202 3781 439 3835">
     <span class='ocr_line' id='line_1_30' title="bbox 202 3781 439 3835; baseline 0 -2"><span class='ocrx_word' id='word_1_239' title='bbox 202 3781 242 3833; x_wconf 80' lang='lat'><strong>30.</strong></span> <span class='ocrx_word' id='word_1_240' title='bbox 259 3814 276 3822; x_wconf 82' lang='lat'><em>-</em></span> <span class='ocrx_word' id='word_1_241' title='bbox 299 3783 406 3835; x_wconf 66' lang='grc' dir='ltr'><strong>οπῦον.</strong></span> <span class='ocrx_word' id='word_1_242' title='bbox 422 3803 439 3833; x_wconf 86' lang='lat'><strong>1.</strong></span> 
     </span>
    </p>
   </div>
   <div class='ocr_carea' id='block_1_8' title="bbox 0 0 1354 4594">
    <p class='ocr_par' dir='ltr' id='par_1_8' title="bbox 0 0 1354 4594">
     <span class='ocr_line' id='line_1_31' title="bbox 0 0 1354 4594; baseline 0 0"><span class='ocrx_word' id='word_1_243' title='bbox 0 0 1354 4594; x_wconf 95' lang='lat' dir='ltr'><strong> </strong></span> 
     </span>
    </p>
   </div>
  </div>
 </body>
</html>
