2604 4614
216 311 279 374 558
656 339 797 383 onmnrus

211 466 244 520 et
265 457 406 545 periculo
427 460 602 548 proximam
629 460 669 526 de
697 457 812 527 amoris
837 473 948 527 natura
970 461 1234 550 disputationem:
1295 495 1297 524 ι

211 587 286 630 cum
303 566 385 654 apud
397 567 523 634 Graecos
538 570 591 657 qui
602 569 717 634 eruditi
728 582 760 635 et
775 570 930 659 sapientes
950 569 1098 634 videntur
1110 619 1120 644 ,
1133 569 1236 635 fuerint

209 687 316 742 tamen
328 675 421 764 aliqui
438 679 545 765 quide
561 669 608 745 his
625 683 690 744 non
705 680 748 744 ita
759 680 957 768 acceperint,
971 690 1007 742 ut
1018 679 1235 768 scriptumest,

211 782 267 848 sed
287 784 453 850 occasione
468 808 579 852 eorum
600 807 670 874 quae
692 787 731 851 de
751 809 859 852 amore
878 787 1071 862 dictasunt,
1090 789 1125 852 in
1147 785 1233 876 lapsu
1296 869 1297 876 ἵ

210 892 313 957 carnis
332 903 364 956 et
381 893 414 958 in
429 893 633 986 impudicitia·
648 895 819 984 praecipida
835 907 1041 972 corruerunt,
1063 895 1135 959 sive
1151 918 1188 958 ex
1198 894 1238 960 bis
1296 879 1297 902 ³

210 1022 280 1088 quae
295 1001 411 1089 scripta
429 1014 520 1068 erant
542 1003 597 1088 (ut
616 1027 710 1092 supra
724 1003 993 1091 memoravimus)
1013 1002 1237 1069 admonitiones

208 1109 359 1197 quasdam
372 1122 404 1175 et
423 1112 626 1178 incitamenta
644 1125 821 1187 sumentes,
835 1114 900 1178 sive
917 1114 1169 1180 incontinentiae
1187 1137 1238 1179 sue

208 1215 349 1284 velamen
372 1220 489 1310 scripta
502 1233 645 1287 veterum
663 1221 873 1311 praeferentes.
892 1222 939 1288 Ne
957 1244 1036 1311 ergo
1056 1233 1093 1286 et
1110 1246 1171 1287 nos
1188 1219 1237 1287 tale

207 1324 324 1414 aliquid
339 1328 555 1404 incurramus,
572 1353 609 1396 ea
620 1353 691 1418 quae
710 1331 900 1396 aveteribus
916 1333 999 1396 bene
1015 1343 1050 1396 et
1068 1329 1238 1418 spiritaliter

207 1435 323 1524 scripta
339 1449 432 1513 sunt,
449 1438 558 1503 vitiose
573 1451 605 1502 et
625 1437 793 1532 carnaliter
811 1439 1034 1515 advertentes,
1048 1451 1121 1504 tam
1137 1463 1235 1529 eorpo-

207 1539 249 1604 ris
264 1563 358 1627 quam
376 1543 489 1607 animas
504 1555 618 1608 nostrae
629 1541 749 1633 palmas
763 1545 988 1633 protendamus
1008 1545 1052 1610 ad
1073 1545 1194 1620 Deum,
1209 1557 1235 1608 ut

207 1648 361 1714 Dominus
375 1651 429 1738 qui
446 1649 533 1717 dedit
543 1653 675 1718 verbum
690 1651 976 1742 evangelizantibus
988 1653 1117 1719 virtute
1129 1651 1231 1727 nubs,

207 1755 303 1820 donet
321 1769 353 1822 et
367 1758 459 1823 nobis
475 1759 507 1824 in
520 1760 636 1825 virtute
654 1784 710 1826 sua
730 1761 862 1826 verbum
881 1783 946 1848 quo
962 1762 1131 1849 possimus
1147 1785 1179 1827 er
1189 1761 1227 1825 bis

207 1883 276 1949 quac
296 1864 412 1951 scripta
428 1878 517 1941 sunt,
532 1863 728 1931 intellectum
747 1889 857 1932 sanum
871 1915 879 1940 ,
895 1877 927 1929 et
942 1866 983 1931 ad
999 1867 1213 1933 aedificationem

205 1971 365 2059 pudicitiae
379 1985 504 2061 aptum,
518 1972 567 2039 vel
583 1973 703 2038 nomini
715 1973 793 2062 ipsi,
808 1972 995 2039 velnaturae
1010 1974 1117 2040 ameris
1124 1985 1211 2037 osten-

206 2078 290 2144 dere.
309 2079 346 2144 ln
364 2080 520 2169 principio
536 2081 706 2147 verborum
725 2079 844 2170 Moysi,
866 2083 920 2146 ubi
937 2082 978 2146 de
995 2081 1112 2146 mundi
1127 2079 1214 2145 cond·-

203 2188 291 2253 tione
303 2190 525 2264 conscribitur,
543 2190 622 2255 duos
636 2191 812 2256 invenimus
824 2190 970 2256 homines
981 2202 1115 2257 creatos
1124 2188 1222 2254 relcni.

204 2296 346 2362 Primum
359 2298 400 2363 ad
413 2299 582 2386 imaginem
597 2309 629 2364 et
646 2297 882 2364 similitudinem
894 2299 952 2364 Dei
971 2298 1115 2374 factum,
1131 2319 1232 2363 secun·

205 2404 283 2470 dom
307 2429 324 2470 e
348 2405 424 2472 limo
442 2417 533 2471 terrae
557 2406 711 2472 lactum¹.
737 2409 807 2474 Hoc
831 2405 945 2473 Paulus
968 2406 1142 2495 Apostolus
1163 2409 1238 2471 bene

206 2516 326 2591 sciens,
342 2527 373 2580 et
390 2514 428 2579 ad
440 2514 593 2602 liquidum
610 2517 642 2581 in
658 2516 704 2581 his
717 2516 878 2589 eruditus,
891 2517 923 2582 in
939 2516 1003 2582 suis
1024 2515 1140 2581 litteris
1156 2537 1237 2602 aper·

205 2625 268 2688 tius
282 2639 315 2688 et
329 2623 502 2688 evidentius
519 2625 608 2688 binos
624 2647 691 2689 esse
707 2638 740 2688 et
756 2648 813 2712 per
824 2622 962 2712 singulos
977 2647 1128 2710 quosque
1144 2622 1236 2688 honri-

207 2753 263 2796 nes
279 2733 412 2820 scripsit.
431 2732 484 2797 Sic
498 2733 582 2797 enim
595 2731 673 2796 dixit
684 2756 691 2796 :
702 2733 803 2798 «Nam
815 2733 840 2796 si
856 2731 972 2820 hisqui
988 2731 1144 2797 sortisest
1155 2732 1239 2798 mmo

209 2853 337 2906 »noster
348 2838 575 2928 corrumpitur,
588 2840 642 2904 sed
650 2837 702 2904 ille
714 2840 768 2926 qul
779 2841 863 2904 intus
878 2851 944 2916 est,
958 2852 1138 2904 renovatur
1149 2839 1186 2905 dc
1197 2838 1244 2904 tio

210 2949 264 3013 sin
278 2948 363 3014 diem
374 2947 396 3013 ².
408 2975 421 3007 s
436 2949 478 3013 Et
491 2949 606 3012 iterum
622 2971 630 3012 :
647 2945 882 3014 «condelector
893 2947 979 3012 enim
989 2947 1054 3036 legi
1065 2949 1129 3013 Dei
1142 2969 1248 3014 secum

210 3055 309 3120 »dum
323 3058 504 3122 interiorem
524 3055 727 3131 hominem⁸,
744 3067 803 3120 »et
821 3055 869 3120 his
892 3053 1004 3120 similia
1028 3069 1152 3144 quanta
1168 3077 1248 3120 con«

210 3164 341 3230 scribitl
356 3164 445 3230 Unde
465 3176 542 3254 puto
563 3165 723 3231 neminem
743 3166 808 3254 lam
831 3165 946 3230 debere
973 3163 1140 3239 dubitare,
1157 3161 1244 3250 quod
1296 3237 1297 3240 Ἴ

210 3273 332 3362 Moyses
347 3274 387 3339 de
403 3274 540 3338 duorum
555 3274 721 3339 hominum
736 3273 856 3338 lactura
874 3271 922 3336 vel
938 3271 1101 3360 figmento
1114 3273 1253 3361 seripse-

210 3381 251 3446 rit
267 3383 298 3446 in
310 3382 464 3471 principio
477 3383 623 3457 Genesis,
642 3405 715 3448 cum
732 3381 835 3446 videat
845 3379 978 3447 Paulum
991 3381 1048 3468 qui
1065 3381 1175 3447 melius
1188 3381 1255 3444 uti

212 3513 384 3579 quoquam
408 3513 465 3555 nos
486 3489 679 3579 intelligebat
700 3513 735 3555 ea
762 3511 831 3576 quae
854 3488 995 3577 allloyse
1018 3491 1138 3578 scripta
1154 3503 1258 3562 sunt,

214 3601 292 3664 duos
304 3598 448 3664 homines
459 3621 527 3664 esse
542 3622 599 3686 per
610 3595 748 3686 singulos
759 3619 899 3684 quosque
912 3597 1085 3662 dicentem.
1102 3601 1255 3678 Quorum

212 3727 328 3778 unum,
347 3703 379 3766 id
402 3713 449 3766 est
470 3703 672 3778 interiorem,
690 3701 832 3766 renovari
854 3723 912 3788 per
933 3700 1073 3790 singulos
1095 3701 1162 3766 dios
1176 3725 1260 3766 mee

212 3823 314 3878 morat
332 3835 340 3876 τ
358 3809 492 3876 alterurn
510 3832 603 3886 vero,
623 3810 657 3875 id
673 3822 740 3884 est,
768 3809 975 3886 exteriorem,
1000 3810 1033 3874 in
1054 3809 1255 3896 quibusdum
1296 3851 1297 3854 =

249 3959 257 3992 ¹
269 3953 331 4005 Gen.
343 3973 361 4002 1.
371 3982 400 3990 -
411 3951 423 3985 ²
434 3971 448 4003 a
461 3951 520 4004 Cor.
533 3970 571 4014 ιι,
585 3953 624 4004 ι6.
636 3981 668 3990 -
679 3951 771 4002 ⁸Rom.
784 3969 835 4018 ιιι,
848 3969 888 4008 ιι,
