2796 4618
392 283 423 326 ιιι
448 282 589 326 uuusaos
613 282 742 328 ιιοιιιιιι
767 285 836 326 ιιιι.
1068 265 1126 327 ὅόι

106 414 151 466 aut
162 423 227 466 esse
248 400 415 488 benignus.
431 397 514 465 Audi
529 423 606 489 ergo
622 400 663 466 ad
675 401 757 476 baec,
774 402 800 466 si
813 401 894 467 sorte
907 403 1064 490 possimus
1075 403 1133 470 dii-

106 508 272 578 ficultatem
294 509 339 574 rei
358 507 512 597 exemplis
534 508 742 576 lucidioribus
765 508 943 598 explanare.
965 508 998 574 Si
1019 509 1133 576 vulnus

106 620 220 709 corpori
238 617 413 706 infligatur,
426 631 482 684 aut
497 641 533 708 os
548 619 777 709 confringatur,
790 630 846 685 aut
856 642 1027 684 nervorum
1042 621 1134 706 junc-

106 743 164 794 tura
179 727 371 802 resolvatur,
387 730 447 793 sub
468 729 563 794 unius
578 727 666 793 horae
682 731 783 818 spatio
801 730 985 815 hujusmodi
1001 727 1130 794 vulnera
1180 737 1183 743 “

104 837 196 904 solent
212 839 402 926 corporibus
413 839 572 914 accidere,
588 850 622 902 et
637 839 783 926 plurimis
794 841 999 928 postmodum
1011 839 1132 904 crucia·

104 948 177 1012 tibus
188 971 230 1013 ac
243 945 407 1014 doloribus
418 948 549 1022 exactis,
558 945 660 1012 multo
670 947 720 1013 vix
733 960 876 1036 tempore
887 948 1009 1021 sanari;
1021 947 1132 1036 quanti

102 1055 177 1119 enim
195 1064 339 1118 tumores
360 1054 394 1118 iu
410 1051 494 1128 loco,
511 1065 629 1140 quanta
652 1065 809 1120 tormenta
830 1056 1039 1142 generantur!
1058 1053 1131 1119 lam

105 1185 167 1227 vero
183 1162 212 1227 si
227 1161 353 1240 accidat
374 1174 408 1226 ut
425 1161 457 1226 in
476 1160 591 1226 eodem
605 1160 735 1227 vulnere
752 1159 801 1227 vel
817 1161 849 1227 in
864 1162 977 1227 cadem
993 1162 1130 1228 fractura

103 1271 210 1338 iterum
231 1283 266 1337 et
287 1272 400 1359 saepius
418 1270 488 1358 quis
508 1268 705 1346 vulneretur,
722 1270 982 1359 frequentiusque
1005 1271 1131 1359 franga-

105 1393 159 1456 tur,
174 1381 303 1468 quantis
322 1381 385 1446 boc
405 1381 508 1468 poenis
524 1381 643 1456 curari,
663 1391 698 1445 et
715 1381 841 1468 quantis
860 1394 964 1470 potest
979 1382 1131 1448 cruciati-

103 1491 154 1554 bus
167 1489 345 1555 medicari?
362 1489 492 1568 Quanto
513 1500 621 1554 autem
636 1501 792 1578 tempore,
810 1490 834 1554 si
855 1503 962 1556 tamen
976 1492 1129 1580 potuerit,

106 1598 140 1662 ad
148 1599 313 1664 sanitatem
323 1599 530 1688 perducitur!
549 1611 581 1663 et
592 1599 644 1664 vix
656 1597 827 1686 aliquando
842 1600 885 1664 ita
900 1601 1078 1677 curabitur,
1096 1613 1131 1666 ut

108 1706 149 1771 rel
166 1708 361 1775 debilitatem
377 1708 518 1797 corporis
540 1707 592 1772 rel
612 1707 788 1776 loeditatem
811 1709 968 1775 cicatricis
986 1710 1126 1799 effugiat.

108 1813 206 1882 Transi
221 1841 310 1886 nunc
322 1819 363 1884 ab
375 1815 522 1906 exemplo
532 1818 675 1906 corporis
685 1818 727 1883 ad
737 1819 851 1885 animm
861 1817 1002 1884 vulnera.
1015 1820 1129 1885 Anima

109 1928 219 2011 quoties
239 1939 366 2016 peccat,
389 1927 482 1991 toties
506 1924 701 1992 vulneratur.
723 1927 764 1992 Et
785 1951 826 1992 ne
847 1928 971 1993 dubites
990 1929 1130 2016 peccatis

110 2055 173 2100 eam
190 2035 273 2102 velut
290 2035 361 2102 telis
381 2047 415 2101 et
432 2033 544 2124 gladiis
564 2033 736 2111 vulnerari,
756 2037 830 2103 audi
851 2036 1039 2126 Apostolum
1058 2060 1130 2103 mo-

115 2155 232 2210 nentem
244 2158 279 2210 ut
297 2167 482 2212 assumanus
507 2171 519 2205 ι
538 2158 665 2212 scutum
686 2146 773 2221 fidei,
791 2147 902 2234 inquo
921 2148 1058 2234 possitis,
1073 2149 1130 2209 in-

117 2253 224 2335 iquit,
241 2257 339 2320 omnia
360 2253 467 2343 jacula
486 2253 615 2344 Maligni
638 2256 735 2343 ignita
759 2256 943 2344 extinguere
957 2257 980 2319 ¹.
997 2283 1010 2317 ι
1033 2253 1129 2322 Vides

118 2381 189 2447 ergo
201 2375 333 2448 peccata,
345 2362 474 2452 blaligni
490 2387 558 2430 esse
575 2362 694 2451 jacula,
708 2387 778 2452 quae
793 2365 978 2452 inanimam
993 2364 1130 2452 dirigun-

113 2479 169 2533 tur.
183 2469 299 2538 Patitur
312 2486 422 2540 autem
434 2487 467 2538 et
478 2475 583 2540 anima
599 2496 664 2538 non
677 2472 781 2539 solum
794 2472 921 2540 vulnera
937 2473 1129 2561 jaculorum,

105 2579 197 2646 sedet
209 2581 364 2649 fracturas
376 2582 509 2672 pedum,
522 2606 597 2649 cum
613 2582 718 2670 laquei
733 2595 886 2671 parantur
900 2583 1034 2671 pedibus
1047 2583 1129 2669 ejus,

102 2701 132 2754 et
142 2691 386 2783 supplantantur
397 2715 523 2781 gressus
539 2693 619 2780 ejus.
635 2695 712 2758 llaec
723 2706 842 2780 ergoet
858 2692 1043 2780 hujusmodi
1060 2690 1131 2755 vul-

98 2825 166 2869 nera
181 2816 307 2894 quanto
325 2814 468 2890 tempore
485 2815 576 2892 putas
592 2825 683 2891 posse
700 2802 827 2867 curari?
840 2802 908 2867 Oh!
927 2803 952 2867 si
968 2823 1130 2891 possemus

93 2937 146 3003 per
160 2912 421 3001 unumquodque
432 2923 603 3002 peccatum
615 2913 722 2978 vidore
738 2912 899 2999 quomodo
914 2912 1011 2977 homo
1024 2924 1131 2980 noster

89 3027 222 3092 interior
238 3024 368 3090 assidue
384 3023 581 3098 vulneratur,
599 3023 760 3111 quomodo
778 3045 881 3087 sermo
897 3020 998 3088 malus
1015 3020 1129 3086 vulnus

86 3135 201 3226 inlligit
211 3137 221 3199 l
233 3132 312 3200 Non
324 3131 447 3221 legisti.
460 3159 472 3193 ι
485 3132 603 3198 Dicunt
615 3132 689 3220 quia
699 3129 868 3197 vulnerant
879 3128 986 3218 gladii,
996 3129 1053 3195 sed
1064 3154 1129 3196 non

82 3273 94 3308 ι
109 3247 153 3310 ita
166 3257 205 3309 ut
218 3241 380 3330 lingua²i
391 3269 404 3303 ι
421 3239 700 3330 Vulneraturergo
714 3264 772 3330 per
783 3239 923 3329 linguam
934 3239 1051 3314 anima,
1065 3238 1131 3303 vul·

80 3365 221 3422 necatur
232 3363 270 3417 et
285 3372 345 3438 per
361 3349 568 3438 cogitationes
582 3362 616 3416 et
630 3350 904 3438 concupiscentias
919 3347 1030 3424 malas,
1043 3348 1130 3414 sran-

78 3466 168 3554 gitur
184 3475 307 3530 autem
318 3470 351 3526 et
366 3459 542 3524 conteritur
556 3482 613 3548 per
629 3482 725 3551 opera
742 3459 876 3548 peccati.
892 3458 971 3537 Quae
983 3460 1008 3523 si
1024 3457 1130 3523 omnia

78 3573 191 3640 videre
212 3589 402 3661 possemus,
426 3579 458 3632 ot
486 3566 657 3634 vulneratas
681 3569 794 3635 animm
814 3569 930 3634 sentire
953 3569 1131 3642 cicatrices,

77 3698 212 3751 certum
230 3691 287 3748 est
301 3677 389 3766 quod
406 3679 558 3766 usquead
577 3690 713 3745 mortem
730 3679 947 3746 resisteremus
963 3678 1129 3744 adversum

74 3807 275 3885 peccatum.
300 3787 363 3854 Sed
382 3809 467 3855 nunc
486 3788 567 3854 sicut
592 3789 612 3853 ii
631 3789 685 3878 qui
708 3788 755 3855 vel
774 3791 917 3857 damone
936 3786 1059 3875 repleti,
1082 3783 1132 3851 rol

109 3925 117 3960 ¹
134 3923 240 3989 prcs.
255 3935 292 3974 ιι,
306 3917 342 3966 rsa
357 3945 386 3955 -
400 3916 410 3950 ²
424 3917 503 3968 llas-li.
518 3931 605 3978 ιιιιιιι,
619 3934 654 3967 aa.
