2644 4612
190 307 255 380 488
639 323 781 366 onronnrs

191 449 286 534 justo.
306 447 342 510 ln
359 447 419 510 isto
434 469 510 533 orgo
529 445 708 510 inordinata
726 465 794 508 esso
813 443 947 509 charitas
965 444 1107 509 dieitur:
1126 441 1240 509 inillis

116 591 120 600 ·
193 579 267 619 vero
282 575 362 643 quos
379 553 604 642 voldepancos
621 553 758 618 arbitror
771 574 859 628 esse,
876 553 929 640 qui
946 551 1066 617 seilicet
1080 575 1143 642 per
1156 553 1239 617 viam

191 663 453 736 vitae'incedunt,
470 674 502 726 et
521 684 585 726 non
604 659 783 735 declinant,
800 683 903 748 neque
922 661 962 725 ad
979 661 1167 736 dexteram,
1184 685 1240 725 ne·

192 793 254 858 que
267 770 306 835 ad
325 770 499 842 sinistram,
510 769 542 832 in
555 769 629 856 ipsis
645 767 923 833 solisordinataest
934 768 1086 842 charitas,
1103 780 1140 832 et
1156 769 1240 832 ordi-

193 899 267 945 nem
281 886 478 942 suumtenet.
494 877 548 940 Est
557 885 662 940 autem
672 876 750 940 ordo
758 875 826 962 ejus
834 875 1217 964 etmensnrahujusmodi
1229 927 1237 949 ,

194 987 284 1051 verbi
307 984 424 1073 matie,
437 985 540 1048 Deum
556 981 686 1071 diligere
708 983 813 1047 nullus
832 983 965 1058 modus,
986 981 1238 1049 nnllamensura

193 1092 413 1169 est,nrs1h‘oo
430 1089 513 1166 sola,
527 1103 562 1154 ut
577 1113 606 1154 er
620 1090 884 1156 totumexbrbons
900 1091 1185 1178 quantnnbabes
1204 1092 1236 1156 ln

192 1201 320 1265 Christo
333 1201 416 1264 enim
430 1198 505 1263 lesu
523 1197 699 1286 diligendus
715 1211 762 1263 est
778 1200 861 1265 Deus
876 1221 915 1263 ex
930 1209 1001 1263 toto
1017 1199 1140 1273 corde,
1156 1213 1233 1264 etex

192 1321 261 1373 tota
277 1309 402 1382 anima,
423 1319 455 1371 et
470 1331 509 1371 ex
522 1307 597 1371 totis
614 1306 742 1371 viribus.
763 1307 798 1371 ln
814 1307 876 1372 hoc
892 1331 969 1396 ergo
983 1307 1075 1372 nulla
1091 1331 1231 1373 mensura

194 1427 251 1481 est.
275 1414 411 1503 Diligens
426 1434 501 1483 vero
518 1413 716 1502 proximum,
736 1426 784 1478 est
799 1436 948 1480 mensura
965 1409 1086 1503 aliqua.
1107 1445 1118 1474 ι
1135 1417 1229 1480 Proxi-

193 1545 305 1588 »mum
324 1574 332 1598 ,
350 1523 464 1608 inquit,
481 1535 573 1586 tuum
586 1521 679 1609 dilige
690 1522 772 1586 siout
783 1522 950 1610 teipsum¹.
970 1551 983 1582 ι
1001 1523 1035 1588 Si
1048 1546 1126 1611 ergo
1138 1536 1184 1588 aut
1198 1523 1224 1586 in

183 1632 251 1696 'liei
271 1629 439 1697 dilectione
461 1630 565 1694 minus
582 1628 700 1715 aliquid
722 1629 833 1694 feceris
852 1650 947 1716 quam
962 1641 1076 1718 potes,
1096 1643 1125 1694 et
1141 1651 1219 1718 quam

192 1739 225 1804 in
241 1739 358 1804 viribus
373 1739 432 1802 tuis
448 1729 516 1801 est.
535 1749 588 1802 aut
600 1738 683 1802 inter
694 1747 725 1802 te
741 1749 772 1802 et
788 1738 967 1826 proximum
980 1750 1078 1801 tuum
1090 1763 1145 1803 non
1159 1761 1216 1802 ser-

193 1847 313 1911 vaveris
333 1847 533 1934 aequitatem,
559 1845 613 1910 sed
632 1825 750 1932 aliquid
766 1845 952 1911 differentiae
974 1845 1137 1912 habueris:
1151 1869 1206 1909 non

193 1956 287 2018 estin
305 1965 336 2016 to
352 1953 487 2041 olrpritas
504 1953 668 2027 ordinata,
686 1973 746 2016 neo
762 1951 902 2018 ordinem
917 1977 1016 2018 suum
1034 1965 1132 2016 tenens.
1147 1951 1202 2014 l'e-

193 2083 266 2123 rum
282 2060 430 2147 qnoniam
442 2059 534 2123 nobis
551 2081 655 2123 sermo
671 2060 710 2123 de
726 2059 836 2124 ordine
848 2059 1014 2124 charitatis
1030 2073 1078 2125 est
1086 2058 1209 2146 ,diligen

193 2153 256 2231 tius
278 2189 366 2268 per
349 2165 470 2264 singulo
489 2167 705 2253 requiramus,
725 2165 773 2231 rel
789 2188 868 2254 quos
886 2166 992 2255 diligi,
1011 2169 1061 2233 vel
1082 2179 1216 2256 plantum

181 2270 282 2360 ¹diligi
299 2283 454 2359 oporteat.
473 2270 593 2338 Nam
569 2295 592 2334 sa
612 2270 664 2355 (ut
680 2271 757 2336 dicit
770 2271 958 2360 Apostolus)
976 2275 1123 2338 membra
1139 2270 1222 2337 alter-

196 2389 302 2442 utrum
316 2375 444 2441 sumus²
449 2387 548 2464 ,pute
561 2376 648 2464 qued
657 2375 744 2442 huno
756 2377 904 2442 ellectum
916 2399 989 2466 erga
1003 2379 1166 2484 proximos
1175 2377 1214 2442 ba

198 2488 273 2550 bere
289 2485 480 2558 debeamus,
497 2496 532 2546 ut
540 2507 593 2548 eos
605 2506 669 2549 non
680 2485 767 2570 qnasi
784 2484 883 2551 aliena
897 2507 1053 2576 corpora,
1072 2489 1130 2552 sed
1145 2485 1233 2550 veluti

193 2592 339 2659 membra
354 2589 652 2678 nostradiligamus.
669 2591 853 2656 Secundum
870 2590 933 2656 hoc
946 2613 1027 2680 ergo
1038 2591 1128 2679 quod
1141 2615 1237 2656 mem

193 2701 250 2764 bra
272 2710 380 2763 nostra
400 2699 536 2764 invicem
558 2719 689 2773 sumus,
709 2697 861 2785 aequalem
883 2721 958 2787 erga
981 2723 1095 2764 onmes
1117 2699 1238 2765 habere

192 2807 417 2882 dilectionum,
437 2806 638 2894 similemque
658 2808 836 2872 conveniet.
860 2807 1047 2873 &eundum
1072 2808 1140 2873 hoe
1165 2831 1239 2872 vero

184 2916 278 3002 ¹qood
291 2903 364 2979 sunt
374 2913 1050 3001 incorporoaliquanrembrahonorabiliore
1070 2929 1105 2980 et
1119 2917 1241 2981 hones-

194 3019 294 3097 liora,
308 3022 366 3088 alia
380 3023 674 3096 veroinhonostiora
686 3035 718 3086 et
729 3023 876 3087 interiora
885 3023 910 3099 ⁸,
923 3025 1100 3111 putoquod
1111 3048 1243 3090 rursum
1319 3053 1320 3120 3

195 3149 256 3214 pro
271 3127 494 3193 membrorum
517 3127 636 3192 meritis
658 3125 857 3202 ethonore,
879 3128 976 3192 etiam
994 3127 1185 3194 dilectionis
1208 3129 1246 3194 li-

186 3235 278 3300 ·brari
292 3235 405 3301 debeat
418 3237 542 3301 modos.
558 3238 590 3302 Si
603 3237 674 3322 quis
685 3259 762 3324 orgo
773 3235 999 3304 rationabiliter
1008 3253 1132 3304 cuneta
1149 3263 1246 3330 agere

199 3344 375 3408 secondum
391 3345 523 3409 verbum
547 3345 603 3408 Dei
618 3394 626 3419 ,
645 3367 682 3409 ao
701 3367 773 3408 suos
788 3345 884 3409 etiam
901 3345 1032 3411 affectus
1053 3359 1248 3436 temperare

192 3452 360 3539 proponit,
381 3463 458 3538 pnto
477 3453 563 3540 quod
587 3473 659 3540 erga
671 3443 746 3517 baeo
762 3452 882 3541 singulo
905 3455 1048 3519 ordinem
1065 3456 1246 3523 charitatis

190 3571 224 3622 et
240 3561 321 3622 scire
336 3560 449 3623 delient
461 3572 492 3623 et
508 3572 626 3624 tenero.
645 3559 764 3624 Verum
781 3573 815 3624 nt
831 3563 967 3649 apertius
983 3546 1037 3627 fiis
1053 3565 1150 3650 quod
1169 3567 1251 3630 dici·

192 3687 263 3729 mus
275 3691 283 3731 :
297 3665 392 3754 paulo
412 3667 660 3732 evidentioribus
678 3679 804 3732 utamur
819 3669 953 3756 judiciis.
976 3671 1097 3757 Siquis
1118 3673 1130 3758 (
1147 3676 1246 3738 verbi

192 3774 310 3863 gretia)
329 3773 450 3840 laboret
465 3767 497 3840 i'n
513 3778 609 3840 verbo
621 3775 697 3850 Dei,
715 3787 808 3864 atque
824 3777 943 3843 animos
954 3790 1077 3845 nostras
1093 3781 1244 3848 instruat

228 3923 339 3972 ¹lllattb.
353 3941 412 3984 m,
427 3921 468 3989 39.
485 3951 499 3960 —
519 3895 529 3953 i
546 3939 553 3972 1
573 3925 630 3972 Cor.
645 3941 692 3972 ιιι.
707 3951 727 3958 -
748 3922 832 3974 ¹llriil.
