2682 4594
418 280 449 322 m
475 275 614 322 rsaxamr
635 277 714 321 xxxv
737 277 809 322 nou.
836 278 856 319 ι.
878 245 882 262 ’
1100 279 1156 321 nor

133 399 190 466 Sed
199 409 272 486 post
282 395 382 462 multa
394 395 556 485 exempla,
570 397 731 462 veniamus
743 394 855 460 adhoc
866 393 953 483 quod
963 389 1162 486 propositum

133 521 184 573 est.
201 507 373 572 Videamus
388 505 524 594 quidest
535 506 622 594 quod
633 504 828 593 significatur
839 527 927 569 exeo
939 508 1025 593 quod
1041 504 1164 573 dictum

134 628 177 681 est
190 639 197 683 ε
212 616 372 680 Delectcre
389 613 420 678 in
436 613 583 689 Domino,
600 625 628 678 et
647 612 732 678 dabit
749 597 807 678 tibi
821 612 977 698 petitiones
993 614 1093 680 cordis
1106 615 1161 679 tui.

134 723 301 790 ‘Sciendum
314 723 454 810 primum
470 732 517 786 est
528 723 605 808 quia
623 720 685 786 hoc
701 721 786 808 quod
805 720 868 786 dixi
885 720 917 784 in
932 719 1051 797 latino,
1069 723 1166 788 deba-

139 845 199 896 tore
216 830 247 894 in
266 829 418 904 Domino,
440 829 472 894 in
495 851 619 916 graeco,
643 828 782 893 delitiose
806 827 836 891 ia
859 828 1012 903 Doanino,
1037 829 1165 896 dieitur.

136 942 202 1006 Hoc
214 941 427 1027 animgraecus
435 959 539 1003 sermo
551 939 686 1005 indicat:
700 938 785 1026 quod
801 953 848 1008 est
863 954 1065 1029 κατατρύφησον.
1081 940 1171 1006 Siout

138 1071 208 1136 ergo
223 1047 399 1112 seeundum
414 1047 604 1112 exteriorem
621 1047 784 1115 hominem
800 1050 947 1140 possibile
965 1062 1013 1114 est
1032 1071 1095 1114 non
1117 1069 1170 1112 so-

139 1156 199 1222 lum
215 1157 294 1222 cibis
312 1156 376 1228 uti,
395 1178 503 1220 verum
520 1155 616 1220 etiam
632 1156 747 1223 delitiis
764 1159 902 1248 perlrui,
919 1171 950 1224 et
964 1157 1100 1224 maxime
1116 1155 1169 1243 qui

141 1265 246 1330 divites
258 1275 331 1329 sunt
344 1261 458 1329 delitiis
474 1275 608 1328 utuntur
622 1288 629 1328 :
643 1266 739 1331 etiam
756 1267 797 1332 ita
814 1267 945 1332 interior
960 1267 1057 1332 homo
1068 1275 1172 1352 potest

143 1396 203 1436 non
223 1369 324 1435 solum
344 1357 423 1436 cibis
444 1372 507 1446 uti,
533 1395 641 1437 verum
663 1385 696 1437 et
715 1373 828 1438 delitiis
843 1375 973 1462 perfrui.
994 1372 1090 1454 Quod
1105 1370 1173 1436 fieri

146 1481 202 1545 hoc
225 1479 322 1544 modo
345 1479 487 1543 arbitror.
515 1480 548 1544 Si
571 1481 640 1564 quis
662 1481 768 1546 audiat
783 1483 879 1547 verba
898 1505 934 1546 ea
954 1479 1172 1552 solummodo,
1246 1564 1250 1571 .

144 1609 212 1674 quae
227 1609 260 1652 se
279 1586 408 1651 invitent
424 1586 464 1651 ad
481 1587 630 1650 timorem
649 1588 727 1663 Dei,
747 1589 804 1653 iste
824 1589 934 1656 cibum
953 1586 1175 1651 tantummodo

145 1695 227 1782 capit
247 1717 285 1757 ex
307 1694 525 1780 hujuscemodi
542 1695 647 1759 verbo.
672 1696 736 1776 Qui
757 1719 830 1761 vero
849 1696 971 1760 dederit
991 1717 1119 1782 operam
1136 1693 1175 1757 ad

148 1799 379 1888 intelligendam
391 1798 512 1889 legem,
528 1802 570 1866 ud
581 1805 824 1889 perscrutandos
835 1803 1027 1892 Prophetas,
1045 1804 1084 1868 ad
1099 1825 1177 1866 exo-

143 1909 277 1973 lutiones
305 1905 527 1995 parabolarum
552 1908 730 1998 Evangelii,
762 1911 801 1975 ad
824 1910 1079 2000 explanationem
1108 1933 1178 1974 ver-

145 2020 258 2083 borum
286 2015 551 2105 apostolicorum,
576 2032 607 2082 ot
632 2019 686 2107 qui
713 2021 744 2084 in
771 2022 919 2085 omnibus
945 2018 1119 2086 intellectui
1146 2030 1180 2083 et

143 2125 282 2191 scientio
297 2147 428 2214 operam
444 2125 585 2202 dederit,
601 2128 659 2191 iste
675 2127 793 2193 deliciis
809 2127 933 2193 fruitur.
953 2129 1023 2194 Non
1038 2128 1123 2193 enirn
1141 2126 1181 2190 ad

147 2236 208 2299 boo
224 2232 326 2298 solum
343 2232 429 2321 quod
445 2234 473 2297 ei
490 2235 530 2299 ad
547 2234 640 2298 vitam
657 2234 793 2310 suflicit,
810 2236 882 2300 cibo
898 2237 998 2299 utitur
1014 2235 1182 2302 mandato·
1290 2296 1295 2308 ,

149 2363 240 2416 rum,
263 2339 318 2404 sed
340 2342 373 2405 in
393 2342 481 2406 omni
501 2343 659 2429 agnitione
678 2343 815 2407 scientiae
837 2340 1022 2408 delectatur.
1045 2344 1113 2407 lloc
1136 2355 1184 2406 est

148 2448 234 2536 qnod
249 2449 386 2514 arbitror
400 2461 431 2512 et
446 2449 478 2514 in
495 2472 533 2513 eo
548 2448 697 2525 indicari,
714 2450 801 2537 quod
814 2450 930 2515 dicitur
941 2450 1026 2514 Deus
1040 2452 1083 2515 ab
1094 2449 1184 2514 initio

146 2556 304 2647 plantasse
322 2558 502 2646 paradisum
521 2556 725 2632 deliciarum,
750 2560 816 2623 sine
837 2559 935 2623 dubio
955 2560 987 2622 in
1011 2579 1074 2645 quo
1093 2557 1187 2645 spiri-

147 2664 285 2730 tualibus
302 2664 422 2730 deliciis
437 2665 625 2730 frueremur.
641 2665 704 2731 Sed
719 2677 750 2729 ct
762 2663 836 2731 alibi
855 2690 863 2730 :
879 2667 1092 2731 «Torrentem
1112 2664 1182 2752 (ait)

142 2772 357 2838 adeliciarnm
372 2785 483 2861 potum
503 2773 590 2838 dabis
606 2774 650 2837 eis
660 2772 685 2850 ¹,
699 2803 711 2834 a
728 2775 843 2839 sanctis
859 2772 988 2839 scilicet.
1008 2772 1072 2837 Sed
1086 2784 1119 2836 et
1133 2772 1186 2838 hio

149 2886 218 2950 scic
234 2886 320 2973 quod
338 2887 371 2950 iu
387 2885 491 2950 latinis
507 2885 740 2974 exemplaribus
759 2887 867 2952 haberi
886 2885 966 2950 solet
986 2913 998 2946 a
1014 2897 1187 2950 torrentem

154 2991 344 3081 »voluptatis
362 3005 475 3069 tuae,»
500 2995 555 3058 sed
576 2995 607 3058 in
633 3018 736 3083 graeco
752 2994 888 3060 habetur
904 3009 1009 3083 τρύφης,
1034 2995 1120 3081 quod
1142 3005 1190 3057 est

145 3100 348 3166 deliciarum.
368 3087 432 3167 Sed
450 3113 482 3166 et
501 3102 616 3166 sanctis
637 3104 814 3191 quibusque
833 3102 1046 3191 corporalium
1066 3101 1190 3167 delicia-

144 3233 226 3274 ·rom
248 3221 451 3297 contemptus
473 3209 635 3285 indicitur,
658 3221 691 3274 et
714 3233 784 3299 spes
800 3210 984 3276 deliciarum
1001 3209 1188 3299 spiritalium

150 3314 395 3400 repromittitur.
428 3312 483 3378 Vis
513 3315 608 3378 etiam
636 3314 675 3377 de
704 3314 767 3379 hoc
799 3315 1017 3379 anctoritatem
1048 3316 1191 3402 accipere

151 3421 327 3509 Scripturas
344 3421 480 3486 divinaei
496 3421 588 3486 Dives
605 3421 734 3507 quidem
752 3432 836 3498 erat,
857 3435 890 3486 et
908 3422 1043 3488 Lazarus
1059 3447 1192 3511 pauper,

148 3531 187 3595 in
211 3528 331 3595 deliciis
353 3528 568 3619 corporalibus
587 3541 655 3594 erat
676 3530 781 3605 dives,
805 3531 939 3596 Lazarus
964 3532 1193 3622 conficiebatur

149 3638 271 3702 inedia.
290 3640 431 3702 Excessit
447 3649 579 3725 uterque
597 3638 635 3702 de
653 3637 786 3714 saeculo,
806 3651 839 3702 et
854 3641 989 3705 Lazarus
1005 3641 1135 3729 quidem
1153 3640 1194 3702 ab

149 3745 284 3834 Angelis
308 3745 449 3811 sublatus
471 3760 518 3812 est
541 3749 572 3812 in
594 3749 697 3813 sinum
718 3747 870 3822 Abrahae,
894 3760 927 3812 nt
952 3749 995 3813 ibi
1018 3751 1050 3813 in
1075 3745 1194 3811 deliciis

193 3891 201 3922 ¹
215 3891 303 3941 Psalrn.
314 3909 396 3950 xxxv,
408 3911 431 3959 9.
