<?xml version="1.0" encoding="UTF-8"?>
<!DOCTYPE html PUBLIC "-//W3C//DTD XHTML 1.0 Transitional//EN"
    "http://www.w3.org/TR/xhtml1/DTD/xhtml1-transitional.dtd">
<html xmlns="http://www.w3.org/1999/xhtml" xml:lang="en" lang="en">
 <head>
  <title>
</title>
<meta http-equiv="Content-Type" content="text/html;charset=utf-8" />
  <meta name='ocr-system' content='tesseract 3.04.00' />
  <meta name='ocr-capabilities' content='ocr_page ocr_carea ocr_par ocr_line ocrx_word'/>
</head>
<body>
  <div class='ocr_page' id='page_1' title='image "./collectioselect01guilgoog_0392.png"; bbox 0 0 2776 4616; ppageno 0'>
   <div class='ocr_carea' id='block_1_1' title="bbox 268 231 940 300">
    <p class='ocr_par' dir='ltr' id='par_1_1' title="bbox 268 231 940 300">
     <span class='ocr_line' id='line_1_1' title="bbox 268 231 940 300; baseline 0.001 -2"><span class='ocrx_word' id='word_1_1' title='bbox 268 231 332 300; x_wconf 77' lang='lat'><strong>586</strong></span> <span class='ocrx_word' id='word_1_2' title='bbox 712 253 855 298; x_wconf 80' lang='lat' dir='ltr'><strong>onrunnts</strong></span> <span class='ocrx_word' id='word_1_3' title='bbox 938 233 940 237; x_wconf 72' lang='grc'><strong>’</strong></span> 
     </span>
    </p>
   </div>
   <div class='ocr_carea' id='block_1_2' title="bbox 176 367 1343 3848">
    <p class='ocr_par' dir='ltr' id='par_1_2' title="bbox 176 367 1343 3848">
     <span class='ocr_line' id='line_1_2' title="bbox 176 367 1299 464; baseline -0.004 -24"><span class='ocrx_word' id='word_1_4' title='bbox 176 406 179 412; x_wconf 91' lang='grc'><strong><em>·</em></strong></span> <span class='ocrx_word' id='word_1_5' title='bbox 267 373 391 464; x_wconf 77' lang='lat' dir='ltr'><strong>genitus</strong></span> <span class='ocrx_word' id='word_1_6' title='bbox 402 373 471 460; x_wconf 85' lang='lat' dir='ltr'><strong>ejus</strong></span> <span class='ocrx_word' id='word_1_7' title='bbox 483 385 542 450; x_wconf 85' lang='lat' dir='ltr'><strong>est,</strong></span> <span class='ocrx_word' id='word_1_8' title='bbox 555 372 595 441; x_wconf 87' lang='lat' dir='ltr'><strong>de</strong></span> <span class='ocrx_word' id='word_1_9' title='bbox 608 393 671 458; x_wconf 89' lang='lat' dir='ltr'><strong>quo</strong></span> <span class='ocrx_word' id='word_1_10' title='bbox 681 371 835 459; x_wconf 86' lang='lat' dir='ltr'><strong>seriptum</strong></span> <span class='ocrx_word' id='word_1_11' title='bbox 847 381 908 444; x_wconf 86' lang='lat' dir='ltr'><strong>est.</strong></span> <span class='ocrx_word' id='word_1_12' title='bbox 921 370 994 457; x_wconf 83' lang='lat' dir='ltr'><strong>quia</strong></span> <span class='ocrx_word' id='word_1_13' title='bbox 1010 367 1194 436; x_wconf 71' lang='lat' dir='ltr'><strong>«extollitur</strong></span> <span class='ocrx_word' id='word_1_14' title='bbox 1206 391 1299 458; x_wconf 88' lang='lat' dir='ltr'><strong>super</strong></span> 
     </span>
     <span class='ocr_line' id='line_1_3' title="bbox 268 477 1299 570; baseline -0.002 -24"><span class='ocrx_word' id='word_1_15' title='bbox 268 513 280 546; x_wconf 76' lang='grc' dir='ltr'>ι</span> <span class='ocrx_word' id='word_1_16' title='bbox 296 505 391 548; x_wconf 86' lang='lat' dir='ltr'><strong>omne</strong></span> <span class='ocrx_word' id='word_1_17' title='bbox 407 481 493 570; x_wconf 85' lang='lat' dir='ltr'><strong>quod</strong></span> <span class='ocrx_word' id='word_1_18' title='bbox 507 481 623 548; x_wconf 86' lang='lat' dir='ltr'><strong>dieitur</strong></span> <span class='ocrx_word' id='word_1_19' title='bbox 639 480 737 556; x_wconf 88' lang='lat' dir='ltr'><strong>Deus,</strong></span> <span class='ocrx_word' id='word_1_20' title='bbox 750 492 805 546; x_wconf 87' lang='lat' dir='ltr'><strong>eut</strong></span> <span class='ocrx_word' id='word_1_21' title='bbox 817 480 903 568; x_wconf 83' lang='lat' dir='ltr'><strong>quod</strong></span> <span class='ocrx_word' id='word_1_22' title='bbox 915 477 1031 546; x_wconf 84' lang='lat' dir='ltr'><strong>colitur</strong></span> <span class='ocrx_word' id='word_1_23' title='bbox 1046 503 1054 545; x_wconf 74' lang='grc' dir='ltr'><strong><em>ε</em></strong></span> <span class='ocrx_word' id='word_1_24' title='bbox 1068 479 1110 544; x_wconf 86' lang='lat' dir='ltr'><strong>ita</strong></span> <span class='ocrx_word' id='word_1_25' title='bbox 1124 492 1158 544; x_wconf 92' lang='lat' dir='ltr'><strong>ut</strong></span> <span class='ocrx_word' id='word_1_26' title='bbox 1174 480 1207 544; x_wconf 91' lang='lat' dir='ltr'><strong>in</strong></span> <span class='ocrx_word' id='word_1_27' title='bbox 1223 493 1299 544; x_wconf 85' lang='lat' dir='ltr'><strong>tem·</strong></span> 
     </span>
     <span class='ocr_line' id='line_1_4' title="bbox 267 585 1299 680; baseline -0.006 -22"><span class='ocrx_word' id='word_1_28' title='bbox 267 591 346 680; x_wconf 72' lang='lat' dir='ltr'><strong>»plo</strong></span> <span class='ocrx_word' id='word_1_29' title='bbox 363 591 421 661; x_wconf 85' lang='lat' dir='ltr'><strong>Dei</strong></span> <span class='ocrx_word' id='word_1_30' title='bbox 438 591 558 665; x_wconf 84' lang='lat' dir='ltr'><strong>sedeat,</strong></span> <span class='ocrx_word' id='word_1_31' title='bbox 575 601 735 656; x_wconf 71' lang='lat' dir='ltr'><strong>ostentans</strong></span> <span class='ocrx_word' id='word_1_32' title='bbox 750 611 784 654; x_wconf 83' lang='lat' dir='ltr'><strong>se</strong></span> <span class='ocrx_word' id='word_1_33' title='bbox 801 600 952 678; x_wconf 84' lang='lat' dir='ltr'><strong>tanquam</strong></span> <span class='ocrx_word' id='word_1_34' title='bbox 968 588 1008 653; x_wconf 89' lang='lat' dir='ltr'><strong>sit</strong></span> <span class='ocrx_word' id='word_1_35' title='bbox 1025 585 1141 656; x_wconf 87' lang='lat' dir='ltr'><strong>Deus¹.</strong></span> <span class='ocrx_word' id='word_1_36' title='bbox 1158 615 1171 648; x_wconf 74' lang='lat' dir='ltr'><strong>s</strong></span> <span class='ocrx_word' id='word_1_37' title='bbox 1189 586 1299 653; x_wconf 88' lang='lat' dir='ltr'><strong>Omnis</strong></span> 
     </span>
     <span class='ocr_line' id='line_1_5' title="bbox 267 689 1329 789; baseline -0.007 -23"><span class='ocrx_word' id='word_1_38' title='bbox 267 724 341 789; x_wconf 80' lang='lat' dir='ltr'><strong>ergo</strong></span> <span class='ocrx_word' id='word_1_39' title='bbox 353 700 408 788; x_wconf 89' lang='lat' dir='ltr'><strong>qui</strong></span> <span class='ocrx_word' id='word_1_40' title='bbox 419 698 519 785; x_wconf 86' lang='lat' dir='ltr'><strong>elatus</strong></span> <span class='ocrx_word' id='word_1_41' title='bbox 534 711 582 766; x_wconf 85' lang='lat' dir='ltr'><strong>eat</strong></span> <span class='ocrx_word' id='word_1_42' title='bbox 594 710 626 764; x_wconf 83' lang='lat' dir='ltr'><strong>et</strong></span> <span class='ocrx_word' id='word_1_43' title='bbox 637 699 805 786; x_wconf 83' lang='lat' dir='ltr'><strong>superbus,</strong></span> <span class='ocrx_word' id='word_1_44' title='bbox 820 697 866 763; x_wconf 88' lang='lat' dir='ltr'><strong>vel</strong></span> <span class='ocrx_word' id='word_1_45' title='bbox 883 696 966 763; x_wconf 89' lang='lat' dir='ltr'><strong>lilius</strong></span> <span class='ocrx_word' id='word_1_46' title='bbox 981 708 1029 762; x_wconf 88' lang='lat' dir='ltr'><strong>est</strong></span> <span class='ocrx_word' id='word_1_47' title='bbox 1040 695 1113 762; x_wconf 90' lang='lat' dir='ltr'><strong>eluti</strong></span> <span class='ocrx_word' id='word_1_48' title='bbox 1128 695 1239 783; x_wconf 88' lang='lat' dir='ltr'><strong>hujus,</strong></span> <span class='ocrx_word' id='word_1_49' title='bbox 1253 695 1298 760; x_wconf 84' lang='lat' dir='ltr'><strong>vel</strong></span> <span class='ocrx_word' id='word_1_50' title='bbox 1326 689 1329 696; x_wconf 50' lang='lat'><strong>⁴</strong></span> 
     </span>
     <span class='ocr_line' id='line_1_6' title="bbox 267 801 1301 894; baseline -0.01 -19"><span class='ocrx_word' id='word_1_51' title='bbox 267 804 439 894; x_wconf 82' lang='lat' dir='ltr'><strong>discipulus</strong></span> <span class='ocrx_word' id='word_1_52' title='bbox 453 817 485 872; x_wconf 86' lang='lat' dir='ltr'><strong>et</strong></span> <span class='ocrx_word' id='word_1_53' title='bbox 497 805 646 870; x_wconf 81' lang='lat' dir='ltr'><strong>imitator.</strong></span> <span class='ocrx_word' id='word_1_54' title='bbox 663 805 702 868; x_wconf 86' lang='lat' dir='ltr'><strong>Et</strong></span> <span class='ocrx_word' id='word_1_55' title='bbox 712 815 880 892; x_wconf 88' lang='lat' dir='ltr'><strong>propterea</strong></span> <span class='ocrx_word' id='word_1_56' title='bbox 897 803 974 869; x_wconf 88' lang='lat' dir='ltr'><strong>dicit</strong></span> <span class='ocrx_word' id='word_1_57' title='bbox 986 801 1155 891; x_wconf 86' lang='lat' dir='ltr'><strong>Apostolus</strong></span> <span class='ocrx_word' id='word_1_58' title='bbox 1171 803 1210 868; x_wconf 90' lang='lat' dir='ltr'><strong>de</strong></span> <span class='ocrx_word' id='word_1_59' title='bbox 1226 825 1301 889; x_wconf 91' lang='lat' dir='ltr'><strong>quo-</strong></span> 
     </span>
     <span class='ocr_line' id='line_1_7' title="bbox 267 910 1301 998; baseline -0.006 -16"><span class='ocrx_word' id='word_1_60' title='bbox 267 916 340 983; x_wconf 80' lang='lat' dir='ltr'><strong>dum</strong></span> <span class='ocrx_word' id='word_1_61' title='bbox 358 937 366 982; x_wconf 73' lang='grc' dir='ltr'><em>τ</em></span> <span class='ocrx_word' id='word_1_62' title='bbox 385 913 455 982; x_wconf 79' lang='lat' dir='ltr'><strong>«Ne</strong></span> <span class='ocrx_word' id='word_1_63' title='bbox 470 913 550 980; x_wconf 86' lang='lat' dir='ltr'><strong>sorte</strong></span> <span class='ocrx_word' id='word_1_64' title='bbox 565 910 666 980; x_wconf 90' lang='lat' dir='ltr'><strong>elatus</strong></span> <span class='ocrx_word' id='word_1_65' title='bbox 682 912 850 978; x_wconf 85' lang='lat' dir='ltr'><strong>ineidat&#39;iu</strong></span> <span class='ocrx_word' id='word_1_66' title='bbox 869 911 1025 998; x_wconf 88' lang='lat' dir='ltr'><strong>judicium</strong></span> <span class='ocrx_word' id='word_1_67' title='bbox 1040 910 1199 977; x_wconf 76' lang='lat' dir='ltr'><strong>diaboli²2</strong></span> <span class='ocrx_word' id='word_1_68' title='bbox 1216 941 1229 972; x_wconf 74' lang='lat' dir='ltr'><strong>s</strong></span> <span class='ocrx_word' id='word_1_69' title='bbox 1250 934 1301 976; x_wconf 90' lang='lat' dir='ltr'><strong>os-</strong></span> 
     </span>
     <span class='ocr_line' id='line_1_8' title="bbox 266 1019 1302 1113; baseline -0.006 -23"><span class='ocrx_word' id='word_1_70' title='bbox 266 1025 399 1092; x_wconf 89' lang='lat' dir='ltr'><strong>tendens</strong></span> <span class='ocrx_word' id='word_1_71' title='bbox 413 1047 470 1113; x_wconf 87' lang='lat' dir='ltr'><strong>per</strong></span> <span class='ocrx_word' id='word_1_72' title='bbox 486 1023 561 1097; x_wconf 84' lang='lat' dir='ltr'><strong>boc,</strong></span> <span class='ocrx_word' id='word_1_73' title='bbox 575 1023 646 1112; x_wconf 86' lang='lat' dir='ltr'><strong>quia</strong></span> <span class='ocrx_word' id='word_1_74' title='bbox 664 1022 766 1088; x_wconf 89' lang='lat' dir='ltr'><strong>omnis</strong></span> <span class='ocrx_word' id='word_1_75' title='bbox 780 1019 882 1087; x_wconf 85' lang='lat' dir='ltr'><strong>elatus</strong></span> <span class='ocrx_word' id='word_1_76' title='bbox 899 1021 991 1086; x_wconf 85' lang='lat' dir='ltr'><strong>simili</strong></span> <span class='ocrx_word' id='word_1_77' title='bbox 1010 1033 1044 1086; x_wconf 91' lang='lat' dir='ltr'><strong>ut</strong></span> <span class='ocrx_word' id='word_1_78' title='bbox 1060 1020 1205 1088; x_wconf 87' lang='lat' dir='ltr'><strong>diabolus</strong></span> <span class='ocrx_word' id='word_1_79' title='bbox 1221 1021 1302 1108; x_wconf 85' lang='lat' dir='ltr'><strong>judi·</strong></span> 
     </span>
     <span class='ocr_line' id='line_1_9' title="bbox 268 1131 1301 1222; baseline -0.005 -20"><span class='ocrx_word' id='word_1_80' title='bbox 268 1136 318 1202; x_wconf 83' lang='lat' dir='ltr'><strong>uio</strong></span> <span class='ocrx_word' id='word_1_81' title='bbox 334 1133 610 1209; x_wconf 75' lang='lat' dir='ltr'><strong>condemnabitur.</strong></span> <span class='ocrx_word' id='word_1_82' title='bbox 629 1133 693 1202; x_wconf 86' lang='lat' dir='ltr'><strong>Nos</strong></span> <span class='ocrx_word' id='word_1_83' title='bbox 709 1155 785 1222; x_wconf 72' lang='lat' dir='ltr'><strong>ergo</strong></span> <span class='ocrx_word' id='word_1_84' title='bbox 808 1155 917 1199; x_wconf 88' lang='lat' dir='ltr'><strong>sumus</strong></span> <span class='ocrx_word' id='word_1_85' title='bbox 932 1133 986 1221; x_wconf 93' lang='lat' dir='ltr'><strong>qui</strong></span> <span class='ocrx_word' id='word_1_86' title='bbox 1009 1133 1143 1200; x_wconf 89' lang='lat' dir='ltr'><strong>transire</strong></span> <span class='ocrx_word' id='word_1_87' title='bbox 1157 1131 1301 1204; x_wconf 84' lang='lat' dir='ltr'><strong>volumus</strong></span> 
     </span>
     <span class='ocr_line' id='line_1_10' title="bbox 267 1240 1301 1334; baseline -0.004 -24"><span class='ocrx_word' id='word_1_88' title='bbox 267 1243 426 1334; x_wconf 85' lang='lat' dir='ltr'><strong>perhanc</strong></span> <span class='ocrx_word' id='word_1_89' title='bbox 441 1243 611 1318; x_wconf 88' lang='lat' dir='ltr'><strong>mundum,</strong></span> <span class='ocrx_word' id='word_1_90' title='bbox 630 1256 665 1308; x_wconf 93' lang='lat' dir='ltr'><strong>ut</strong></span> <span class='ocrx_word' id='word_1_91' title='bbox 680 1242 845 1330; x_wconf 88' lang='lat' dir='ltr'><strong>pervenire</strong></span> <span class='ocrx_word' id='word_1_92' title='bbox 861 1243 1017 1330; x_wconf 87' lang='lat' dir='ltr'><strong>possimus</strong></span> <span class='ocrx_word' id='word_1_93' title='bbox 1033 1240 1073 1307; x_wconf 88' lang='lat' dir='ltr'><strong>ad</strong></span> <span class='ocrx_word' id='word_1_94' title='bbox 1086 1251 1203 1308; x_wconf 85' lang='lat' dir='ltr'><strong>terram</strong></span> <span class='ocrx_word' id='word_1_95' title='bbox 1215 1265 1301 1306; x_wconf 86' lang='lat' dir='ltr'><strong>saur-</strong></span> 
     </span>
     <span class='ocr_line' id='line_1_11' title="bbox 267 1349 1299 1440; baseline -0.003 -22"><span class='ocrx_word' id='word_1_96' title='bbox 267 1365 345 1429; x_wconf 86' lang='lat' dir='ltr'><strong>tam,</strong></span> <span class='ocrx_word' id='word_1_97' title='bbox 362 1375 431 1440; x_wconf 82' lang='lat' dir='ltr'><strong>quae</strong></span> <span class='ocrx_word' id='word_1_98' title='bbox 443 1352 632 1440; x_wconf 86' lang='lat' dir='ltr'><strong>repromissa</strong></span> <span class='ocrx_word' id='word_1_99' title='bbox 648 1362 696 1416; x_wconf 88' lang='lat' dir='ltr'><strong>est</strong></span> <span class='ocrx_word' id='word_1_100' title='bbox 707 1350 823 1416; x_wconf 83' lang='lat' dir='ltr'><strong>sanetis</strong></span> <span class='ocrx_word' id='word_1_101' title='bbox 838 1372 846 1414; x_wconf 78' lang='grc' dir='ltr'>ι</span> <span class='ocrx_word' id='word_1_102' title='bbox 861 1361 893 1415; x_wconf 88' lang='lat' dir='ltr'><strong>et</strong></span> <span class='ocrx_word' id='word_1_103' title='bbox 905 1349 1061 1416; x_wconf 86' lang='lat' dir='ltr'><strong>mittimus</strong></span> <span class='ocrx_word' id='word_1_104' title='bbox 1074 1349 1177 1414; x_wconf 86' lang='lat' dir='ltr'><strong>verbis</strong></span> <span class='ocrx_word' id='word_1_105' title='bbox 1189 1349 1299 1438; x_wconf 89' lang='lat' dir='ltr'><strong>pacili-</strong></span> 
     </span>
     <span class='ocr_line' id='line_1_12' title="bbox 268 1458 1300 1550; baseline -0.004 -22"><span class='ocrx_word' id='word_1_106' title='bbox 268 1462 312 1528; x_wconf 86' lang='lat' dir='ltr'><strong>eis</strong></span> <span class='ocrx_word' id='word_1_107' title='bbox 324 1462 365 1531; x_wconf 81' lang='lat' dir='ltr'><strong>ad</strong></span> <span class='ocrx_word' id='word_1_108' title='bbox 377 1461 475 1537; x_wconf 73' lang='lat' dir='ltr'><strong>soon,</strong></span> <span class='ocrx_word' id='word_1_109' title='bbox 485 1460 707 1550; x_wconf 87' lang='lat' dir='ltr'><strong>promittentes</strong></span> <span class='ocrx_word' id='word_1_110' title='bbox 722 1482 787 1526; x_wconf 88' lang='lat' dir='ltr'><strong>non</strong></span> <span class='ocrx_word' id='word_1_111' title='bbox 800 1483 858 1526; x_wconf 89' lang='lat' dir='ltr'><strong>uos</strong></span> <span class='ocrx_word' id='word_1_112' title='bbox 870 1459 1067 1526; x_wconf 87' lang='lat' dir='ltr'><strong>habitaturos</strong></span> <span class='ocrx_word' id='word_1_113' title='bbox 1079 1458 1111 1524; x_wconf 92' lang='lat' dir='ltr'><strong>in</strong></span> <span class='ocrx_word' id='word_1_114' title='bbox 1122 1469 1207 1524; x_wconf 86' lang='lat' dir='ltr'><strong>terra</strong></span> <span class='ocrx_word' id='word_1_115' title='bbox 1220 1460 1300 1546; x_wconf 87' lang='lat' dir='ltr'><strong>ejus,</strong></span> 
     </span>
     <span class='ocr_line' id='line_1_13' title="bbox 268 1566 1302 1644; baseline -0.004 -8"><span class='ocrx_word' id='word_1_116' title='bbox 268 1593 327 1636; x_wconf 86' lang='lat' dir='ltr'><strong>nec</strong></span> <span class='ocrx_word' id='word_1_117' title='bbox 340 1582 517 1636; x_wconf 85' lang='lat' dir='ltr'><strong>moraturos</strong></span> <span class='ocrx_word' id='word_1_118' title='bbox 529 1591 603 1635; x_wconf 84' lang='lat' dir='ltr'><strong>cum</strong></span> <span class='ocrx_word' id='word_1_119' title='bbox 617 1592 669 1644; x_wconf 88' lang='lat' dir='ltr'><strong>eo,</strong></span> <span class='ocrx_word' id='word_1_120' title='bbox 683 1570 738 1636; x_wconf 87' lang='lat' dir='ltr'><strong>sed</strong></span> <span class='ocrx_word' id='word_1_121' title='bbox 754 1569 942 1634; x_wconf 86' lang='lat' dir='ltr'><strong>transituros</strong></span> <span class='ocrx_word' id='word_1_122' title='bbox 958 1566 1195 1641; x_wconf 88' lang='lat' dir='ltr'><strong>tantummodo,</strong></span> <span class='ocrx_word' id='word_1_123' title='bbox 1208 1581 1239 1632; x_wconf 85' lang='lat' dir='ltr'><strong>et</strong></span> <span class='ocrx_word' id='word_1_124' title='bbox 1254 1568 1302 1634; x_wconf 87' lang='lat' dir='ltr'><strong>in-</strong></span> 
     </span>
     <span class='ocr_line' id='line_1_14' title="bbox 268 1676 1303 1766; baseline -0.005 -19"><span class='ocrx_word' id='word_1_125' title='bbox 268 1701 411 1747; x_wconf 86' lang='lat' dir='ltr'><strong>uessuros</strong></span> <span class='ocrx_word' id='word_1_126' title='bbox 436 1679 482 1742; x_wconf 82' lang='lat' dir='ltr'><strong>via</strong></span> <span class='ocrx_word' id='word_1_127' title='bbox 510 1676 620 1766; x_wconf 73' lang='lat' dir='ltr'><strong>regali,</strong></span> <span class='ocrx_word' id='word_1_128' title='bbox 643 1701 703 1744; x_wconf 86' lang='lat' dir='ltr'><strong>nee</strong></span> <span class='ocrx_word' id='word_1_129' title='bbox 728 1677 942 1762; x_wconf 73' lang='lat' dir='ltr'><strong>deelinaturos</strong></span> <span class='ocrx_word' id='word_1_130' title='bbox 973 1699 1118 1764; x_wconf 84' lang='lat' dir='ltr'><strong>usquam,</strong></span> <span class='ocrx_word' id='word_1_131' title='bbox 1143 1677 1303 1763; x_wconf 80' lang='lat' dir='ltr'><strong>usquein</strong></span> 
     </span>
     <span class='ocr_line' id='line_1_15' title="bbox 268 1785 1306 1878; baseline -0.002 -26"><span class='ocrx_word' id='word_1_132' title='bbox 268 1811 378 1878; x_wconf 74' lang='lat' dir='ltr'><strong>agrum</strong></span> <span class='ocrx_word' id='word_1_133' title='bbox 396 1809 497 1876; x_wconf 86' lang='lat' dir='ltr'><strong>neque</strong></span> <span class='ocrx_word' id='word_1_134' title='bbox 514 1787 545 1852; x_wconf 89' lang='lat' dir='ltr'><strong>in</strong></span> <span class='ocrx_word' id='word_1_135' title='bbox 566 1788 704 1864; x_wconf 85' lang='lat' dir='ltr'><strong>vineam,</strong></span> <span class='ocrx_word' id='word_1_136' title='bbox 716 1787 773 1852; x_wconf 90' lang='lat' dir='ltr'><strong>sed</strong></span> <span class='ocrx_word' id='word_1_137' title='bbox 788 1810 848 1854; x_wconf 87' lang='lat' dir='ltr'><strong>nae</strong></span> <span class='ocrx_word' id='word_1_138' title='bbox 865 1787 903 1853; x_wconf 90' lang='lat' dir='ltr'><strong>de</strong></span> <span class='ocrx_word' id='word_1_139' title='bbox 918 1785 994 1870; x_wconf 80' lang='lat' dir='ltr'><strong>laeu</strong></span> <span class='ocrx_word' id='word_1_140' title='bbox 1009 1788 1079 1875; x_wconf 88' lang='lat' dir='ltr'><strong>ejus</strong></span> <span class='ocrx_word' id='word_1_141' title='bbox 1095 1809 1205 1874; x_wconf 84' lang='lat' dir='ltr'><strong>uquam</strong></span> <span class='ocrx_word' id='word_1_142' title='bbox 1220 1786 1306 1850; x_wconf 89' lang='lat' dir='ltr'><strong>bibi-</strong></span> 
     </span>
     <span class='ocr_line' id='line_1_16' title="bbox 268 1893 1303 1985; baseline 0.003 -27"><span class='ocrx_word' id='word_1_143' title='bbox 268 1910 366 1960; x_wconf 88' lang='lat' dir='ltr'><strong>turos.</strong></span> <span class='ocrx_word' id='word_1_144' title='bbox 381 1893 553 1962; x_wconf 82' lang='lat' dir='ltr'><strong>Videamus</strong></span> <span class='ocrx_word' id='word_1_145' title='bbox 568 1918 643 1984; x_wconf 80' lang='lat' dir='ltr'><strong>ergo</strong></span> <span class='ocrx_word' id='word_1_146' title='bbox 657 1895 786 1985; x_wconf 87' lang='lat' dir='ltr'><strong>quando</strong></span> <span class='ocrx_word' id='word_1_147' title='bbox 797 1919 855 1962; x_wconf 85' lang='lat' dir='ltr'><strong>nos</strong></span> <span class='ocrx_word' id='word_1_148' title='bbox 870 1897 928 1964; x_wconf 87' lang='lat' dir='ltr'><strong>ista</strong></span> <span class='ocrx_word' id='word_1_149' title='bbox 944 1895 1156 1984; x_wconf 83' lang='lat' dir='ltr'><strong>promisimus,</strong></span> <span class='ocrx_word' id='word_1_150' title='bbox 1169 1893 1303 1982; x_wconf 87' lang='lat' dir='ltr'><strong>quando</strong></span> 
     </span>
     <span class='ocr_line' id='line_1_17' title="bbox 267 2001 1306 2094; baseline -0.002 -24"><span class='ocrx_word' id='word_1_151' title='bbox 267 2003 336 2070; x_wconf 83' lang='lat' dir='ltr'><strong>haec</strong></span> <span class='ocrx_word' id='word_1_152' title='bbox 346 2004 440 2094; x_wconf 84' lang='lat' dir='ltr'><strong>verbe</strong></span> <span class='ocrx_word' id='word_1_153' title='bbox 452 2001 578 2070; x_wconf 86' lang='lat' dir='ltr'><strong>diabolo</strong></span> <span class='ocrx_word' id='word_1_154' title='bbox 592 2003 858 2070; x_wconf 83' lang='lat' dir='ltr'><strong>denuntiavimus.</strong></span> <span class='ocrx_word' id='word_1_155' title='bbox 877 2003 1074 2070; x_wconf 80' lang='lat' dir='ltr'><strong>Recordetur</strong></span> <span class='ocrx_word' id='word_1_156' title='bbox 1087 2002 1306 2091; x_wconf 86' lang='lat' dir='ltr'><strong>unusquisque</strong></span> 
     </span>
     <span class='ocr_line' id='line_1_18' title="bbox 267 2109 1309 2200; baseline 0.002 -26"><span class='ocrx_word' id='word_1_157' title='bbox 267 2109 422 2185; x_wconf 90' lang='lat' dir='ltr'><strong>lidelium,</strong></span> <span class='ocrx_word' id='word_1_158' title='bbox 436 2133 511 2176; x_wconf 86' lang='lat' dir='ltr'><strong>eum</strong></span> <span class='ocrx_word' id='word_1_159' title='bbox 525 2111 665 2199; x_wconf 92' lang='lat' dir='ltr'><strong>primum</strong></span> <span class='ocrx_word' id='word_1_160' title='bbox 677 2112 763 2178; x_wconf 75' lang='lat' dir='ltr'><strong>uenit</strong></span> <span class='ocrx_word' id='word_1_161' title='bbox 774 2111 815 2176; x_wconf 85' lang='lat' dir='ltr'><strong>ad</strong></span> <span class='ocrx_word' id='word_1_162' title='bbox 827 2135 923 2199; x_wconf 84' lang='lat' dir='ltr'><strong>aquas</strong></span> <span class='ocrx_word' id='word_1_163' title='bbox 935 2113 1096 2200; x_wconf 84' lang='lat' dir='ltr'><strong>baptismi,</strong></span> <span class='ocrx_word' id='word_1_164' title='bbox 1111 2135 1185 2178; x_wconf 84' lang='lat' dir='ltr'><strong>eum</strong></span> <span class='ocrx_word' id='word_1_165' title='bbox 1200 2112 1309 2199; x_wconf 82' lang='lat' dir='ltr'><strong>signa·</strong></span> 
     </span>
     <span class='ocr_line' id='line_1_19' title="bbox 267 2215 1308 2306; baseline 0.001 -23"><span class='ocrx_word' id='word_1_166' title='bbox 267 2215 338 2283; x_wconf 85' lang='lat' dir='ltr'><strong>culn</strong></span> <span class='ocrx_word' id='word_1_167' title='bbox 360 2216 435 2282; x_wconf 87' lang='lat' dir='ltr'><strong>fidei</strong></span> <span class='ocrx_word' id='word_1_168' title='bbox 457 2217 559 2304; x_wconf 91' lang='lat' dir='ltr'><strong>prima</strong></span> <span class='ocrx_word' id='word_1_169' title='bbox 575 2218 726 2306; x_wconf 83' lang='lat' dir='ltr'><strong>suscepit,</strong></span> <span class='ocrx_word' id='word_1_170' title='bbox 742 2231 775 2283; x_wconf 88' lang='lat' dir='ltr'><strong>et</strong></span> <span class='ocrx_word' id='word_1_171' title='bbox 793 2218 834 2283; x_wconf 89' lang='lat' dir='ltr'><strong>ad</strong></span> <span class='ocrx_word' id='word_1_172' title='bbox 850 2219 970 2284; x_wconf 87' lang='lat' dir='ltr'><strong>fontem</strong></span> <span class='ocrx_word' id='word_1_173' title='bbox 994 2216 1138 2286; x_wconf 86' lang='lat' dir='ltr'><strong>salutaris</strong></span> <span class='ocrx_word' id='word_1_174' title='bbox 1154 2221 1308 2296; x_wconf 72' lang='lat' dir='ltr'><strong>accessit.</strong></span> 
     </span>
     <span class='ocr_line' id='line_1_20' title="bbox 266 2327 1311 2417; baseline 0.003 -26"><span class='ocrx_word' id='word_1_175' title='bbox 266 2327 382 2416; x_wconf 82' lang='lat' dir='ltr'><strong>quibus</strong></span> <span class='ocrx_word' id='word_1_176' title='bbox 397 2327 440 2392; x_wconf 92' lang='lat' dir='ltr'><strong>ibi</strong></span> <span class='ocrx_word' id='word_1_177' title='bbox 460 2337 536 2393; x_wconf 86' lang='lat' dir='ltr'><strong>tune</strong></span> <span class='ocrx_word' id='word_1_178' title='bbox 558 2350 631 2392; x_wconf 86' lang='lat' dir='ltr'><strong>usus</strong></span> <span class='ocrx_word' id='word_1_179' title='bbox 650 2329 689 2392; x_wconf 87' lang='lat' dir='ltr'><strong>ait</strong></span> <span class='ocrx_word' id='word_1_180' title='bbox 712 2329 824 2400; x_wconf 88' lang='lat' dir='ltr'><strong>verbis,</strong></span> <span class='ocrx_word' id='word_1_181' title='bbox 842 2339 874 2394; x_wconf 87' lang='lat' dir='ltr'><strong>et</strong></span> <span class='ocrx_word' id='word_1_182' title='bbox 892 2329 968 2417; x_wconf 89' lang='lat' dir='ltr'><strong>quid</strong></span> <span class='ocrx_word' id='word_1_183' title='bbox 984 2330 1211 2396; x_wconf 84' lang='lat' dir='ltr'><strong>renuntiaverit</strong></span> <span class='ocrx_word' id='word_1_184' title='bbox 1232 2330 1311 2412; x_wconf 61' lang='lat' dir='ltr'><strong>din»</strong></span> 
     </span>
     <span class='ocr_line' id='line_1_21' title="bbox 267 2433 1314 2526; baseline 0.005 -26"><span class='ocrx_word' id='word_1_185' title='bbox 267 2433 341 2500; x_wconf 91' lang='lat' dir='ltr'><strong>bolo</strong></span> <span class='ocrx_word' id='word_1_186' title='bbox 354 2457 361 2497; x_wconf 93' lang='lat'><strong>:</strong></span> <span class='ocrx_word' id='word_1_187' title='bbox 377 2459 441 2501; x_wconf 90' lang='lat' dir='ltr'><strong>non</strong></span> <span class='ocrx_word' id='word_1_188' title='bbox 454 2457 487 2500; x_wconf 92' lang='lat' dir='ltr'><strong>se</strong></span> <span class='ocrx_word' id='word_1_189' title='bbox 501 2459 630 2506; x_wconf 90' lang='lat' dir='ltr'><strong>usurum</strong></span> <span class='ocrx_word' id='word_1_190' title='bbox 642 2435 766 2526; x_wconf 87' lang='lat' dir='ltr'><strong>pompis</strong></span> <span class='ocrx_word' id='word_1_191' title='bbox 778 2437 860 2524; x_wconf 88' lang='lat' dir='ltr'><strong>ejus,</strong></span> <span class='ocrx_word' id='word_1_192' title='bbox 876 2461 978 2524; x_wconf 89' lang='lat' dir='ltr'><strong>neque</strong></span> <span class='ocrx_word' id='word_1_193' title='bbox 989 2438 1138 2526; x_wconf 90' lang='lat' dir='ltr'><strong>operibus</strong></span> <span class='ocrx_word' id='word_1_194' title='bbox 1151 2439 1234 2526; x_wconf 87' lang='lat' dir='ltr'><strong>ejus,</strong></span> <span class='ocrx_word' id='word_1_195' title='bbox 1249 2463 1314 2505; x_wconf 87' lang='lat' dir='ltr'><strong>ne·</strong></span> 
     </span>
     <span class='ocr_line' id='line_1_22' title="bbox 268 2540 1311 2634; baseline 0.008 -28"><span class='ocrx_word' id='word_1_196' title='bbox 268 2565 330 2630; x_wconf 88' lang='lat' dir='ltr'><strong>que</strong></span> <span class='ocrx_word' id='word_1_197' title='bbox 351 2540 422 2607; x_wconf 88' lang='lat' dir='ltr'><strong>ullis</strong></span> <span class='ocrx_word' id='word_1_198' title='bbox 444 2543 574 2610; x_wconf 89' lang='lat' dir='ltr'><strong>omnino</strong></span> <span class='ocrx_word' id='word_1_199' title='bbox 589 2543 721 2608; x_wconf 81' lang='lat' dir='ltr'><strong>servitiis</strong></span> <span class='ocrx_word' id='word_1_200' title='bbox 737 2544 806 2630; x_wconf 89' lang='lat' dir='ltr'><strong>ejus</strong></span> <span class='ocrx_word' id='word_1_201' title='bbox 822 2566 860 2608; x_wconf 88' lang='lat' dir='ltr'><strong>ac</strong></span> <span class='ocrx_word' id='word_1_202' title='bbox 876 2543 1089 2632; x_wconf 83' lang='lat' dir='ltr'><strong>voluptatibus</strong></span> <span class='ocrx_word' id='word_1_203' title='bbox 1112 2547 1311 2634; x_wconf 90' lang='lat' dir='ltr'><strong>pariturum.</strong></span> 
     </span>
     <span class='ocr_line' id='line_1_23' title="bbox 267 2651 1316 2742; baseline 0.009 -26"><span class='ocrx_word' id='word_1_204' title='bbox 267 2654 307 2717; x_wconf 87' lang='lat' dir='ltr'><strong>Et</strong></span> <span class='ocrx_word' id='word_1_205' title='bbox 318 2652 381 2719; x_wconf 88' lang='lat' dir='ltr'><strong>hoe</strong></span> <span class='ocrx_word' id='word_1_206' title='bbox 392 2663 439 2718; x_wconf 89' lang='lat' dir='ltr'><strong>est</strong></span> <span class='ocrx_word' id='word_1_207' title='bbox 451 2653 538 2739; x_wconf 91' lang='lat' dir='ltr'><strong>quod</strong></span> <span class='ocrx_word' id='word_1_208' title='bbox 549 2652 596 2718; x_wconf 90' lang='lat' dir='ltr'><strong>bis</strong></span> <span class='ocrx_word' id='word_1_209' title='bbox 606 2652 697 2742; x_wconf 80' lang='lat' dir='ltr'><strong>Legis</strong></span> <span class='ocrx_word' id='word_1_210' title='bbox 710 2651 909 2719; x_wconf 87' lang='lat' dir='ltr'><strong>sermonibus</strong></span> <span class='ocrx_word' id='word_1_211' title='bbox 919 2653 1140 2729; x_wconf 85' lang='lat' dir='ltr'><strong>adumbratur,</strong></span> <span class='ocrx_word' id='word_1_212' title='bbox 1151 2656 1224 2742; x_wconf 84' lang='lat' dir='ltr'><strong>quia</strong></span> <span class='ocrx_word' id='word_1_213' title='bbox 1239 2681 1316 2724; x_wconf 89' lang='lat' dir='ltr'><strong>non</strong></span> 
     </span>
     <span class='ocr_line' id='line_1_24' title="bbox 267 2760 1315 2855; baseline 0.004 -27"><span class='ocrx_word' id='word_1_214' title='bbox 267 2761 403 2829; x_wconf 83' lang='lat' dir='ltr'><strong>declinet</strong></span> <span class='ocrx_word' id='word_1_215' title='bbox 416 2760 525 2839; x_wconf 79' lang='lat' dir='ltr'><strong>lsrael,</strong></span> <span class='ocrx_word' id='word_1_216' title='bbox 538 2785 641 2851; x_wconf 84' lang='lat' dir='ltr'><strong>neque</strong></span> <span class='ocrx_word' id='word_1_217' title='bbox 652 2763 686 2828; x_wconf 91' lang='lat' dir='ltr'><strong>in</strong></span> <span class='ocrx_word' id='word_1_218' title='bbox 699 2785 809 2852; x_wconf 84' lang='lat' dir='ltr'><strong>agrum</strong></span> <span class='ocrx_word' id='word_1_219' title='bbox 824 2764 907 2850; x_wconf 88' lang='lat' dir='ltr'><strong>ejus,</strong></span> <span class='ocrx_word' id='word_1_220' title='bbox 921 2786 1025 2854; x_wconf 86' lang='lat' dir='ltr'><strong>neque</strong></span> <span class='ocrx_word' id='word_1_221' title='bbox 1037 2765 1070 2829; x_wconf 92' lang='lat' dir='ltr'><strong>iu</strong></span> <span class='ocrx_word' id='word_1_222' title='bbox 1084 2765 1206 2830; x_wconf 86' lang='lat' dir='ltr'><strong>vineam</strong></span> <span class='ocrx_word' id='word_1_223' title='bbox 1220 2767 1315 2855; x_wconf 89' lang='lat' dir='ltr'><strong>ejus.</strong></span> 
     </span>
     <span class='ocr_line' id='line_1_25' title="bbox 269 2869 1318 2962; baseline 0.006 -26"><span class='ocrx_word' id='word_1_224' title='bbox 269 2869 333 2936; x_wconf 91' lang='lat' dir='ltr'><strong>Sed</strong></span> <span class='ocrx_word' id='word_1_225' title='bbox 346 2894 448 2961; x_wconf 88' lang='lat' dir='ltr'><strong>neque</strong></span> <span class='ocrx_word' id='word_1_226' title='bbox 461 2895 574 2958; x_wconf 85' lang='lat' dir='ltr'><strong>uquam</strong></span> <span class='ocrx_word' id='word_1_227' title='bbox 589 2871 627 2937; x_wconf 90' lang='lat' dir='ltr'><strong>de</strong></span> <span class='ocrx_word' id='word_1_228' title='bbox 640 2869 711 2938; x_wconf 86' lang='lat' dir='ltr'><strong>lacu</strong></span> <span class='ocrx_word' id='word_1_229' title='bbox 724 2872 792 2959; x_wconf 88' lang='lat' dir='ltr'><strong>ejus</strong></span> <span class='ocrx_word' id='word_1_230' title='bbox 803 2870 1012 2962; x_wconf 86' lang='lat' dir='ltr'><strong>polliceturse</strong></span> <span class='ocrx_word' id='word_1_231' title='bbox 1024 2897 1092 2943; x_wconf 84' lang='lat' dir='ltr'><strong>esse</strong></span> <span class='ocrx_word' id='word_1_232' title='bbox 1104 2886 1318 2962; x_wconf 85' lang='lat' dir='ltr'><strong>potaturum.</strong></span> 
     </span>
     <span class='ocr_line' id='line_1_26' title="bbox 268 2978 1325 3074; baseline 0.007 -29"><span class='ocrx_word' id='word_1_233' title='bbox 268 2979 339 3045; x_wconf 91' lang='lat' dir='ltr'><strong>Non</strong></span> <span class='ocrx_word' id='word_1_234' title='bbox 359 2980 444 3044; x_wconf 87' lang='lat' dir='ltr'><strong>enim</strong></span> <span class='ocrx_word' id='word_1_235' title='bbox 467 2978 546 3045; x_wconf 89' lang='lat' dir='ltr'><strong>ultra</strong></span> <span class='ocrx_word' id='word_1_236' title='bbox 565 2979 737 3069; x_wconf 69' lang='lat' dir='ltr'><strong>disciplinas</strong></span> <span class='ocrx_word' id='word_1_237' title='bbox 754 2978 929 3056; x_wconf 81' lang='lat' dir='ltr'><strong>diabolioae,</strong></span> <span class='ocrx_word' id='word_1_238' title='bbox 947 3005 1011 3047; x_wconf 91' lang='lat' dir='ltr'><strong>non</strong></span> <span class='ocrx_word' id='word_1_239' title='bbox 1033 2982 1222 3074; x_wconf 34' lang='lat' dir='ltr'><strong>astrologiae..</strong></span> <span class='ocrx_word' id='word_1_240' title='bbox 1243 3009 1325 3052; x_wconf 78' lang='lat' dir='ltr'><strong>nost</strong></span> 
     </span>
     <span class='ocr_line' id='line_1_27' title="bbox 269 3086 1325 3182; baseline 0.01 -31"><span class='ocrx_word' id='word_1_241' title='bbox 269 3087 410 3176; x_wconf 80' lang='lat' dir='ltr'><strong>magicae,</strong></span> <span class='ocrx_word' id='word_1_242' title='bbox 421 3111 485 3153; x_wconf 90' lang='lat' dir='ltr'><strong>non</strong></span> <span class='ocrx_word' id='word_1_243' title='bbox 502 3086 596 3154; x_wconf 88' lang='lat' dir='ltr'><strong>ullius</strong></span> <span class='ocrx_word' id='word_1_244' title='bbox 612 3088 744 3154; x_wconf 90' lang='lat' dir='ltr'><strong>omnino</strong></span> <span class='ocrx_word' id='word_1_245' title='bbox 759 3088 912 3156; x_wconf 82' lang='lat' dir='ltr'><strong>doctrinae</strong></span> <span class='ocrx_word' id='word_1_246' title='bbox 929 3114 998 3177; x_wconf 83' lang='lat' dir='ltr'><strong>quae</strong></span> <span class='ocrx_word' id='word_1_247' title='bbox 1011 3102 1120 3156; x_wconf 84' lang='lat' dir='ltr'><strong>contra</strong></span> <span class='ocrx_word' id='word_1_248' title='bbox 1134 3092 1193 3158; x_wconf 84' lang='lat' dir='ltr'><strong>llei</strong></span> <span class='ocrx_word' id='word_1_249' title='bbox 1204 3093 1325 3182; x_wconf 73' lang='lat' dir='ltr'><strong>piete-</strong></span> 
     </span>
     <span class='ocr_line' id='line_1_28' title="bbox 269 3197 1330 3286; baseline 0.009 -24"><span class='ocrx_word' id='word_1_250' title='bbox 269 3210 332 3262; x_wconf 91' lang='lat' dir='ltr'><strong>tem</strong></span> <span class='ocrx_word' id='word_1_251' title='bbox 346 3197 463 3286; x_wconf 88' lang='lat' dir='ltr'><strong>aliquid</strong></span> <span class='ocrx_word' id='word_1_252' title='bbox 477 3198 601 3272; x_wconf 87' lang='lat' dir='ltr'><strong>doceat,</strong></span> <span class='ocrx_word' id='word_1_253' title='bbox 611 3197 765 3286; x_wconf 77' lang='lat' dir='ltr'><strong>poculum</strong></span> <span class='ocrx_word' id='word_1_254' title='bbox 777 3213 881 3266; x_wconf 88' lang='lat' dir='ltr'><strong>sumet</strong></span> <span class='ocrx_word' id='word_1_255' title='bbox 893 3199 1004 3266; x_wconf 86' lang='lat' dir='ltr'><strong>fidelis.</strong></span> <span class='ocrx_word' id='word_1_256' title='bbox 1017 3201 1119 3283; x_wconf 85' lang='lat' dir='ltr'><strong>Habet</strong></span> <span class='ocrx_word' id='word_1_257' title='bbox 1129 3202 1217 3266; x_wconf 89' lang='lat' dir='ltr'><strong>enim</strong></span> <span class='ocrx_word' id='word_1_258' title='bbox 1231 3227 1330 3272; x_wconf 87' lang='lat' dir='ltr'><strong>suos</strong></span> 
     </span>
     <span class='ocr_line' id='line_1_29' title="bbox 268 3303 1328 3382; baseline 0.013 -14"><span class='ocrx_word' id='word_1_259' title='bbox 268 3303 383 3380; x_wconf 86' lang='lat' dir='ltr'><strong>lentes,</strong></span> <span class='ocrx_word' id='word_1_260' title='bbox 393 3318 425 3370; x_wconf 88' lang='lat' dir='ltr'><strong>et</strong></span> <span class='ocrx_word' id='word_1_261' title='bbox 437 3306 519 3370; x_wconf 87' lang='lat' dir='ltr'><strong>bibit</strong></span> <span class='ocrx_word' id='word_1_262' title='bbox 530 3307 570 3371; x_wconf 94' lang='lat' dir='ltr'><strong>de</strong></span> <span class='ocrx_word' id='word_1_263' title='bbox 582 3305 723 3374; x_wconf 90' lang='lat' dir='ltr'><strong>lontibus</strong></span> <span class='ocrx_word' id='word_1_264' title='bbox 733 3306 841 3382; x_wconf 81' lang='lat' dir='ltr'><strong>lsrael,</strong></span> <span class='ocrx_word' id='word_1_265' title='bbox 852 3308 931 3373; x_wconf 88' lang='lat' dir='ltr'><strong>bibit</strong></span> <span class='ocrx_word' id='word_1_266' title='bbox 940 3308 979 3374; x_wconf 86' lang='lat' dir='ltr'><strong>de</strong></span> <span class='ocrx_word' id='word_1_267' title='bbox 988 3309 1127 3375; x_wconf 87' lang='lat' dir='ltr'><strong>lontibus</strong></span> <span class='ocrx_word' id='word_1_268' title='bbox 1136 3309 1304 3381; x_wconf 84' lang='lat' dir='ltr'><strong>salutaris</strong></span> <span class='ocrx_word' id='word_1_269' title='bbox 1318 3341 1328 3382; x_wconf 90' lang='lat'><strong>:</strong></span> 
     </span>
     <span class='ocr_line' id='line_1_30' title="bbox 269 3414 1331 3514; baseline 0.012 -35"><span class='ocrx_word' id='word_1_270' title='bbox 269 3437 332 3479; x_wconf 90' lang='lat' dir='ltr'><strong>non</strong></span> <span class='ocrx_word' id='word_1_271' title='bbox 346 3415 427 3480; x_wconf 88' lang='lat' dir='ltr'><strong>bibit</strong></span> <span class='ocrx_word' id='word_1_272' title='bbox 439 3437 553 3504; x_wconf 84' lang='lat' dir='ltr'><strong>aquom</strong></span> <span class='ocrx_word' id='word_1_273' title='bbox 567 3414 606 3480; x_wconf 87' lang='lat' dir='ltr'><strong>de</strong></span> <span class='ocrx_word' id='word_1_274' title='bbox 617 3415 687 3482; x_wconf 85' lang='lat' dir='ltr'><strong>laen</strong></span> <span class='ocrx_word' id='word_1_275' title='bbox 701 3417 798 3490; x_wconf 88' lang='lat' dir='ltr'><strong>Seon,</strong></span> <span class='ocrx_word' id='word_1_276' title='bbox 813 3439 873 3482; x_wconf 83' lang='lat' dir='ltr'><strong>neo</strong></span> <span class='ocrx_word' id='word_1_277' title='bbox 885 3415 1065 3508; x_wconf 87' lang='lat' dir='ltr'><strong>relinquens</strong></span> <span class='ocrx_word' id='word_1_278' title='bbox 1078 3419 1200 3487; x_wconf 88' lang='lat' dir='ltr'><strong>sontem</strong></span> <span class='ocrx_word' id='word_1_279' title='bbox 1211 3447 1331 3514; x_wconf 82' lang='lat' dir='ltr'><strong>aquae</strong></span> 
     </span>
     <span class='ocr_line' id='line_1_31' title="bbox 268 3524 1334 3618; baseline 0.011 -30"><span class='ocrx_word' id='word_1_280' title='bbox 268 3524 345 3590; x_wconf 78' lang='lat' dir='ltr'><strong>virae</strong></span> <span class='ocrx_word' id='word_1_281' title='bbox 362 3538 531 3618; x_wconf 73' lang='lat' dir='ltr'><strong>congregat</strong></span> <span class='ocrx_word' id='word_1_282' title='bbox 548 3527 606 3592; x_wconf 91' lang='lat' dir='ltr'><strong>sibi</strong></span> <span class='ocrx_word' id='word_1_283' title='bbox 626 3524 713 3592; x_wconf 85' lang='lat' dir='ltr'><strong>loeus</strong></span> <span class='ocrx_word' id='word_1_284' title='bbox 733 3524 922 3591; x_wconf 73' lang='lat' dir='ltr'><strong>confractos.</strong></span> <span class='ocrx_word' id='word_1_285' title='bbox 942 3525 1052 3592; x_wconf 88' lang='lat' dir='ltr'><strong>Sedet</strong></span> <span class='ocrx_word' id='word_1_286' title='bbox 1074 3529 1121 3592; x_wconf 89' lang='lat' dir='ltr'><strong>via</strong></span> <span class='ocrx_word' id='word_1_287' title='bbox 1138 3529 1245 3618; x_wconf 80' lang='lat' dir='ltr'><strong>reguli</strong></span> <span class='ocrx_word' id='word_1_288' title='bbox 1269 3536 1334 3600; x_wconf 88' lang='lat' dir='ltr'><strong>in-</strong></span> 
     </span>
     <span class='ocr_line' id='line_1_32' title="bbox 268 3633 1338 3730; baseline 0.007 -30"><span class='ocrx_word' id='word_1_289' title='bbox 268 3655 432 3702; x_wconf 77' lang='lat' dir='ltr'><strong>cessurum</strong></span> <span class='ocrx_word' id='word_1_290' title='bbox 444 3659 477 3701; x_wconf 89' lang='lat' dir='ltr'><strong>se</strong></span> <span class='ocrx_word' id='word_1_291' title='bbox 488 3635 666 3730; x_wconf 78' lang='lat' dir='ltr'><strong>profitetur.</strong></span> <span class='ocrx_word' id='word_1_292' title='bbox 683 3633 763 3714; x_wconf 78' lang='lat' dir='ltr'><strong>Qum</strong></span> <span class='ocrx_word' id='word_1_293' title='bbox 775 3647 822 3702; x_wconf 90' lang='lat' dir='ltr'><strong>est</strong></span> <span class='ocrx_word' id='word_1_294' title='bbox 838 3637 886 3702; x_wconf 84' lang='lat' dir='ltr'><strong>via</strong></span> <span class='ocrx_word' id='word_1_295' title='bbox 903 3634 1012 3725; x_wconf 81' lang='lat' dir='ltr'><strong>regulis</strong></span> <span class='ocrx_word' id='word_1_296' title='bbox 1024 3637 1038 3700; x_wconf 84' lang='lat' dir='ltr'><strong>l</strong></span> <span class='ocrx_word' id='word_1_297' title='bbox 1049 3636 1104 3704; x_wconf 84' lang='lat' dir='ltr'><strong>llla</strong></span> <span class='ocrx_word' id='word_1_298' title='bbox 1120 3639 1188 3704; x_wconf 87' lang='lat' dir='ltr'><strong>siue</strong></span> <span class='ocrx_word' id='word_1_299' title='bbox 1204 3640 1338 3712; x_wconf 83' lang='lat' dir='ltr'><strong>dubio</strong></span> 
     </span>
     <span class='ocr_line' id='line_1_33' title="bbox 267 3743 1343 3848; baseline 0.013 -40"><span class='ocrx_word' id='word_1_300' title='bbox 267 3768 336 3832; x_wconf 68' lang='lat' dir='ltr'><strong>quse</strong></span> <span class='ocrx_word' id='word_1_301' title='bbox 353 3745 449 3811; x_wconf 82' lang='lat' dir='ltr'><strong>dicit:</strong></span> <span class='ocrx_word' id='word_1_302' title='bbox 472 3747 561 3838; x_wconf 78' lang='lat' dir='ltr'><strong>«Ego</strong></span> <span class='ocrx_word' id='word_1_303' title='bbox 578 3768 648 3848; x_wconf 80' lang='lat' dir='ltr'><strong>sum</strong></span> <span class='ocrx_word' id='word_1_304' title='bbox 664 3743 725 3818; x_wconf 84' lang='lat' dir='ltr'><strong>via,</strong></span> <span class='ocrx_word' id='word_1_305' title='bbox 741 3746 866 3819; x_wconf 83' lang='lat' dir='ltr'><strong>veritas,</strong></span> <span class='ocrx_word' id='word_1_306' title='bbox 879 3757 910 3810; x_wconf 88' lang='lat' dir='ltr'><strong>et</strong></span> <span class='ocrx_word' id='word_1_307' title='bbox 927 3746 1017 3812; x_wconf 82' lang='lat' dir='ltr'><strong>vita⁸.</strong></span> <span class='ocrx_word' id='word_1_308' title='bbox 1038 3777 1050 3809; x_wconf 73' lang='lat' dir='ltr'><strong>a</strong></span> <span class='ocrx_word' id='word_1_309' title='bbox 1068 3749 1107 3814; x_wconf 84' lang='lat' dir='ltr'><strong>Et</strong></span> <span class='ocrx_word' id='word_1_310' title='bbox 1123 3749 1254 3819; x_wconf 87' lang='lat' dir='ltr'><strong>merito</strong></span> <span class='ocrx_word' id='word_1_311' title='bbox 1274 3779 1343 3822; x_wconf 85' lang='lat' dir='ltr'><strong>re-</strong></span> 
     </span>
    </p>
   </div>
   <div class='ocr_carea' id='block_1_3' title="bbox 300 3869 1012 3944">
    <p class='ocr_par' dir='ltr' id='par_1_3' title="bbox 300 3869 1012 3944">
     <span class='ocr_line' id='line_1_34' title="bbox 300 3869 1012 3944; baseline 0.006 -26"><span class='ocrx_word' id='word_1_312' title='bbox 300 3871 432 3919; x_wconf 75' lang='lat' dir='ltr'><strong>¹r&#39;l&#39;brss.</strong></span> <span class='ocrx_word' id='word_1_313' title='bbox 448 3889 475 3927; x_wconf 88' lang='grc' dir='ltr'><strong>ιι,</strong></span> <span class='ocrx_word' id='word_1_314' title='bbox 486 3869 593 3944; x_wconf 26' lang='lat' dir='ltr'><strong>‹le-²³1</strong></span> <span class='ocrx_word' id='word_1_315' title='bbox 607 3871 675 3919; x_wconf 80' lang='lat' dir='ltr'><strong>Tim.</strong></span> <span class='ocrx_word' id='word_1_316' title='bbox 690 3889 727 3932; x_wconf 79' lang='lat' dir='ltr'><strong>ns,</strong></span> <span class='ocrx_word' id='word_1_317' title='bbox 740 3871 764 3919; x_wconf 81' lang='grc'><strong>6.</strong></span> <span class='ocrx_word' id='word_1_318' title='bbox 777 3899 807 3912; x_wconf 89' lang='lat'><em>-</em></span> <span class='ocrx_word' id='word_1_319' title='bbox 819 3871 827 3904; x_wconf 80' lang='lat'>⁵</span> <span class='ocrx_word' id='word_1_320' title='bbox 839 3874 912 3922; x_wconf 81' lang='lat' dir='ltr'><strong>Joau.</strong></span> <span class='ocrx_word' id='word_1_321' title='bbox 925 3889 976 3933; x_wconf 76' lang='lat' dir='ltr'><strong>xrs,</strong></span> <span class='ocrx_word' id='word_1_322' title='bbox 989 3875 1012 3922; x_wconf 86' lang='grc'><strong>6.</strong></span> 
     </span>
    </p>
   </div>
   <div class='ocr_carea' id='block_1_4' title="bbox 0 0 1392 4616">
    <p class='ocr_par' dir='ltr' id='par_1_4' title="bbox 0 0 1392 4616">
     <span class='ocr_line' id='line_1_35' title="bbox 0 0 1392 4616; baseline 0 0"><span class='ocrx_word' id='word_1_323' title='bbox 0 0 1392 4616; x_wconf 95' lang='lat' dir='ltr'><strong> </strong></span> 
     </span>
    </p>
   </div>
  </div>
 </body>
</html>
