2776 4616
263 273 326 350 [002
708 297 852 341 onrcsnrs
915 263 917 268 ⁵

263 433 332 498 quse
353 412 394 478 sit
414 413 511 479 asine.
530 413 583 480 Sic
605 415 691 480 enim
711 427 743 480 et
763 415 795 480 in
819 413 990 503 Evangelio
1012 413 1167 506 intelliges
1189 413 1301 480 Jesum

263 519 442 586 mittentem
454 521 629 612 'discipulos
645 545 719 588 suos
743 523 784 589 ed
799 524 920 590 esinsm
939 545 1010 611 quse
1026 523 1150 615 alligate
1169 536 1253 599 erut,
1268 535 1302 588 ct

262 632 303 696 ud
317 628 439 720 pullum
455 633 525 720 ejus
547 655 556 697 ε
579 645 614 697 ut
629 629 775 722 discipuli
798 655 870 698 eom
892 632 1014 700 solvent
1029 647 1063 700 et
1077 636 1251 712 adducunt,
1267 647 1302 700 ut

261 739 327 828 ipse
343 741 449 807 sedeat
464 765 560 831 super
575 763 658 807 eam·
672 741 713 806 Et
726 741 807 807 sorte
823 740 892 806 haec
908 743 1008 818 esino,
1022 743 1055 808 id
1068 755 1129 819 est,
1142 741 1300 819 Ecclesia,

253 849 347 938 prius
361 853 508 939 portebut
523 849 665 928 Balaam,
684 853 771 918 nunc
786 863 893 918 eutem
911 851 1088 928 Christum,
1107 875 1227 939 exque
1247 875 1301 918 so-

261 957 326 1024 lute
343 971 390 1026 cst
409 987 428 1027 a
447 959 608 1050 discipulis
622 973 655 1026 et
672 985 688 1028 u
707 962 822 1049 quibus
841 963 953 1028 innexu
977 971 1045 1028 eret
1061 961 1196 1028 vinculis
1215 961 1301 1027 relo-

260 1081 343 1146 xstu,
357 1071 497 1139 utFilius
507 1073 564 1138 Dei
578 1072 703 1138 sederet
716 1096 812 1162 super
823 1093 906 1149 enm,
915 1083 947 1138 et
959 1072 1107 1160 cumipse
1121 1073 1302 1161 ingredere-

260 1191 314 1246 tur
327 1194 469 1248 sanctem
485 1183 647 1250 civitatem
660 1181 839 1249 Jerusalem
851 1182 1025 1258 coelestem,
1039 1193 1071 1248 et
1082 1181 1302 1273 compleretur

260 1289 439 1380 Scriptura,
451 1317 521 1380 quae
534 1293 631 1359 dicit:
644 1319 657 1353 r
669 1293 789 1359 Laetere
801 1291 865 1357 filiu
878 1292 969 1368 Sion,
982 1292 1121 1381 praedics
1131 1290 1195 1358 filiu
1208 1293 1300 1358 Jeru-

261 1398 397 1477 »selem,
408 1423 484 1468 ecce
501 1425 556 1467 rex
571 1414 645 1468 tuus
658 1403 743 1468 venit
758 1403 816 1468 tibi
832 1403 931 1480 mitis,
944 1416 976 1467 et
991 1403 1103 1468 sedens
1119 1425 1214 1492 super
1225 1404 1298 1468 suli·

260 1538 272 1571 ι
288 1492 393 1600 jugulo
403 1509 424 1576 ¹.
438 1540 451 1574 s
465 1501 653 1600 subjugele,
669 1512 704 1576 id
718 1525 767 1577 est
781 1513 915 1588 asinum,
933 1511 1099 1578 credentes
1115 1512 1182 1576 sine
1198 1511 1299 1578 dubio

259 1645 298 1688 ex
308 1621 328 1687 J
332 1621 427 1688 udaeis
440 1621 537 1695 dicit;
552 1634 585 1687 et
596 1619 720 1709 pullum
732 1619 905 1697 novellum,
922 1644 976 1687 eos
992 1620 1137 1710 prolecto
1152 1622 1206 1708 qui
1222 1633 1297 1686 sunt

258 1732 459 1821 exgentibus
475 1731 641 1796 credentes
657 1732 689 1796 in
707 1727 834 1796 Christo
849 1731 925 1796 lesu
946 1730 1085 1798 Domino
1102 1742 1220 1806 nostro,
1241 1729 1297 1796 cui

258 1853 306 1907 est
320 1838 418 1930 glorie
433 1852 466 1906 et
480 1841 649 1930 imperium
659 1839 697 1906 'in
714 1839 828 1907 saecula
844 1838 1174 1920 saeculomm.,Amen.

449 2238 452 2244 '
577 2231 801 2324 HOMILIA
831 2233 964 2308 xlv².

490 2417 493 2424 ¹
571 2511 575 2516 Ι
629 2435 730 2492 lterum
740 2432 774 2490 de
788 2432 917 2491 Balaam.

318 2631 411 2698 Pluru
427 2631 518 2698 sunt⁸
537 2653 607 2719 quae
623 2631 715 2696 nobis
731 2627 917 2695 resederunt
933 2612 1168 2715 exponentibus¹
1181 2624 1300 2693 lectio-

259 2765 332 2809 nem
344 2743 383 2808 de
395 2741 524 2807 Belnum
539 2751 633 2830 etque
646 2740 732 2804 usius
743 2739 813 2827 ejus
828 2761 835 2802 :
854 2749 886 2803 et
901 2737 1051 2826 quonium
1066 2747 1114 2801 est
1130 2747 1300 2825 temporu-

199 2931 202 2938 .
259 2852 296 2918 lis
309 2865 474 2929 tractatus,
488 2851 542 2939 qui
558 2851 591 2916 in
606 2846 747 2916 Ecclesia
761 2845 938 2913 aediliceudi
951 2848 1049 2936 gretie
1066 2846 1215 2938 hebetur,
1229 2869 1299 2913 non

259 2961 427 3030 hubuimus
439 2974 563 3028 tantum
576 2960 665 3051 spatii
679 2971 713 3024 ut
725 2982 888 3049 possemus
900 2953 1020 3047 singule
1033 2979 1165 3046 quaeque
1181 2955 1297 3046 Scrip-

259 3083 338 3138 turae
352 3073 447 3137 serbe
463 3090 653 3160 proponere,
672 3079 705 3132 et
725 3069 766 3133 ite
785 3081 820 3132 ut
835 3064 913 3132 nihil
929 3067 1059 3131 omniuo
1080 3065 1300 3132 indiscussum

257 3190 447 3254 remaneret,
460 3178 713 3268 explanationem
728 3173 857 3266 singulis
873 3175 1037 3252 adhibere,
1053 3176 1203 3262 quoniam
1222 3176 1301 3265 qui-

258 3293 330 3358 dem
347 3287 531 3378 hujusmodi
547 3285 646 3378 stylus
662 3287 964 3352 commentariorum
980 3287 1079 3374 magis
1092 3297 1150 3350 est.
1166 3286 1303 3353 ldcirco

257 3423 327 3490 ques
343 3399 544 3488 inquisitione
561 3397 652 3488 dignu
669 3397 828 3473 ridentur,
844 3395 1029 3484 repetimus,
1041 3415 1177 3483 eumque
1190 3395 1304 3462 discu-

256 3511 382 3584 tientes,
395 3531 456 3596 qua
469 3531 633 3596 possumus
645 3507 863 3597 explanatione
881 3505 1047 3580 disserere,
1060 3517 1092 3569 et
1105 3505 1135 3570 in
1149 3505 1300 3572 inedium

256 3615 396 3707 prolerre
412 3617 614 3682 tentabimus.
636 3617 691 3683 Est
707 3629 813 3682 nutem
829 3614 933 3681 adhuc
950 3611 1076 3680 dillicile
1092 3613 1123 3678 in
1140 3613 1302 3703 explens-

257 3727 342 3792 tione
361 3724 499 3794 historiae
514 3723 623 3812 ipsius,
640 3724 813 3812 quomodo,
831 3747 904 3792 cum
925 3721 1049 3789 dicutur
1070 3723 1190 3789 venisse
1207 3725 1303 3791 Deus

290 3856 386 3908 ¹Zoclr.
401 3871 469 3920 unp.
573 3889 577 3895 .
670 3885 674 3890 -

288 3933 381 3981 ’Turn
398 3931 434 3990 ll,
446 3947 472 3994 p.
487 3929 531 3977 521
544 3937 652 3994 etscqq.
664 3958 691 3966 —
705 3927 713 3960 ³
727 3929 756 3979 ll.
772 3946 794 3978 ι.
