2776 4616
283 299 346 378 462
401 335 405 345 ·
722 315 862 361 carcaria

284 451 420 505 ‚autem
441 433 497 504 filii
522 435 663 526 Eliphae‚
679 434 835 509 Theman.
852 431 987 522 sophar,
1010 431 1163 508 Gothum,
1186 433 1306 502 (leues.
1366 482 1367 488 κ

284 547 470 616 rl'hamnaa
481 559 586 614 autem
601 545 661 610 luit
675 545 853 611 concubina
869 541 996 630 Eliphae
1011 540 1066 606 lilii
1079 543 1172 619 Esau,
1186 555 1220 608 et
1236 543 1311 610 hacc

283 659 432 746 »peperit
445 655 596 725 Amalech
611 656 671 745 ipsi
685 652 823 744 Eliphae.
838 655 878 719 Et
893 653 944 719 tui
955 663 1028 718 aunt
1042 651 1099 718 lilii
1115 653 1182 719 Ada
1194 655 1310 721 uxoria

283 767 513 833 »Eeaii².aEt
534 778 751 855 postpauca:
779 765 847 829 «Et
862 763 882 827 ii
902 773 988 837 sunt,
1004 764 1127 849 inquit,
1145 762 1249 829 ducca
1265 787 1309 830 ex

283 904 296 939 ι
311 874 382 941 liliis
396 877 491 952 Bauli,
510 873 567 942 lilii
581 873 721 964 Eliphas,
739 873 793 962 qui
807 873 866 938 luit
880 872 1106 962 primogenitus
1121 870 1178 938 lilii
1191 873 1303 940 Eaaii:

282 1014 295 1049 ι
311 986 375 1063 dux
389 984 544 1062 Theman,
556 985 620 1050 (lux
632 985 784 1060 Chomor,
796 983 860 1049 dux
871 981 1007 1070 Sophar,
1024 982 1087 1047 dux
1101 980 1221 1060 Genea,
1235 985 1304 1050 dux
1366 957 1368 1026 l

281 1126 294 1161 ι
311 1097 428 1173 Chore,
446 1097 509 1163 dux
529 1094 681 1170 Gothum,
704 1095 768 1160 dux
782 1091 946 1160 Amalech.
969 1121 982 1154 a
1007 1093 1067 1158 llic
1089 1091 1185 1180 igitur
1199 1093 1305 1159 Ama-
1366 1103 1368 1168 l

279 1203 351 1272 lech
365 1204 448 1271 filine
462 1204 522 1271 fuit
539 1203 666 1292 Eliphaa
682 1201 882 1291 primogeniti
900 1202 996 1276 Euo,
1016 1213 1109 1266 natue
1123 1223 1164 1265 ex
1183 1224 1309 1270 concu-

277 1313 496 1382 hina'nomine
512 1312 666 1380 Thamna.
687 1313 751 1379 Sed
763 1313 927 1378 redeamus
947 1310 987 1378 ad
998 1311 1132 1400 primam
1147 1311 1191 1377 de
1208 1313 1308 1380 Ama-

276 1419 348 1489 lech
371 1421 717 1494 commemorationem,
745 1419 798 1484 uhi
822 1419 844 1483 ii
863 1419 916 1505 qui
938 1417 1054 1484 reversi
1080 1431 1153 1484 sunt
1184 1433 1220 1486 et
1249 1445 1305 1487 ve-

275 1542 392 1597 nerunt
411 1529 451 1595 ad
469 1529 588 1595 sontem
608 1527 731 1618 judicii,
747 1526 802 1616 qui
822 1538 954 1592 vocatur
971 1526 1085 1600 Gades,
1102 1529 1303 1597 interficiunt

275 1665 384 1708 omnes
399 1641 556 1730 principes
571 1639 732 1707 Amalech.
750 1638 850 1704 Gades
865 1640 951 1704 enim
967 1639 1195 1728 interpretatur
1206 1667 1303 1708 eanc-

273 1751 417 1828 tilicatio,
435 1749 484 1816 vel
503 1762 665 1822 sanctumz
684 1748 835 1816 Amalech
852 1771 926 1814 vero
948 1750 1175 1836 interpretetur
1196 1749 1301 1817 ahlin·

274 1883 349 1950 gene
363 1857 528 1948 populum,
542 1856 590 1924 vel
605 1857 765 1925 declinant
785 1856 949 1947 populum.
968 1858 1069 1947 Igitur
1085 1858 1105 1923 ii
1121 1861 1177 1947 qui
1191 1882 1298 1925 rerer-

274 1981 386 2036 tuntur
400 1970 440 2035 ad
459 1982 615 2045 sanctum,
631 1981 663 2034 et
679 1979 868 2035 convertunt
883 1991 916 2034 se
938 1968 978 2033 ad
1000 1967 1298 2046 sanctificationem,
1369 2045 1370 2058 ¹

273 2074 468 2142 interficiunt
482 2089 515 2140 et
528 2077 688 2166 perimunt
703 2074 867 2152 Amalech,
884 2073 973 2141 illum
988 2073 1107 2142 scilicet
1122 2079 1179 2164 qui
1196 2077 1293 2144 ablin-
1369 2095 1370 2100 ’

273 2184 318 2274 git
328 2184 481 2274 populum
494 2185 541 2252 vel
553 2185 691 2252 declinat
700 2183 864 2275 populum.
880 2184 959 2264 Quis
970 2197 1076 2250 autem
1087 2184 1167 2252 alius
1180 2199 1232 2252 est
1246 2187 1296 2277 qui

273 2291 410 2360 declinat
423 2293 578 2383 populum
593 2317 610 2359 a
625 2295 708 2371 Deo,
724 2294 784 2360 nisi
801 2295 898 2360 virtus
913 2294 1081 2369 contraria,
1101 2305 1134 2360 et
1150 2299 1301 2385 nequitiae

272 2401 471 2492 spirituales?
482 2405 603 2471 llorum
618 2428 693 2493 ergo
707 2404 866 2495 principea
881 2404 934 2492 qui
946 2403 1043 2470 eunti
1054 2402 1100 2470 llli
1115 2405 1184 2471 eine
1199 2407 1302 2475 duhio

272 2514 465 2604 principatus
478 2515 645 2581 advorsum
659 2537 739 2603 quoa
754 2514 870 2581 sanctia
891 2525 939 2580 eet
960 2513 1152 2580 colluctatio.
1173 2516 1302 2584 Adver-

272 2643 344 2692 aum
357 2625 549 2713 principatus
564 2625 648 2690 enim
664 2636 697 2688 et
711 2633 893 2712 potestates,
909 2636 941 2689 et
956 2625 1068 2690 mundi
1083 2623 1179 2714 hujus
1195 2641 1303 2695 meto-

271 2745 402 2800 reesunt
412 2735 456 2799 eis
464 2727 610 2832 agones²t
623 2756 703 2821 quoa
714 2745 819 2799 tamen
831 2756 978 2822 superare
987 2757 1051 2800 non
1062 2746 1229 2822 poterunt,
1239 2741 1302 2806 nisi

271 2847 496 2911 convertantur
506 2843 546 2909 ad
557 2844 806 2910 sanctimoniam.
827 2844 863 2909 ln
874 2844 940 2933 ipsa
953 2855 1059 2911 tamen
1071 2846 1300 2926 sanctimonia,

272 2965 399 3040 quaeest
414 2952 527 3029 Gades,
540 2951 609 3018 lona
625 2963 672 3018 est
686 2952 809 3040 judicii.
824 2951 935 3019 Omnia
947 2954 1033 3019 enim
1044 2955 1097 3044 qui
1110 2979 1142 3020 se
1153 2955 1195 3020 ad
1206 2981 1300 3025 sunc-

271 3059 434 3125 timouiam
457 3060 624 3136 convertit,
640 3053 736 3125 habet
758 3083 883 3151 temper
906 3073 978 3127 unte
1000 3061 1108 3128 oculos
1131 3086 1205 3130 suoa
1230 3066 1301 3132 son-

270 3179 334 3234 tem
346 3167 464 3254 judicii.
480 3167 633 3256 Prospicit
645 3168 729 3234 enim
741 3169 850 3256 judicii
863 3169 958 3244 diem,
972 3183 1004 3234 et
1018 3171 1185 3260 purificato
1196 3175 1300 3243 cortle

270 3289 335 3342 tam
347 3274 501 3343 malorum
513 3299 622 3366 poenaa
634 3267 728 3367 quam
739 3279 864 3366 piorum
875 3279 1085 3347 beatitudines
1097 3293 1295 3351 contuetur:
1370 3299 1371 3304 ’

269 3396 302 3450 et
316 3384 384 3452 haec
398 3385 515 3452 iaciens
534 3408 644 3452 omues
660 3385 928 3453 Amalechitarum
948 3389 1104 3478 principes
1122 3394 1299 3478 prosternit
1369 3313 1371 3430 l

270 3503 302 3559 et
317 3491 434 3581 dejicit.
454 3493 486 3558 si
503 3494 571 3580 quie
587 3505 692 3561 autem
716 3518 781 3560 non
802 3519 835 3561 ee
859 3498 1049 3564 converterit
1070 3498 1247 3578 altadas,
1265 3502 1298 3567 id
1370 3537 1371 3540 ¹

269 3613 329 3673 est,
344 3601 383 3666 ad
395 3599 689 3680 sanctificationem,
702 3603 883 3693 fontemque
894 3606 1017 3694 judicii,
1030 3631 1133 3697 neque
1146 3607 1297 3677 loturum

269 3710 380 3800 judicii
392 3709 509 3798 cogitat
519 3711 615 3787 diem,
628 3712 678 3778 isti
690 3715 823 3802 subjecti
836 3728 909 3782 sunt
920 3717 1113 3807 principibus
1123 3717 1293 3788 Amalech.

270 3821 363 3888 llunc
376 3819 461 3886 enim
477 3821 630 3911 populum
648 3823 779 3914 ablingit
795 3836 827 3891 et
842 3828 1012 3904 consumit,
1028 3839 1061 3894 et
1078 3827 1172 3894 talem
1187 3853 1294 3920 popu-

302 3953 311 3986 ¹
324 3952 387 4001 Gen.
402 3965 485 4010 xxxvi,
499 3967 524 4016 9,
536 3967 574 4012 ιο,
591 3969 628 4012 ιι,
642 3969 680 4013 ιι,
694 3953 769 4002 rt-
779 3954 791 3987 ²
802 3953 895 4020 Ephea.
906 3972 940 4006 ιι.
