2706 4624
364 305 395 348 ut
421 305 559 348 uuunscs
583 305 712 348 ucurnra
738 306 792 348 var.
1006 285 1095 350 '515

82 449 114 494 sc
126 425 202 493 mule
215 424 328 514 loquar
347 427 387 492 de
409 427 553 517 proximo
570 450 654 504 meo,
671 451 712 494 ne
726 425 865 516 aperiam
880 449 915 492 cs
930 449 1038 493 meum
1053 427 1095 491 cd
1210 463 1217 478 κ

81 538 281 628 derogandum
298 561 362 604 non
383 536 486 604 solum
505 539 634 614 sanctis,
650 539 707 604 sed
725 550 758 605 et
780 534 973 626 quibuslibet
987 538 1095 626 proxi-

81 649 130 714 nis
139 649 223 714 meis.
239 646 334 714 Vides
346 660 463 736 quanta
478 671 518 713 ex
532 647 595 714 hcc
606 648 778 737 indignatio
789 645 848 714 Dei
860 647 966 722 suerit,
976 659 1094 735 quanta

81 759 201 824 uindicta
216 758 415 847 processerit.
426 758 576 846 ,Denique
591 758 757 825 adversum
772 768 946 846 peccatum
958 757 1044 823 istud
1058 759 1097 824 si-

80 865 133 932 mili
147 867 360 955 indignatione
374 867 470 932 etiam
485 867 518 934 in
533 866 664 932 Psalmis
683 867 787 932 Deum
803 867 997 937 commoveri
1012 867 1096 932 vido·
1134 951 1136 960 y

81 999 149 1051 uus,
162 989 193 1042 et
207 976 315 1042 dicere
332 998 340 1040 s
355 1002 367 1036 ι
383 955 506 1042 Sedens
519 976 667 1044 adversus
688 976 818 1042 fratrem
837 989 928 1040 tuum
947 974 1096 1042 detraho-

80 1087 160 1164 shas,
172 1100 203 1153 et
218 1087 369 1152 adversus
384 1085 485 1152 {ilium
500 1086 610 1152 matris
626 1098 689 1152 tuae
702 1089 843 1175 ponebas
854 1084 1088 1153 scandalum¹.s

79 1195 212 1264 Similiter
228 1209 336 1263 autem
352 1208 384 1262 et
400 1196 432 1262 in
446 1193 507 1262 alio
528 1196 650 1286 psalmo
665 1221 705 1263 ex
719 1219 851 1286 persona
875 1197 950 1284 justi
968 1197 1096 1262 scientis

80 1307 130 1374 hcc
143 1309 205 1374 Deo
228 1331 326 1395 quam
346 1308 483 1374 maxime
504 1304 671 1396 displicere
686 1307 803 1372 dicitur
820 1305 1096 1372 :slletrahentem

81 1417 216 1484 »occulte
232 1419 384 1482 adsersus
401 1417 581 1504 proximum
603 1439 696 1481 suum
714 1414 984 1504 persequchcr².a
998 1416 1046 1480 Ex
1061 1416 1097 1480 iis

16 1517 27 1548 ³
82 1529 158 1616 igitur
175 1528 323 1594 omnihus
341 1526 454 1594 diviuae
470 1527 642 1616 Scripturae
657 1526 869 1602 sermonibus,
887 1524 973 1592 velut
988 1524 1097 1614 gladiis

83 1637 251 1721 quibusdum
269 1636 418 1723 utrinque
435 1637 547 1712 acutis,
565 1634 763 1704 obtrectandi
780 1634 943 1710 fratribus,
956 1647 989 1699 et
1004 1635 1097 1700 derc-

87 1748 158 1831 gandi
168 1749 284 1814 sanctis
295 1748 404 1812 vitium
417 1770 605 1813 resecemus.
619 1745 719 1835 Lepra
731 1746 817 1812 enim
830 1745 1035 1834 consequitur
1046 1745 1099 1810 de-

89 1870 205 1942 rogantes
219 1869 253 1920 ct
269 1854 447 1944 cacologos,
468 1856 575 1932 idest,
594 1853 798 1942 maleloqucs.
818 1854 892 1920 Post
906 1854 976 1922 haec
990 1865 1098 1922 eutem

91 1966 264 2033 uncialibus
275 1966 317 2030 od
328 1965 566 2055 intelligentiam
578 1966 745 2052 mysticam
759 1977 964 2031 transeamus.
979 1965 1099 2045 Quam-

93 2071 127 2136 vis
137 2087 164 2139 et
173 2077 202 2142 in
213 2076 373 2165 superiore
390 2085 527 2140 tractatu
539 2098 637 2163 pauca
651 2075 715 2162 jam
727 2073 810 2140 dicta
822 2075 897 2149 sint,
909 2086 1016 2141 tamen
1027 2099 1098 2162 quae

98 2179 209 2248 deluisse
221 2187 362 2252 ridentur
376 2185 539 2250 addemus.
555 2183 725 2252 Videamus
741 2207 816 2274 ergo
830 2185 899 2272 quis
914 2197 961 2250 est
976 2185 1029 2271 qui
1045 2185 1100 2250 de-

105 2291 287 2380 rogathlcysi,
301 2295 371 2386 quis
389 2295 429 2360 dc
444 2318 482 2360 eo
497 2292 580 2361 male
595 2293 746 2382 loquitur.
767 2293 838 2360 Non
860 2293 963 2360 solum
979 2294 1095 2369 dudaei,

102 2398 149 2462 sed
168 2413 195 2466 et
210 2402 348 2483 haeretici,
366 2406 420 2493 qui
444 2429 508 2470 non
531 2405 690 2493 recipiunt
712 2403 829 2492 Legem
850 2416 883 2471 et
909 2403 1097 2492 Prophetas,

92 2507 172 2572 etiam
181 2511 236 2600 ipsi
246 2512 412 2581 detrahunt
424 2515 463 2579 de
474 2513 592 2602 Moyse.
609 2513 754 2600 Denique
765 2513 868 2579 solent
882 2515 912 2579 oi
928 2516 1023 2579 etiam
1039 2513 1098 2579 cri-

87 2639 147 2684 tuen
161 2621 341 2713 impingam,
353 2623 508 2699 dicentes,
521 2624 592 2712 quia
605 2622 765 2689 homicida
781 2623 840 2688 suit
855 2622 992 2710 Moyses,
1004 2622 1099 2688 inter·

84 2727 238 2798 leciteuim
257 2733 443 2824 AEgyptium
458 2758 466 2798 ε
479 2747 512 2799 et
527 2731 586 2800 alia
606 2731 721 2810 multa,
744 2732 791 2799 vel
812 2733 845 2799 iu
866 2733 983 2822 ipsum,
1001 2731 1050 2799 vel
1064 2732 1113 2800 in,-

79 2835 234 2930 Prophetas
250 2843 438 2934 blasphemo
453 2866 508 2908 ore
524 2841 727 2909 concinnant.
747 2842 800 2908 lsti
816 2849 891 2932 ergo
907 2843 986 2930 quia‘
997 2842 1100 2907 detra-

74 2945 143 3014 hunt
153 2951 269 3042 Moysi,
282 2953 402 3018 hahent
414 2951 534 3041 lepram
551 2953 582 3017 in
599 2952 703 3018 anima
716 2975 785 3027 sua,
798 2962 830 3016 ct
841 2963 915 3016 suut
925 2952 957 3016 in
970 2951 1098 3017 homine

69 3057 209 3128 interiore
230 3062 361 3151 leprosi,
382 3074 414 3127 et
435 3061 507 3127 ideo
530 3061 690 3126 hahentur
710 3073 797 3128 extra
821 3072 923 3128 castra
950 3058 1098 3127 Ecclesiae

66 3169 128 3235 Dei.
149 3172 226 3240 Sive
248 3195 325 3262 crgo
344 3172 484 3238 haeretici
506 3171 569 3238 sint
590 3173 646 3260 qui
670 3173 823 3262 derogant
840 3171 953 3260 Moysi,
973 3172 1037 3238 sive
1058 3171 1098 3238 de

62 3281 198 3349 Ecclesia
215 3283 281 3349 sint
295 3283 349 3372 qui
365 3282 536 3349 detrahunt
551 3282 714 3356 fratribus,
727 3293 760 3348 et
776 3280 858 3347 male
873 3279 1046 3369 loquuntur
1058 3283 1098 3347 do

57 3393 206 3477 proximis
229 3393 309 3468 suis,
329 3415 439 3458 omues
462 3392 517 3480 qui
538 3392 602 3458 hoc
622 3391 696 3458 vitio
715 3403 865 3480 aguntur,
886 3392 1098 3458 duhitundunr

57 3525 116 3568 ncn
138 3518 191 3572 est
212 3504 293 3592 quin
315 3503 431 3594 leprosi
454 3505 516 3570 sint
539 3504 571 3570 iu
593 3504 698 3570 anima
714 3528 779 3570 suu.
801 3504 841 3568 Et
854 3503 950 3569 lllcriu
968 3505 1097 3592 quidem

54 3611 290 3681 interveniente
302 3615 408 3681 Aaron
419 3614 571 3705 pontifice
583 3615 717 3704 septimo
730 3613 780 3680 die
792 3627 940 3681 curatur:
953 3637 1009 3678 nos
1022 3637 1096 3679 vero

55 3726 76 3790 si
90 3725 343 3792 obtrectationis
355 3727 430 3792 vitio
446 3725 649 3792 inciderimus
666 3727 698 3792 in
714 3727 825 3792 animae
844 3725 978 3815 lepram,
998 3749 1097 3813 usque

51 3837 213 3905 adfinem
230 3838 415 3925 septimense
431 3837 556 3912 mundi,
570 3837 602 3903 id
619 3849 681 3912 est,
700 3861 798 3924 usque
811 3836 852 3903 ud
863 3834 1100 3902 resurrectionis

80 3965 170 4016 ¹l'sal.
186 3983 257 4024 sarx,
271 3983 307 4014 ιο,
322 3995 351 4003 -
362 3966 372 3998 ²
385 3967 447 4016 Pscl.
461 3981 494 4022 or,
508 3967 531 4012 ⁵.
