2604 4614
224 211 289 291 554
469 273 473 283 ,
671 234 815 279 ostentus

229 385 241 419 ι
256 355 600 430 oolumbnmeaetveni
610 403 620 431 ,
630 353 855 422 columbenses
865 357 1088 444 ,subtegmine
1099 359 1245 446 newa

209 503 210 506 κ
222 467 262 531 Et
276 465 399 552 Moyses
414 465 472 530 suh
488 464 625 553 tegmine
639 477 738 553 petnae
751 467 900 553 ponitur,
918 477 953 530 ut
964 468 1068 535 videat
1085 469 1250 555 poster-ion

222 573 291 639 Dei.
306 574 364 638 «ln
376 575 512 662 tegmine
524 573 738 645 antemuralis.
748 575 914 640 »Primum
925 577 996 642 veni
1005 577 1086 642 adid
1093 578 1179 664 quod
1190 591 1250 644 ants

162 723 166 730 ·
222 705 351 748 murum
363 694 429 758 est,
449 694 482 747 et
497 683 734 770 postea.potenis
748 682 879 750 introire
895 685 949 751 ubi
964 708 1075 751 murus
1087 699 1136 751 est
1150 700 1247 776 petru

229 792 393 858 «Ostende
408 790 486 857 mihi
500 792 614 858 saniem
634 803 733 860 tuam.
751 820 764 854 ι
780 793 885 879 Usque
901 793 941 858 nd
958 806 1155 882 presentem
1178 785 1246 860 dien

219 899 331 966 similit
346 899 495 966 dicuutur
511 900 550 965 nd
565 923 712 988 sponsam
728 923 736 964 ι
754 901 893 966 necdum
908 901 994 966 enim
1010 901 1154 966 hahebat
1175 903 1250 968 {idu-

158 1025 163 1030 '
199 1009 320 1084 eim,
347 1021 384 1072 ut
405 1007 540 1074 revelata
561 1007 640 1074 facie
661 1007 794 1097 gloriam
818 1009 946 1075 Domini
974 1008 1248 1098 contemplaretm.

219 1118 302 1198 Quia
317 1140 392 1183 vero
403 1118 469 1204 j'am
483 1128 593 1183 ornata
607 1129 655 1184 est
666 1129 761 1206 atque
776 1120 971 1205 composita,
985 1119 1104 1196 dicitur
1115 1121 1146 1184 ei
1159 1144 1168 1184 :
1180 1147 1193 1180 ι
1205 1119 1251 1186 Os

217 1224 334 1290 stende
349 1225 427 1316 milti
442 1224 555 1290 faeiem
570 1236 668 1292 tuam.
683 1251 697 1286 ι
713 1225 862 1290 Nondum
876 1226 1044 1291 eratenim
1054 1249 1117 1290 vox
1131 1227 1205 1315 ejus
1218 1230 1245 1294 its

215 1334 317 1400 suavis
328 1383 337 1410 ,
347 1345 383 1398 ut
392 1345 568 1400 mereretur
576 1333 607 1398 oi
618 1333 680 1398 dioi
691 1355 699 1399 ε
711 1333 906 1399 ‹Audirsme
918 1332 968 1399 sno
977 1356 1091 1400 vocem
1100 1347 1195 1400 tuam
1203 1335 1237 1400 ’.ι

216 1443 352 1524 Quando
363 1465 438 1532 engo
450 1441 560 1508 didicit
570 1441 667 1529 ioqui.
682 1443 766 1508 Tuos
781 1443 939 1518 enimait,
955 1455 990 1507 et
999 1423 1074 1508 audi
1091 1444 1189 1510 lsrael
1201 1461 1240 1522 ,et

214 1553 294 1618 seito
315 1551 392 1639 quid
406 1551 518 1638 loquar
535 1575 543 1616 ε
560 1562 594 1616 et
608 1552 710 1618 suevis
727 1551 809 1618 fucta
822 1563 869 1616 est
885 1572 945 1615 vox
959 1552 1031 1639 ejus
1047 1575 1189 1640 sponso,
1202 1578 1238 1619 se-

186 1671 193 1680 '
214 1661 357 1728 cundum
364 1659 442 1726 iliud
447 1659 671 1749 propheticum
682 1682 690 1724 s
703 1659 833 1726 nsuevis
841 1658 896 1724 fiat
904 1659 932 1724 oi
938 1658 1235 1748 postulationem,

213 1783 291 1837 tnnc
304 1770 344 1838 ad
353 1793 424 1838 eam
434 1767 690 1857 sponsuseffstun
700 1791 709 1833 ε
721 1768 897 1834 ‹Etnudine
906 1767 1019 1834 mefac
1030 1791 1142 1836 vocem
1150 1785 1236 1836 tuan:

217 1879 311 1966 nquit
325 1901 386 1943 vox
397 1889 451 1944 tua
464 1877 566 1943 suavis
580 1888 628 1942 est
638 1875 660 1940 ⁶.
676 1875 731 1942 »si
743 1877 904 1964 operueris
917 1899 953 1940 os
968 1888 1064 1942 tuum
1077 1877 1226 1950 rumoni,

215 1987 299 2052 dinet
316 1987 373 2052 tibi
390 2008 522 2074 sponsus
539 2007 548 2049 ε
565 1983 660 2050 «Vox
675 1995 730 2050 tus
751 1983 854 2050 suevis
876 1995 943 2060 est,
961 1996 997 2050 et
1014 1995 1143 2074 aspectis
1158 1995 1224 2048 tuus

215 2095 396 2184 »speciosus
407 2093 428 2158 ⁵.
445 2095 672 2182 »Quapropter
687 2102 913 2180 oonsungeutes
925 2091 1228 2182 depneoemusitnnd

215 2228 313 2279 num,
327 2215 361 2268 ut
373 2202 460 2291 digni
470 2201 644 2268 efficiamur
659 2199 764 2288 sponsi
777 2222 941 2277 sermone,
960 2201 1121 2290 snpientia
1131 2201 1240 2266 Christo

215 2312 318 2387 Jesu,
340 2311 391 2377 oni
413 2320 461 2376 est
483 2308 581 2399 glot-in
602 2321 635 2375 et
658 2308 827 2397 imperium
850 2307 883 2374 in
908 2307 1027 2376 secula
1054 2309 1246 2377 secutum.

215 2419 328 2487 Amen.

253 2559 1249 2631 ίΟιιιι.ιι,ι3,14-11ὶιὶιὶ-*“Ριι1ω,αν,34.-Ὀιιιι.ιι,ιι·-

218 2658 306 2712 ‘lbict
956 2685 958 2689 ·
