2734 4594
353 251 358 258 ¹
386 201 440 244 m
465 199 578 242 nraauu
602 199 766 242 ssoxonuu
790 199 862 242 nou.
890 201 911 240 1.
1119 178 1177 244 abr

142 325 204 392 vita
219 324 321 413 culpis
338 323 477 389 carebat.
499 323 539 388 Et
558 323 600 408 ita
616 321 774 386 invenitur
789 321 822 386 in
844 345 906 387 una
922 321 1097 411 eademque
1111 323 1180 410 ejus

140 432 274 524 epistola
292 455 398 500 sermo
415 444 447 496 et
464 454 589 498 amarus
609 442 640 496 at
656 428 767 496 dulcis.
791 430 881 496 Sicut
896 443 928 496 et
944 432 983 497 ad
999 431 1181 498 Corinthios

142 544 175 608 in
192 543 293 631 prima
308 551 398 629 parte
417 539 531 626 prioris
545 535 686 626 epistolae
699 537 798 612 dicit,
814 539 887 625 quia
898 538 951 602 «in
967 539 1114 604 omnibus
1130 540 1180 606 di·

144 650 244 715 ‚viras
257 650 333 726 'sacti
349 648 423 714 estis
437 647 471 712 in
490 646 577 734 ipso,
594 646 627 710 in
642 644 729 710 omni
746 646 862 720 verbo,
879 657 911 709 et
925 644 959 709 in
973 647 1061 710 omni
1076 646 1180 712 scien-

143 759 227 832 stia,
251 756 333 822 sicut
348 753 565 820 testimonium
584 751 702 817 Christi
718 751 941 818 confirmatum
961 753 1057 817 estin
1073 753 1178 828 vobis,

143 864 208 928 »ita
221 875 255 927 ut
271 860 349 928 nihil
360 861 450 927 vobis
466 860 547 925 desit
562 859 594 924 in
608 857 672 924 ulla
685 860 785 948 gratia
799 860 1040 947 expectantibus
1057 858 1179 931 revelar
1211 931 1218 946 p

142 971 283 1035 ationem
298 968 427 1034 Domini
445 967 544 1032 nostri
560 965 636 1032 Jesu
653 965 768 1032 Christi
782 965 805 1031 ¹.
820 988 832 1028 t
849 968 889 1031 Et
904 964 998 1055 paulo
1017 978 1089 1055 post
1103 991 1177 1056 gra-

140 1076 249 1152 diens,
271 1076 343 1142 ride
365 1073 500 1170 qualiter
526 1096 630 1146 serum
652 1073 721 1161 ejus
750 1085 953 1162 exasperatur
975 1096 1051 1140 cum
1070 1075 1176 1140 dicit:

148 1183 315 1248 «Omnino
338 1182 466 1248 auditur
486 1182 518 1248 in
545 1182 633 1247 vobis
653 1181 839 1257 fornicatio,
860 1194 892 1246 ct
915 1180 985 1248 talis
1011 1183 1178 1248 fornicatio

143 1288 264 1374 »qualis
276 1312 336 1354 neo
346 1290 429 1354 inter
438 1300 566 1378 gentos,
578 1289 621 1354 ita
632 1300 668 1354 ut
681 1311 810 1368 uxorem
817 1290 915 1377 patris
927 1287 1038 1377 aliquis
1047 1289 1173 1354 habeat.

144 1397 206 1462 »Et
222 1418 277 1462 ros
293 1395 391 1461 inflati
412 1396 505 1470 estis,
528 1409 561 1461 et
584 1419 646 1460 uon
663 1396 762 1482 magis
778 1394 916 1472 luxistis,
934 1407 968 1460 ut
990 1394 1120 1462 tollatur
1137 1397 1176 1462 dc

151 1502 279 1567 smedio
294 1515 430 1568 vestrum
445 1503 499 1592 qui
515 1502 662 1591 hocopus
673 1501 749 1568 fecit
758 1501 780 1566 ².
796 1504 890 1568 »Hoc
901 1514 1008 1568 autem
1020 1501 1092 1568 ideo
1104 1505 1179 1570 scri-

146 1609 241 1674 bebat
249 1657 259 1684 ,
268 1609 340 1695 quia
352 1633 414 1674 nou
423 1633 533 1674 omnes
542 1608 582 1673 ad
590 1631 667 1695 quos
675 1629 779 1673 sermo
786 1608 855 1694 ejus
867 1608 1073 1696 dirigebatur,
1083 1608 1175 1676 laude

143 1715 229 1804 digni
241 1727 350 1791 erant,
363 1739 466 1802 neque
481 1738 591 1782 omnes
599 1714 755 1780 confutari
768 1712 815 1780 vel
822 1715 938 1802 corripi
949 1718 1172 1782 merebantur:

139 1834 173 1887 et
187 1821 259 1887 ideo
274 1845 383 1889 amara
397 1821 543 1888 dulcibus
551 1823 682 1897 miscet,
693 1833 727 1885 ut
735 1820 802 1887 laus
812 1821 852 1887 ad
865 1823 1002 1909 optimos
1014 1847 1173 1912 quosque,

140 1929 301 2016 correptio
321 1952 395 1996 vero
410 1930 563 1996 reseratur
580 1930 621 1995 ad
634 1929 796 2017 pessimos.
818 1931 894 1996 flac
908 1929 1028 1995 idcirco
1040 1932 1174 1996 diximus

140 2037 173 2104 in
185 2037 386 2124 praefatione,
398 2038 471 2124 quia
483 2038 549 2103 scio
564 2061 618 2102 vos
629 2038 827 2104 consuevisse
838 2035 987 2102 lenissimi
998 2040 1095 2127 patris
1107 2039 1174 2106 dul-

142 2166 195 2208 oes
210 2167 334 2233 semper
350 2144 458 2209 audire
481 2167 659 2220 sermones,
679 2156 793 2209 nostrae
813 2165 888 2210 vero
908 2143 1110 2232 plantationis
1127 2172 1173 2213 ar

142 2249 274 2316 buscula
293 2251 389 2316 habet
410 2249 527 2349 aliquid
552 2250 741 2316 austeritatis
767 2252 799 2316 in
821 2263 933 2340 gustu,
956 2253 1042 2338 quod
1064 2266 1171 2321 tamen

142 2357 303 2424 orantibus
322 2357 409 2423 robis
426 2357 480 2423 fiet
496 2358 763 2424 medicamentum
779 2357 887 2423 salutis
905 2382 913 2422 ε
932 2359 1003 2445 quia
1022 2372 1055 2424 et
1070 2361 1173 2427 medi·

139 2477 285 2532 cementa
299 2465 443 2553 quaedam
459 2479 533 2532 sunt
550 2465 672 2541 dulcia,
689 2467 832 2552 quaedam
850 2491 924 2532 vero
939 2479 1080 2544 austera,
1098 2493 1174 2536 uon·

139 2595 304 2659 nunquam
318 2584 350 2638 et
366 2596 490 2649 amara,
502 2585 535 2637 et
550 2585 655 2638 tamen
671 2573 703 2638 in
720 2575 783 2640 suis
798 2598 929 2662 quaeque
943 2573 1021 2640 locis
1032 2579 1169 2654 remedia

140 2680 307 2755 tribuunt,
324 2680 439 2746 sicum
456 2704 626 2757 mensura,
646 2694 678 2746 et
695 2682 846 2770 temporis
865 2683 1100 2770 opportunitate
1119 2709 1173 2750 su-

143 2799 279 2852 mantur.

189 2894 228 2959 11.
244 2897 378 2962 Historia
398 2896 487 2961 nobis
500 2897 629 2962 recitata
644 2909 693 2964 est
703 2898 743 2962 de
756 2900 861 2987 primo
875 2896 958 2964 libro
970 2901 1170 2990 Regnorum,

139 3027 212 3089 quaa
227 3007 270 3070 ita
286 3006 409 3070 ridetur
432 3005 585 3082 difficilis,
608 3018 641 3070 ut
660 3009 778 3096 absque
798 3007 910 3074 dirinae
933 3009 1055 3074 virtutis
1074 3014 1172 3098 gratia

137 3110 317 3200 explanatio
333 3114 403 3202 ejus
415 3138 479 3180 non
498 3113 596 3202 possit
606 3115 731 3202 exponi.
749 3115 895 3181 Refertur
905 3137 980 3203 ergo
996 3115 1039 3181 ibi
1054 3140 1086 3181 :a
1099 3120 1173 3184 Erat

141 3220 210 3284 »vir
222 3245 304 3286 unus
319 3245 358 3288 ex
372 3220 572 3292 Ramathaim
589 3221 710 3308 Sophin
725 3222 764 3290 de
780 3233 887 3286 monte
900 3221 1048 3298 Effraim‚
1065 3236 1097 3288 et
1112 3249 1173 3291 no-

141 3351 237 3396 »men
252 3331 320 3418 ejus
332 3328 524 3396 Helchana³.
544 3331 605 3395 »Et
616 3353 690 3395 curn
706 3343 919 3396 enumerasset
931 3353 1058 3398 omnem
1070 3356 1169 3421 geue-

138 3437 295 3502 rationem
306 3436 395 3523 ejua,
407 3437 483 3504 dicit
502 3462 510 3502 :
522 3440 586 3503 «Et
599 3437 674 3503 huic
687 3450 798 3514 erant,
815 3439 931 3525 iuquit,
948 3440 1018 3505 duae
1035 3465 1147 3508 uxores
1160 3493 1169 3519 ‚

138 3567 279 3610 »nomen
305 3545 359 3609 uni
381 3543 491 3621 Anna,
513 3559 545 3610 et
562 3568 682 3612 nomen
698 3547 843 3613 secundae
862 3548 887 3612 F
889 3571 1012 3614 enenna
1031 3574 1038 3615 :
1061 3564 1093 3616 et
1109 3554 1174 3616 nati

138 3665 237 3718 »sunt
247 3654 405 3718 Fenennae
418 3651 493 3729 filii,
507 3665 539 3718 et
552 3653 651 3722 Annae
666 3676 730 3719 non
741 3665 808 3718 erat
821 3652 913 3720 salius.
928 3657 968 3720 Et
984 3659 1173 3724 ascendebat

178 3792 289 3849 ¹t'Cor.
304 3815 326 3861 1,
339 3794 364 3858 ⁵,
376 3798 401 3859 6,
414 3815 478 3858 7.-
491 3794 548 3848 ²1d.
564 3815 587 3860 v,
602 3817 623 3862 r,
636 3818 659 3848 a.
673 3825 699 3834 -
712 3794 721 3829 ⁸
736 3815 746 3846 1
763 3801 857 3865 Regu,
875 3816 897 3862 1,
911 3797 1016 3864 2,3,4‚
1028 3803 1051 3851 5.
