2702 4610
400 319 431 362 ut
454 317 580 362 axoouu
602 318 730 361 uournra
755 318 795 360 rr.
1056 295 1116 358 115

77 435 333 525 intelligentiam,
349 434 438 522 quod
456 432 661 500 commissum
683 434 725 498 ab
744 430 900 520 AEgyptiis
918 433 1069 500 videatur.
1081 437 1113 502 in

77 541 261 610 Ecclesiam
271 541 515 630 primitivorum,
529 565 600 629 quae
611 540 746 628 ascripta
757 552 805 605 est
819 541 852 606 in
864 539 963 606 coelis.
980 541 1070 611 Unde
1082 559 1114 612 et

77 646 452 738 exterminatortngelas
461 648 503 712 ad
514 647 735 736 hujuscemodi
743 647 952 716 ministerium
963 649 1111 731 mittitur,

78 764 139 852 qui
158 771 266 851 parcat
286 757 344 824 illis
360 769 486 824 tautum
501 757 555 842 qai
578 767 727 842 utrosque
742 769 847 844 postes
870 759 942 846 agui
960 764 1112 850 sauguine

82 872 204 938 inventi
217 868 331 938 ineunt
351 867 471 932 babere
486 863 656 954 signatos¹.
676 863 830 931 Delentur
850 866 976 933 interim
990 871 1112 959 primo*

81 979 184 1068 genita
199 973 423 1064 AEgyptioram
440 995 449 1037 τ
467 972 531 1037 sive
546 971 605 1038 hos
623 971 818 1060 principatus
833 983 865 1036 et
879 985 1061 1061 potestates,
1080 992 1115 1044 et
1172 1045 1176 1056 ,

79 1086 186 1154 mnndi
198 1085 294 1172 hujus
306 1093 449 1148 rectores
459 1083 664 1168 tenebrarum
672 1081 828 1178 dicamus,
842 1105 920 1178 quos
932 1084 964 1149 in
976 1086 1113 1154 adventu

73 1218 131 1262 suo
153 1194 301 1259 Christus
316 1191 437 1256 dicitur
452 1189 637 1264 traduxisse,
655 1189 719 1256 hoc
737 1201 798 1265 est,
815 1192 954 1279 captivos
973 1193 1111 1274 duxisse,

70 1315 104 1370 et
118 1302 338 1389 triumphasse
354 1300 387 1364 in
402 1295 490 1387 liguo
505 1297 609 1364 crucis
621 1296 654 1368 ’ς
675 1296 739 1363 sive
760 1310 906 1365 auctores
921 1312 953 1365 et
969 1301 1115 1371 invento.

72 1435 126 1478 res
150 1408 388 1494 falsorumque
407 1407 440 1471 in
456 1404 655 1496 boemundo
676 1403 805 1470 luerunt
819 1405 1008 1495 religionum
1027 1412 1115 1479 dica-

77 1541 168 1593 mus,
183 1538 262 1604 quas
279 1513 391 1580 Christi
404 1514 516 1578 veritas
528 1535 603 1578 cum
618 1510 682 1576 suis
697 1512 828 1600 extinxit
838 1526 871 1578 et
883 1511 998 1582 delevit
1009 1496 1115 1586 aucto·

84 1629 185 1693 ribus.
203 1626 280 1690 Haec
293 1635 447 1713 quantum
461 1622 502 1688 ad
519 1620 628 1688 locum
648 1623 818 1709 mysticum
834 1637 965 1712 spectat.

124 1737 198 1804 «lam
209 1757 285 1801 vcro
300 1733 326 1800 si
340 1733 437 1799 ctiam
455 1730 582 1799 moralis
598 1731 689 1797 nobis
702 1731 802 1821 figura
816 1735 979 1800 tractanda
994 1749 1054 1816 est,
1072 1740 1116 1806 di·

77 1869 188 1916 cemus
199 1845 288 1935 quod
301 1866 500 1932 unaqueque
511 1843 615 1911 anima
629 1842 662 1908 iu
673 1842 735 1908 hoc
747 1844 880 1920 mundo,
894 1846 971 1912 dum
986 1849 1019 1914 in
1031 1874 1116 1918 erro-

77 1960 166 2024 ribus
174 1957 252 2023 vivit
263 1967 297 2020 et
307 1953 483 2044 ignorantie
493 1953 644 2028 veritatis,
658 1953 690 2018 in
697 1951 836 2042 AEgypto
847 1955 948 2042 posita
959 1969 1016 2024 est.
1033 1961 1115 2029 lluic

76 2071 102 2134 si
125 2066 385 2157 appropinquare
407 2061 539 2150 coeperit
560 2061 611 2127 lex
625 2062 696 2138 Dei,
713 2085 810 2152 aquas
830 2063 859 2128 ci
875 2066 968 2132 vertit
986 2067 1018 2132 iu
1042 2093 1115 2135 san-

78 2177 225 2268 guinem,
241 2175 350 2249 idest,
366 2171 498 2238 fluidam
513 2184 545 2237 et
560 2170 715 2238 lubricam
737 2173 911 2260 juventutis
924 2175 1021 2242 vitam
1037 2202 1115 2245 cou-

84 2283 182 2348 vertit
191 2283 227 2346 in
237 2281 419 2369 sanguinem
430 2281 543 2346 veteris
556 2279 605 2346 vel
616 2280 688 2347 novi
700 2283 891 2350 testamenti.
906 2283 988 2350 Tum
1001 2287 1115 2353 deinde
1137 2328 1146 2350 ι

85 2391 199 2457 educit
213 2412 252 2454 ex
265 2412 300 2454 ea
315 2412 422 2455 ranam
444 2400 476 2453 et
491 2389 617 2454 inanem
637 2388 875 2476 loquacitatem,
900 2405 932 2456 et
950 2394 1118 2463 adversum

77 2499 142 2566 lter·
150 2495 384 2586 providentiam
396 2516 546 2561 ranarum
558 2493 693 2560 similem
706 2494 878 2582 querclam.
893 2497 1010 2588 Purgat
1022 2503 1117 2570 etiam

74 2606 235 2696 malignas
257 2605 464 2694 cogitationes
479 2603 563 2691 ujus,
579 2614 611 2668 et
628 2603 791 2690 ciniphum
810 2606 1012 2676 mordacitati
1029 2609 1118 2676 simi—

73 2717 120 2784 les
142 2713 326 2783 calliditatis
342 2709 468 2779 aculcos
484 2711 622 2778 discutit.
642 2711 825 2779 Libidinum
846 2738 972 2804 quoque
994 2742 1117 2786 morsus

73 2827 261 2916 cynomyiae
276 2821 404 2910 spiculis
421 2819 537 2886 similes
555 2818 696 2908 depellit,
717 2820 944 2911 stultitiamque
962 2827 997 2892 in
1015 2851 1065 2905 ea,
1085 2843 1117 2894 ot

72 2933 281 3003 intellectum
291 2931 468 3020 pecudibus
479 2928 614 2994 similem
626 2927 724 3002 delet3
740 2954 900 3022 perquam
910 2959 922 2993 a
931 2933 1028 3001 homo
1041 2961 1115 3004 cum

74 3076 87 3110 ι
99 3047 277 3112 inhonore
288 3053 383 3116 esset,
396 3063 460 3106 non
475 3035 640 3114 intellexit,
653 3037 709 3102 sed
721 3051 922 3127 comparatus
934 3055 981 3106 est
992 3044 1116 3131 jumen-

75 3187 88 3220 »
104 3159 145 3223 tis
163 3150 391 3242 insipientibus
406 3161 439 3215 et
458 3146 568 3214 similis
583 3147 685 3212 factus
701 3161 749 3212 est
764 3145 824 3214 illis
836 3149 859 3212 ⁸.
874 3179 887 3210 a
904 3151 1016 3242 Arguit
1031 3156 1116 3223 euim

76 3279 110 3330 et
121 3263 231 3331 ulcera
244 3270 451 3349 peccatorum
461 3269 556 3346 atque
568 3257 754 3345 arrogantiae
762 3268 934 3334 tumorem,
947 3260 1117 3332 servorem-

82 3395 143 3460 qne
161 3374 195 3437 iu
208 3393 247 3437 ea
270 3367 386 3433 luroris
401 3365 563 3455 extinguit.
583 3363 722 3430 Adhibet
737 3377 808 3452 post
826 3364 895 3432 haec
909 3367 1005 3433 etiam
1024 3393 1117 3438 voces

87 3479 223 3544 liliorum
236 3477 384 3552 tonitrui,
397 3475 500 3554 idest,
513 3471 716 3563 Evangelicas
729 3473 989 3564 Apostolicasquc
1000 3480 1119 3547 doctri·

88 3611 154 3654 nas.
175 3586 281 3654 Sedet
296 3583 535 3674 castigationem
556 3582 717 3672 grandinis
731 3583 891 3659 admovet,
909 3596 945 3651 ut
959 3585 1117 3658 luxuriam

84 3697 324 3788 voluptatesque
340 3701 498 3763 coerceat.
519 3693 658 3761 Adhibet
672 3692 766 3760 simul
789 3707 822 3760 ct
836 3696 941 3786 ignem
963 3699 1116 3785 poeniten-

81 3809 144 3884 tiae,
154 3819 192 3873 ut
202 3818 235 3872 et
246 3807 314 3894 ipse
327 3803 412 3870 dicat
426 3826 435 3868 t
452 3829 465 3863 a
479 3801 590 3869 Nonae
602 3823 658 3867 cor
673 3812 818 3869 nostrum
830 3803 943 3870 ardens
956 3817 1024 3871 erat
1036 3806 1117 3878 intra

111 3941 217 3991 thud.
229 3957 276 3989 nr.
292 3937 410 3989 -²col.
421 3955 449 3998 rr,
464 3938 499 3984 15.
511 3963 539 3974 -
550 3935 560 3968 ⁸
573 3934 635 3986 Psat
649 3950 734 3998 xavur,
747 3935 783 3986 ιδ.

201 4048 246 4093 tx.
629 4033 633 4041 ‘
969 4024 988 4092 Β
