2776 4616
379 307 410 352 ru
435 305 572 350 auunaos
597 307 725 353 uournra
750 311 823 354 xvir.
1049 291 1108 370 441

105 431 176 499 Vere
189 427 272 496 enim
287 428 365 492 vidit
379 451 448 515 quae
464 429 566 495 lutura
584 443 673 495 erant
689 430 728 495 de
743 429 839 496 lsrael
859 430 906 494 rel
924 431 1033 497 Jacob.
1051 433 1112 496 Au·

105 543 176 608 disse
196 561 322 630 quoque
344 561 417 604 eum
438 541 533 605 verba
548 539 650 605 Fortis
666 540 741 606 dicit
762 543 793 606 in
814 565 865 616 eo,
885 563 959 606 cum
974 543 1057 606 venit
1072 541 1112 606 ad

106 675 171 718 eum
183 653 275 726 Deua,
300 661 334 716 et
356 649 432 715 dixit
448 651 480 715 in
496 652 633 716 somnis:
647 650 813 716 «Verbum
835 652 920 739 quod
943 651 1059 716 dedero
1081 645 1123 716 in

108 783 181 826 »ore
203 773 267 833 tuo,
292 759 356 824 hoo
377 759 507 824 observa
531 771 565 824 nt
588 759 742 848 loquaris¹
759 773 835 827 :ret
855 762 916 828 hoc
931 774 998 826 erat
1013 761 1113 826 visum
1189 836 1191 838 ,

109 873 160 937 Dei
174 871 252 958 quod
264 869 341 934 vidit
357 869 390 933 in
404 870 532 944 somnis,
549 882 580 934 et
596 893 654 958 per
667 870 736 936 haec
750 870 903 937 revelatos
921 894 988 936 csse
1006 868 1114 956 oculos

107 983 169 1068 ejus
181 981 295 1052 asserit,
315 977 385 1065 quia
402 977 505 1065 potuit
521 978 626 1044 videre
642 1002 711 1068 quaa
731 980 821 1045 vidia
838 981 913 1047 Haeo
932 980 1059 1069 quidem
1075 980 1114 1046 de

106 1091 140 1156 iis
152 1113 212 1177 quae
225 1091 257 1155 in
273 1087 456 1178 praelatione
478 1111 533 1156 suu
548 1087 676 1156 Balaam
700 1091 731 1156 in
751 1092 954 1179 semetipsum
968 1092 1050 1158 visus
1068 1104 1115 1156 est

29 1248 32 1256 .
104 1201 291 1288 prophetare.

142 1310 191 1377 lll.
207 1310 298 1376 Nunc
314 1310 378 1396 jam
397 1311 557 1375 rideamus
573 1334 641 1399 quae
658 1324 730 1375 sunt
751 1334 822 1398 quae
844 1313 876 1376 in
891 1310 1113 1397 consequenti·

106 1419 160 1481 bus
174 1417 243 1482 dicit
257 1439 265 1480 ε
278 1445 290 1476 a
303 1417 407 1496 Quam
421 1419 526 1491 bonae,
539 1418 661 1503 inquit,
678 1419 789 1483 domus
806 1429 866 1483 tuae
883 1419 996 1492 Jacob,
1009 1418 1116 1482 taber-

109 1555 121 1588 »
135 1524 238 1591 nacula
247 1536 299 1590 tua
309 1525 424 1592 lsraie'li
437 1526 476 1620 llt
487 1550 617 1593 nemora
632 1528 821 1602 umbrantia,
835 1539 870 1592 ut
880 1527 1013 1616 paradisi
1022 1549 1115 1614 super

110 1633 270 1709 »flumina
291 1646 322 1698 et
341 1635 423 1732 sicut
448 1635 740 1723 tabernaculaque
763 1635 829 1700 lixit
850 1635 1016 1726 Dominus,
1035 1635 1115 1702 sicut

109 1743 210 1810 »cedri
223 1745 308 1832 juxta
323 1765 419 1832 aquas
431 1744 453 1807 ².
468 1772 481 1806 r
495 1744 598 1810 Bonas
613 1769 690 1833 quas
706 1746 782 1811 dicit
797 1747 908 1811 domus
924 1746 1038 1818 Jacob,
1052 1767 1115 1810 non

103 1865 174 1943 puto
185 1852 268 1940 quod
283 1849 439 1917 domicilia
456 1875 565 1918 eorum
581 1851 739 1920 collaudet
753 1865 876 1919 terrena
885 1878 894 1926 ;
910 1877 1012 1941 neque
1030 1853 1113 1919 enim

104 1961 160 2028 tale
181 1961 297 2050 aliquid
318 1961 413 2028 luisse
430 1963 513 2050 apud
532 1986 586 2028 eos
604 1975 717 2052 praeter
730 1977 838 2052 gentes
854 1975 982 2028 caeteras
997 1983 1115 2027 memo-

105 2086 195 2138 ratur.
213 2071 275 2137 Sed
290 2071 449 2136 videamus
464 2093 508 2136 ne
519 2071 613 2148 forte,
629 2074 778 2160 quoniam
794 2072 928 2161 populus
939 2095 996 2160 per
1011 2073 1111 2137 tribus

102 2193 166 2246 erat
180 2179 304 2255 divisus,
315 2192 347 2245 et
359 2203 554 2268 unaquaeque
566 2181 666 2246 tribus
681 2205 738 2270 per
749 2181 867 2271 plebes,
880 2193 912 2246 et
924 2183 1038 2247 iterum
1049 2179 1112 2268 ple·

104 2291 225 2377 hesper
237 2291 445 2378 cognationes,
460 2301 492 2355 et
507 2291 708 2380 cognationes
719 2315 777 2380 per
787 2291 897 2357 domos
910 2289 1110 2363 familiarum,

104 2411 135 2464 et
154 2421 274 2462 rursum
294 2399 402 2466 domus
422 2399 609 2466 familiarum
632 2424 874 2490 pernumerem
897 2401 1061 2466 nominum
1082 2411 1113 2463 et

96 2531 155 2598 per
168 2509 268 2597 capita
281 2512 547 2583 numerabantur;
563 2511 627 2577 hoc
638 2523 698 2587 est,
714 2513 816 2576 omnis
831 2511 963 2600 quierat
977 2533 994 2574 a
1006 2508 1113 2598 viginti

95 2621 186 2686 annis
200 2631 232 2684 et
247 2643 353 2708 supra,
369 2619 527 2686 musculus
542 2620 596 2709 qui
610 2621 781 2709 procedere
795 2621 910 2713 poterit
921 2621 961 2686 ad
972 2617 1111 2685 bellum:

92 2730 153 2796 has
170 2731 281 2795 domus
296 2729 424 2796 Balaam
439 2732 471 2796 in
485 2732 595 2819 spiritu
611 2743 763 2797 contuens
779 2719 958 2820 niagnilicet
973 2740 1005 2795 et
1019 2727 1117 2794 extol·

89 2840 149 2907 lat.
168 2839 232 2906 Sed
247 2863 310 2906 non
327 2840 358 2905 iu
376 2840 424 2906 his
444 2840 538 2906 solius
560 2840 669 2906 litterae
684 2843 863 2907 contuenda
883 2840 1034 2906 sententia
1054 2852 1112 2913 est,

87 2950 246 3040 quoniam
263 2950 391 3037 quidem
406 2975 476 3040 quae
493 2951 631 3038 loquitur
644 2950 784 3025 Balaam,
797 2963 954 3038 assumpta
965 2947 1112 3039 parabola

85 3083 149 3126 sue
166 3057 317 3147 loquitur.
335 3060 371 3124 ln
386 3058 542 3149 parabolis
558 3083 633 3148 ergo
651 3071 684 3123 et
702 3082 759 3124 nos
775 3059 860 3145 quod
875 3059 990 3124 dicitur
1003 3059 1112 3124 audia-

84 3193 176 3237 mus.
199 3168 232 3235 Si
255 3171 340 3234 euim
363 3170 541 3234 consideres
556 3169 722 3234 divisiones
737 3166 804 3232 illas
819 3179 851 3232 et
866 3165 991 3232 ordines
1011 3190 1112 3255 popu-

83 3281 200 3346 lorum
218 3280 273 3369 qui
293 3279 323 3345 in
340 3279 568 3346 resurrectione
587 3279 790 3345 habebuntur
808 3277 839 3342 in
854 3275 970 3367 populo
986 3277 1049 3342 veri
1065 3276 1111 3342 ls-

85 3388 175 3462 rael,
189 3390 315 3475 quando
328 3390 539 3478 unusquisque
555 3401 696 3477 resurget
707 3389 738 3453 in
752 3411 809 3452 suo
821 3385 968 3460 ordine⁸;
984 3388 1009 3451 si
1023 3397 1112 3475 potes

85 3499 215 3565 intueri
226 3500 323 3566 tribus
338 3500 404 3565 illas
420 3511 452 3564 et
467 3498 586 3588 plebes,
603 3513 634 3564 et
651 3499 864 3590 cognationes,
878 3498 910 3562 in
925 3497 1038 3586 quibus
1050 3521 1113 3562 non

81 3621 160 3672 tam
179 3609 281 3672 carnis
299 3619 331 3672 et
346 3601 567 3696 sanguinis'est
586 3610 745 3698 cognatio,
759 3631 853 3695 quam
870 3606 988 3672 mentis
1002 3617 1033 3672 et
1051 3606 1114 3670 ani·

75 3716 132 3784 mi
150 3740 159 3780 :
175 3729 257 3783 tunc
268 3715 419 3805 intelliges
431 3742 526 3807 quam
537 3721 630 3806 bouaew
639 3731 712 3786 sunt
725 3720 837 3784 domus
848 3719 961 3793 Jacob,
975 3729 1007 3782 et
1019 3739 1113 3804 quam

72 3830 174 3898 bona
196 3826 400 3894 tabernacula
418 3826 522 3894 lsrael.
539 3829 634 3908 Quod
650 3832 673 3894 si
693 3843 724 3894 et
739 3828 929 3896 differentias
944 3823 1112 3894 domorum

111 3955 123 3990 ¹
138 3953 225 4004 Nuur.
238 3969 299 4013 nu,
315 3957 393 4005 35.·-
405 3955 415 3991 ²
426 3957 463 4008 ld.
479 3975 545 4016 xxiv,
558 3959 582 4016 5,
594 3960 617 4007 6.
627 3958 675 3995 -3
691 3977 698 4006 1
710 3959 764 4008 Cor.
778 3975 815 4006 xv.
