2734 4594
253 242 311 304 150
694 263 837 305 oaauaass

247 389 352 452 vineas
361 387 472 461 habet.
484 400 537 453 aut
549 398 652 452 totum
665 383 765 460 licus,
781 398 836 452 aut
852 395 952 452 totum
966 383 1107 461 mala‚vel
1118 383 1229 475 palmas?

247 495 309 562 Sed
326 496 380 584 qui
399 494 529 584 diligens
545 507 576 558 et
591 493 764 558 industrius
778 505 825 558 est
838 492 985 569 colonus,
1003 517 1039 558 ex
1057 495 1100 564 bis
1113 493 1229 558 omnibus

246 624 356 690 agrum
368 602 526 667 consitum
541 600 680 668 habetet
696 599 858 667 refertum.
872 601 926 668 Sic
939 591 1233 690 orgoiatclligamusst

156 755 162 767 .
246 709 278 773 in
293 732 332 774 eo
347 731 421 796 agro
434 731 530 796 quem
540 709 626 774 Deus
640 707 779 796 plantat,
795 709 869 798 quia
885 731 949 774 non
969 731 1028 772 una
1043 706 1103 772 sola
1116 707 1234 771 arborum

248 815 366 904 specics
380 830 443 887 cst.
460 837 529 902 quaa
540 827 663 880 tantum
680 813 784 881 dulcia
799 815 879 880 ierat
894 837 1004 902 poma,
1015 814 1068 878 sed
1082 811 1172 899 aliqua
1184 807 1238 876 dul-

248 923 315 996 cia,
336 921 439 1008 aliqua
452 933 595 996 austera,
611 945 675 988 suae
691 934 797 988 tamen
820 920 1068 1009 unumquodque
1085 916 1206 982 utilitatis
1216 927 1239 979 et

247 1028 363 1116 gratiae.
386 1026 490 1093 Nolite
503 1051 578 1116 orgo
597 1028 630 1093 in
648 1029 738 1094 nobis
754 1027 833 1094 illud
849 1029 1029 1118 requirere,
1045 1027 1125 1114 quod
1140 1024 1170 1088 in
1181 1045 1242 1111 papa

245 1134 424 1204 Alexandro
442 1136 574 1202 habetis.
589 1135 740 1202 Fatemur
754 1137 840 1204 caim
854 1136 940 1224 quod
954 1157 1064 1202 omnes
1079 1156 1131 1200 uos
1144 1142 1242 1218 superat

246 1248 278 1312 in
301 1247 399 1336 gratia
417 1245 562 1313 lenitatis.
585 1247 685 1334 Cujus
705 1249 812 1336 gratias
831 1271 896 1312 non
918 1246 1004 1313 solus
1019 1269 1077 1334 ego
1092 1241 1246 1332 predicator
1327 1258 1329 1402 p

248 1355 368 1430 existo,
387 1355 442 1419 sad
458 1377 515 1420 vos
535 1377 644 1420 omnes
664 1355 785 1443 experti
808 1355 998 1444 cognoscitis
1018 1364 1052 1418 et
1068 1348 1201 1440 probatis
1219 1347 1247 1410 llt

244 1463 317 1528 ideo
328 1462 471 1550 ejusdam
480 1461 608 1550 quidem
621 1463 685 1550 agri
696 1460 886 1550 plantaeesse
893 1471 1104 1551 possumuset
1116 1468 1248 1544 optamus.

245 1581 428 1635 nontamen
443 1568 591 1634 cumdem
607 1590 752 1657 saporem
768 1569 911 1634 reddero.
930 1567 1135 1636 infractibus
1148 1561 1250 1650 quiden

246 1677 438 1744 confitemur
453 1698 509 1740 nos
523 1675 640 1742 habere
656 1675 775 1762 aliquid
791 1676 1011 1742 amaritudinis
1036 1676 1070 1738 in
1085 1692 1199 1760 sapore,
1213 1677 1261 1732 aut.
1329 1697 1330 1702 κ

247 1783 421 1868 sortequod
435 1782 666 1870 videturmagis
677 1804 773 1869 quam
786 1782 826 1846 sit
834 1805 979 1848 amarum
991 1805 999 1846 :
1009 1781 1087 1870 quia
1101 1798 1193 1846 sermo
1204 1794 1253 1839 cor·
1327 1713 1330 1840 l

247 1889 399 1977 raptionis
415 1911 540 1954 amarus
554 1889 683 1975 quidem
700 1890 906 1956 videturesse
923 1889 1005 1954 dum
1021 1887 1167 1976 corripit,
1179 1879 1252 1948 dulcis
1276 1949 1282 1970 Ι

250 2008 357 2062 autem
368 1995 516 2070 efficitur,
530 2019 602 2061 cum
618 1997 777 2063 emendat.
792 1995 872 2063 Vide
886 1997 985 2062 etiam
1003 1997 1106 2085 ipsius
1114 1988 1219 2060 Domini
1229 1997 1251 2049 st

248 2103 418 2171 Salvatoris
435 2104 533 2168 nostri
555 2126 734 2180 sermones,
750 2105 823 2191 quia
847 2127 911 2169 non
926 2127 1046 2170 omnes
1063 2099 1244 2170 beatitudinem

249 2212 432 2287 continent,
448 2233 507 2277 uec
524 2233 633 2276 omnes
648 2211 688 2276 dc
703 2212 792 2277 venia
804 2224 836 2275 et
845 2211 1051 2302 indulgentia
1063 2214 1252 2302 protestantur.

248 2317 303 2382 sed
322 2327 394 2380 sunt
414 2315 446 2380 in
465 2315 566 2381 vorbis
589 2314 684 2380 ctiam
701 2314 847 2403 quaedam
871 2326 1000 2383 austera
1018 2306 1258 2381 astatadstat
1330 2306 1332 2372 l

246 2421 331 2489 onim
346 2423 445 2488 dicits
464 2423 553 2488 Beati
568 2423 621 2509 qui
637 2423 750 2487 haec'et
766 2423 834 2488 haec
852 2435 973 2512 agunt,
990 2425 1039 2490 ita
1057 2424 1152 2496 dicit,
1168 2441 1207 2481 τε
1220 2411 1264 2477 illis

248 2532 300 2620 qui
313 2533 381 2597 hacc
390 2540 422 2596 ct
432 2530 501 2596 haec
513 2541 655 2620 egerunt.
667 2530 802 2620 Egohoc
812 2533 907 2598 etiam
918 2532 951 2597 in
963 2533 1140 2622 Prophetis
1151 2545 1267 2618 persora

249 2649 331 2706 tatus
346 2658 434 2714 sum,
451 2649 484 2702 ct
494 2638 598 2702 inveni
610 2639 719 2725 paucis
731 2637 963 2727 Prophetarum
981 2641 1076 2706 istud
1090 2661 1156 2705 esse
1167 2651 1271 2701 concas·

248 2771 318 2814 sum
330 2797 338 2822 ,
352 2757 387 2812 ut
402 2765 564 2832 nunquam
580 2743 698 2831 aliquid
711 2745 835 2833 populis
849 2767 995 2814 amarum
1010 2759 1071 2812 aut
1085 2747 1175 2812 triste
1186 2741 1275 2827 luae

250 2865 372 2929 rentur,
388 2854 444 2918 sed
455 2850 560 2918 dulcia
571 2864 734 2939 semparct
746 2851 839 2918 lenia.
856 2853 1081 2922 Observatum
1098 2867 1202 2920 tamen
1216 2859 1273 2912 ests

249 2961 406 3050 prioribus
417 2960 531 3025 nostris
544 2983 554 3034 ,·
569 2959 657 3045 quod
671 2960 702 3024 ira
717 2959 845 3047 psalmis
861 2965 1099 3029 tantummodo
1114 2959 1177 3028 illis
1192 2959 1238 3048 qui
1249 2965 1278 3020 at-

249 3065 415 3134 titulantur
432 3067 526 3131 Fictis
543 3067 657 3141 Chore,
673 3067 705 3131 iu
725 3067 799 3155 ipsis
821 3067 894 3133 solis
912 3070 994 3136 nihil
1013 3067 1235 3138 amaritudinis
1244 3057 1275 3124 ttl

253 3175 441 3244 austeritatis
452 3175 577 3239 videtur
590 3173 698 3238 inferri
709 3223 718 3249 ,
731 3171 789 3241 'sed
801 3174 864 3241 hoc
878 3177 923 3241 cis
932 3180 1029 3265 quusi
1043 3179 1160 3244 divino
1174 3191 1276 3241 muner

251 3303 436 3352 concessum
452 3293 517 3357 est,
536 3287 569 3346 ut
585 3281 719 3346 nominis
735 3303 846 3348 eorum
856 3283 967 3372 psalmi
980 3309 1124 3376 semper
1136 3283 1207 3350 lacta
1218 3297 1279 3369 qut*

251 3415 313 3482 quc
328 3391 519 3457 contineant.
537 3391 591 3456 Est
604 3413 678 3479 crgo
693 3390 787 3456 ctiam
801 3393 836 3456 in
852 3393 927 3481 ipsis
944 3393 1130 3484 Prophetis
1143 3393 1241 3459 multa
1251 3387 1287 3452 di

252 3500 390 3569 versitas.
406 3496 467 3564 dlii
483 3498 599 3575 tristia,
616 3498 666 3565 alii
678 3497 748 3563 laeta
766 3498 969 3566 denunciant.
992 3503 1123 3568 Sedet
1141 3504 1209 3591 ipso
1221 3499 1290 3586 apr

251 3607 349 3675 stolus
367 3603 481 3672 Paulus
497 3606 549 3692 qul
564 3606 704 3671 inritator
717 3619 765 3670 est
789 3607 924 3681 Christi,
945 3607 1081 3674 hahere
1097 3633 1135 3676 se
1151 3611 1229 3675 dicit
1243 3605 1293 3668 vir

250 3741 340 3808 gana,
363 3713 401 3780 ad
420 3737 473 3779 cos
495 3714 603 3801 utique
620 3714 672 3800 qui
693 3715 833 3804 indigent
856 3713 1029 3802 disciplina
1051 3741 1061 3783 ι
1081 3731 1120 3801 et
1143 3719 1180 3786 in
1199 3714 1298 3807 spiritu

232 3821 502 3894 'mansuetudinis
521 3821 626 3885 venire
649 3845 683 3887 se
698 3823 791 3898 dicit,
817 3822 856 3887 ad
882 3845 936 3888 eos
957 3827 1148 3910 prolecto,
1173 3843 1295 3913 quorum
