2734 4594
402 270 433 312 ru
458 269 726 316 nrnnuusunrouu
749 271 822 315 nou.
848 273 877 314 v.
970 315 975 322 ,
1060 243 1154 337 ἰη

117 404 243 484 praestet
253 389 445 479 exemplum.
463 391 542 457 Nam
554 393 579 456 si
589 412 647 457 nos
663 393 831 460 fecerimus
846 392 1019 482 malignum
1036 394 1068 460 in
1080 415 1156 459 con-

118 513 228 591 speetu
245 499 396 574 Domini,
418 498 451 564 id
472 510 537 573 est,
562 500 587 564 si
607 499 690 566 maie
711 502 888 590 egerimus,
911 502 936 565 si
958 500 1154 568 voluntatem
1243 555 1247 566 .

119 622 260 675 nostram
274 620 306 672 et
318 629 383 698 non
396 606 453 671 Dei
465 606 615 682 iacimus,
629 619 662 672 et
675 607 811 674 moritur
825 620 857 672 et
872 609 963 673 nobis
975 608 1090 685 Aioth,
1105 611 1158 675 au·
1176 633 1178 640 ’

121 715 221 778 fertur
235 725 267 777 et
281 713 450 799 semegar,
466 723 499 776 et
520 713 708 778 obscuratur
724 713 791 779 laus
805 727 929 789 nostra,
949 712 1104 778 tradimur
1123 714 1157 779 in

122 845 233 888 manus
244 820 337 886 Jabin
350 821 431 908 regis
444 819 604 887 Chanaan.
621 818 715 887 Jabin
731 833 837 886 autem
852 822 1076 909 interpretatur
1088 844 1156 887 sen-

124 953 175 994 sus
194 929 258 995 sive
273 927 451 1017 prudentia.
470 928 504 994 Si
519 951 595 1017 ergo
614 951 671 994 nos
688 956 701 988 ι
716 952 780 995 non
802 929 1038 1018 probaverimus
1054 929 1157 994 Deum

121 1037 260 1104 »babere
279 1038 312 1102 in
323 1036 453 1113 notitia,
468 1037 586 1102 »tradit
597 1060 654 1104 nos
662 1038 746 1103 Deus
757 1039 811 1104 «in
825 1039 997 1129 reprobum
1008 1060 1155 1113 sensum,

121 1145 278 1235 »repletos
294 1145 479 1231 iniquitate,
498 1145 656 1233 nequitia,
679 1145 904 1223 fornicatione,
929 1147 1072 1222 avaritia,
1088 1145 1157 1234 ple·

122 1277 200 1318 »nos
215 1252 349 1328 invidia,
365 1251 560 1328 homicidiis,
573 1254 797 1330 contentione,
811 1254 902 1329 doio,
919 1266 1154 1328 susurratores,

126 1362 357 1434 »detractorem
374 1360 442 1425 Deo
457 1359 608 1437 odibiles,
624 1361 888 1437 contumeliosos,
906 1362 1077 1451 superbos,
1091 1361 1159 1426 ela·

128 1479 216 1543 utos,
235 1469 415 1554 parentibus
444 1491 509 1532 non
532 1468 733 1545 obedientes,
760 1470 1004 1557 incompositos,
1025 1469 1092 1533 sine
1118 1468 1160 1533 ai·

128 1575 253 1649 »fectu,
269 1575 334 1639 sine
345 1575 588 1641 misericordia¹.
601 1575 717 1644 »Vides
731 1579 785 1664 qui
796 1578 859 1656 sint
870 1589 902 1641 et
915 1576 1087 1665 quolequui
1099 1587 1160 1641 tra-

126 1682 246 1747 duntur
262 1682 294 1746 iu
312 1682 481 1769 reprobum
496 1705 639 1759 sensum,
658 1685 712 1770 qui
732 1685 899 1752 traduntur
913 1684 1009 1752 Jabiu
1023 1683 1158 1772 principi

126 1789 376 1856 Chananaeorum
379 1836 444 1854 .....

119 2055 1157 2084 ΜΜΜΜΜΜΝΜΜΜΜἊΜΝΜΜΝΜἪῊἫ

310 2205 313 2212 ’
425 2249 623 2316 nouum
653 2249 823 2336 Quium
839 2253 861 2314 ².

270 2493 313 2548 De
329 2490 483 2560 Debbora,
497 2499 528 2548 et
542 2487 671 2562 barach,
687 2498 716 2545 et
732 2485 830 2555 duhel,
849 2498 878 2543 et
892 2483 1020 2544 Sisaru⁸.

167 2705 193 2768 l.
212 2704 260 2768 De
279 2704 503 2789 quaestionibus
524 2703 564 2768 ad
581 2704 770 2792 quaetiones,
787 2713 818 2764 et
840 2701 880 2764 de
897 2700 1102 2765 sacramentis
1118 2701 1158 2764 ad

124 2823 321 2876 sacramente
336 2812 523 2877 transimus:
538 2823 570 2876 et
585 2833 659 2876 cum
668 2812 717 2875 vix
729 2833 766 2875 ae
781 2807 950 2874 difficulter
964 2808 1065 2896 prima
1078 2831 1161 2896 qum

126 2941 188 3006 que
199 2918 401 3007 explanamus
413 2917 609 2994 ,difficilibus
621 2917 795 2983 difficiliora
809 2916 985 2981 succedunt
995 2965 1003 2992 ,
1013 2940 1083 3003 quae
1094 2939 1161 2982 non

125 3038 191 3092 tam
207 3026 323 3115 ingenii
338 3026 483 3094 facundia
499 3027 676 3115 indigeant,
690 3048 785 3114 quam
802 3025 915 3089 divinae
931 3024 1036 3112 gratiae
1050 3025 1163 3112 aspiru-

122 3135 245 3199 tionem
258 3135 428 3221 requirant.
439 3135 514 3199 Sine
527 3133 624 3199 dubio
635 3134 721 3199 enim
734 3131 865 3221 requirit
878 3132 1072 3208 auditorem,
1086 3156 1159 3221 quo·

123 3243 210 3306 niam
227 3241 356 3328 quidem
372 3243 525 3307 sententia
540 3254 587 3306 est
604 3239 736 3330 apostoli
749 3239 854 3314 Pauli,
868 3263 937 3327 quae
950 3240 1026 3305 dicit
1041 3263 1048 3303 :
1062 3269 1073 3299 α
1086 3239 1160 3305 Om-

128 3347 198 3413 »nis
213 3348 373 3438 Scriptura
391 3349 539 3415 divinitus
554 3349 722 3437 inspirata,
741 3346 825 3411 utilis
839 3357 887 3411 est
903 3348 941 3412 ad
962 3347 1160 3421 docendum,

123 3451 190 3517 »ad
212 3452 458 3541 increpandum,
482 3454 522 3520 ud
548 3453 725 3519 doctrinam
749 3475 818 3538 quae
840 3463 888 3514 est
915 3451 948 3515 in
968 3451 1117 3539 justitia⁴.
1143 3481 1155 3512 b

122 3560 214 3642 Quid
228 3584 304 3649 ergo
324 3561 440 3627 babeat
459 3562 491 3627 in
508 3583 575 3626 sese
594 3561 653 3626 ista
670 3561 852 3649 Scriptura,
870 3581 965 3645 quam
984 3560 1050 3625 sine
1067 3559 1164 3623 dubio

158 3697 168 3729 ¹
182 3703 254 3749 Rom.
265 3717 287 3762 1,
303 3700 345 3762 28,
358 3719 402 3766 ²9,
417 3702 459 3762 3ο,
474 3699 516 3751 3ι.

157 3785 169 3820 ²
183 3791 255 3836 Tom.
266 3806 300 3845 n,
313 3807 384 3855 pagg.
398 3791 465 3847 468·
474 3795 532 3857 47⁰·

158 3883 168 3916 ⁸
180 3879 266 3929 Jndie.
277 3897 311 3928 rr.
321 3909 356 3918 -
366 3883 377 3916 ⁴
389 3899 402 3931 a
414 3883 476 3932 Tim.
489 3897 519 3928 ur
530 3918 536 3941 ‚
547 3881 585 3928 16.
