2702 4610
368 253 401 298 lll
426 252 551 299 sxoutttt
573 253 702 299 noetus
726 250 768 297 lv.
1026 255 1080 300 ill

52 399 160 468 pueros
180 367 392 460 intelligentia
415 369 626 458 deceperunt;
651 370 705 435 ubi
727 391 807 434 crux
827 367 945 434 Christi
970 370 1090 434 mundo

52 487 123 552 hnic
135 483 275 550 veritatis
292 479 405 544 lumen
419 479 570 555 ostendit,
586 479 673 544 necis
688 502 800 544 corum
826 501 948 568 poenas,
965 493 998 545 at
1021 503 1092 544 raa-

53 607 119 661 tum
131 591 293 681 sanguinis
304 586 448 678 exigunt.
466 588 512 654 lta
525 586 611 653 enim
622 600 655 652 et
666 587 733 675 ipae
746 587 900 654 Dominus
914 589 1005 684 dicit,
1018 589 1091 678 quia

62 703 188 770 romnis
209 699 331 790 sanguis
359 697 415 787 qui
435 696 553 764 effusus
574 709 732 786 estsuper
752 709 883 775 terram,
906 698 1092 788 asnngnine

61 843 74 876 ι
89 810 169 879 Abel
179 812 252 900 justi
263 834 363 900 usque
375 809 417 876 ad
428 808 614 898 sanguinem
625 808 800 885 Zachariae,
814 810 1019 899 inquinatura
1035 834 1092 900 ge-

64 922 246 988 »neratione
257 919 347 987 hnc¹.
358 949 372 982 a
382 919 444 984 Por
454 918 627 986 secundum
642 942 716 986 vero
730 918 869 1009 plagam,
885 921 992 1008 inqua
1006 943 1090 987 rnuae

62 1030 291 1120 producuntur,
314 1027 450 1094 indicari
472 1026 647 1114 figuraliter
667 1030 804 1095 arbitror
819 1031 959 1096 carmina
981 1036 1092 1119 poe'ta-

61 1163 140 1216 rum,
158 1139 212 1226 qui
231 1138 318 1204 inani
335 1136 474 1223 quadum
489 1149 523 1202 et
538 1137 646 1203 inssata
662 1139 890 1218 modulatione,
906 1142 991 1207 velut
1006 1165 1095 1209 runa-

59 1273 128 1316 rnm
139 1249 228 1314 sonia
239 1259 273 1313 et
284 1249 444 1322 cantibus,
457 1249 580 1314 mundo
591 1248 668 1315 huic
679 1249 873 1338 deceptionis
885 1250 1005 1318 fabulas
1015 1253 1098 1317 intu-

60 1359 179 1426 lerunt.
195 1357 248 1424 Ad
259 1355 339 1421 nihil
349 1356 430 1422 enim
443 1355 523 1423 illud
533 1356 651 1422 animal
660 1356 737 1424 utile
748 1371 809 1434 est,
818 1360 878 1424 nisi
890 1359 975 1446 quod
984 1382 1099 1424 sonum

66 1467 156 1533 socia
170 1463 330 1553 improbis
346 1476 377 1529 et
390 1465 575 1554 importunis
597 1464 791 1533 clamoribus
815 1467 930 1532 reddit.
949 1468 1024 1532 Post
1039 1467 1101 1533 hoc

72 1575 218 1664 ciniphes
232 1573 455 1664 producuntur.
473 1577 543 1642 lloe
559 1574 678 1642 animal
692 1576 805 1666 pennis
821 1577 950 1666 quidem
968 1601 1103 1667 suspen-

70 1685 159 1752 ditur
174 1707 236 1773 per
247 1688 319 1752 aera
339 1682 481 1762 volitans,
498 1685 556 1755 aad
570 1685 614 1750 ita
635 1684 752 1752 subtile
765 1699 815 1752 ost
828 1696 861 1752 et
878 1686 1051 1762 minutum,
1068 1699 1104 1752 ut

67 1791 153 1862 oculi
171 1793 286 1870 risum,
303 1793 362 1860 nisi
383 1803 477 1862 acute
495 1793 668 1870 cernentis,
687 1793 817 1884 effugiat
835 1819 844 1862 z
862 1817 979 1884 corpus
997 1807 1104 1862 tamen

65 1929 139 1976 oum
155 1903 323 1980 insederit,
340 1903 496 1972 acerrimo
508 1906 648 1970 terebrat
657 1905 799 1982 stimulo,
814 1906 855 1972 ita
871 1917 1015 1994 utquam
1031 1906 1106 1973 voli·

66 2025 192 2084 tantm
213 2013 323 2078 videre
346 2015 416 2102 quis
442 2035 506 2080 non
525 2012 640 2088 valent,
661 2015 776 2081 sentiat
793 2014 1018 2082 stimulantem.
1036 2019 1106 2084 lloc

65 2147 143 2214 ergo
157 2118 303 2188 animalia
320 2144 421 2210 genua
433 2121 614 2210 dignissime
628 2133 706 2210 puto
721 2124 779 2188 arti
795 2122 966 2192 dialecticas
982 2147 1108 2215 compa·
1182 2160 1191 2168 ·

71 2234 153 2310 rari,
166 2256 237 2320 quae
258 2231 388 2298 minutis
408 2243 441 2299 et
460 2229 627 2298 subtilibus
644 2233 813 2296 verborum
832 2230 966 2301 stimulis
988 2235 1109 2298 animas

76 2342 233 2416 terebrat,
246 2352 279 2406 et
297 2354 382 2410 taum
404 2338 576 2408 calliditate
598 2342 820 2417 circumvenit,
834 2354 868 2405 ut
883 2342 1035 2430 deceptus
1050 2365 1109 2408 neo

71 2451 256 2520 videatnec
269 2449 421 2540 intelligat
437 2451 520 2516 unde
537 2451 703 2540 decipitur.
719 2450 843 2528 Quarto
854 2473 981 2537 quoque
998 2453 1029 2516 in
1041 2449 1113 2516 loco

64 2561 281 2652 cynomyiam
298 2561 493 2650 Cynicorum
511 2574 605 2627 sectae
622 2559 888 2650 comparaverim,
906 2561 960 2648 qui
983 2560 1024 2624 nd
1039 2559 1114 2624 reli-

65 2693 151 2762 quas
169 2670 368 2758 deceptionis
382 2693 448 2740 suar
463 2669 695 2758 improbitates,
711 2669 808 2735 etiam
823 2667 1017 2757 voluptatem
1032 2680 1065 2734 et
1078 2667 1113 2734 li·

66 2782 233 2858 bidinen,
252 2801 414 2846 summum
427 2778 601 2867 praedicant
615 2779 748 2844 bonum.
765 2775 926 2856 Quoniam
942 2777 1037 2864 igitur
1056 2799 1115 2866 per
1156 2781 1161 2788 '

68 2885 280 2978 baeeainguln
292 2888 378 2977 priua
390 2886 542 2978 deceptus
552 2897 601 2952 est
611 2887 771 2963 mundus,
778 2885 946 2951 adveniens
963 2908 1068 2952 sermo
1083 2901 1117 2953 et

71 3001 125 3067 lex
140 2999 220 3075 Dei,
233 2996 456 3086 hujuscemodi
466 3018 543 3062 eum
553 2989 807 3082 correptionibm
817 2993 934 3082 arguit,
948 3005 982 3060 ut
992 3017 1032 3061 ex
1042 3019 1118 3084 qua-

71 3108 164 3176 litate
186 3129 358 3198 paenarum
375 3103 543 3196 qualitates
561 3105 682 3194 proprii
703 3116 852 3193 agnoscat
874 3106 999 3170 erroris.
1022 3105 1118 3185 Quod

77 3241 154 3284 raro
170 3217 289 3306 quinto
305 3217 339 3282 in
353 3214 426 3284 loco
437 3213 621 3282 animalium
637 3236 717 3280 nece
728 3213 777 3278 vel
791 3214 951 3302 pecudum
965 3213 1119 3303 AEgyptus

79 3328 284 3400 verberatur,
294 3323 441 3390 vecordia
453 3323 485 3388 in
496 3321 559 3390 hoc
571 3322 713 3410 arguitur
723 3318 916 3410 stultitiaque
925 3322 1118 3399 mortalium,

87 3435 142 3518 qui
152 3446 304 3524 tanquam
321 3429 546 3497 irrationabilia
558 3427 809 3518 pecoracultum
821 3427 1052 3496 etvocabulum
1063 3431 1122 3498 Dei

92 3537 216 3604 dirersis
230 3543 454 3629 imposuerunt
468 3536 591 3627 liguris,
609 3559 673 3603 non
694 3535 796 3603 solum
817 3538 995 3616 hominum,
1016 3540 1072 3605 sed
1090 3551 1122 3605 et

85 3648 260 3738 pecudum,
274 3648 365 3738 ligno
379 3659 412 3712 et
431 3646 587 3735 lapidibus
602 3647 776 3735 impressis,
787 3649 998 3714 Hammonem
1010 3647 1123 3714 Jovem

84 3758 115 3825 in
132 3758 231 3828 ariete
244 3769 445 3832 venerantes,
458 3768 491 3823 et
499 3757 627 3825 Anubin
637 3757 668 3824 in
680 3778 771 3832 cane,
785 3757 868 3845 Apin
880 3781 1005 3846 quoque
1017 3756 1124 3822 colen·

115 3883 125 3916 ¹
136 3883 231 3933 ltarrh.
243 3901 318 3946 xxrrr,
332 3883 373 3932 35.
934 3890 939 3897 '
