2702 4610
248 259 289 345 96
692 274 835 322 uniamus

247 419 304 464 nos
315 408 405 462 nctus
421 396 453 459 in
469 393 598 483 publico
613 417 774 482 geramus,
786 419 828 460 ne
842 393 996 480 justitiam
1010 403 1152 460 nostram
1168 409 1285 461 coram

246 507 428 574 hominibus
444 505 609 580 faciamus,
621 503 678 570 sed
693 518 727 570 ut
744 502 851 572 clauso
868 504 948 569 ostio
962 526 1090 569 oremus
1104 503 1231 570 Patrem
1250 505 1286 571 in

246 616 387 690 occulto,
411 628 444 681 et
465 616 553 703 quod
572 615 646 681 lacit
667 615 794 680 dextera
817 625 922 678 nostra
945 615 976 679 id
1000 614 1120 678 neseiat
1141 613 1282 679 sinistra.

246 725 311 791 Nisi
328 724 413 788 enim
430 724 462 787 in
478 721 606 788 occulto
628 721 735 796 suerit,
755 721 922 809 diripietur
941 723 980 786 ab
1000 719 1170 808 AEgyptiis,
1189 720 1286 786 inva-

247 832 354 905 detur,
370 832 402 894 in
419 829 540 896 {lumen
561 830 745 917 jactabitur,
763 829 855 894 undis
873 840 905 893 et
925 827 1076 894 fluctibus
1090 811 1284 918 submerge·-

248 951 308 1003 tur.
329 939 413 1027 Ergo
428 940 454 1003 si
476 939 558 1005 facio
573 937 822 1026 eleemosynam,
839 938 912 1026 quia
931 961 1010 1025 opus
1031 938 1089 1002 Dei
1110 949 1171 1012 est,
1194 960 1283 1004 mas-

245 1045 353 1112 culum
366 1069 493 1134 genero.
510 1045 574 1112 Sed
585 1046 610 1111 si
622 1047 664 1111 ita
677 1046 791 1113 faciam
804 1059 838 1110 ut
849 1047 1031 1112 homiuibus
1043 1047 1234 1123 innotescat,
1247 1061 1282 1114 et

244 1157 285 1219 ab
306 1154 488 1220 hominihus
509 1153 637 1221 laudem
658 1179 810 1243 quaeram,
829 1165 862 1222 et
877 1180 941 1222 non
960 1179 1031 1221 eam
1052 1153 1258 1220 occultavero
1266 1180 1275 1228 3

244 1276 333 1350 rapta
352 1275 400 1328 est
423 1264 463 1328 ab
480 1262 635 1352 AEgyptiis
656 1245 857 1352 eleemosyna
879 1289 962 1339 mea,
980 1264 1063 1328 etin
1081 1261 1203 1329 llumen
1221 1263 1279 1328 de—

243 1395 345 1437 mersa
364 1385 425 1447 est,
446 1385 480 1436 et
499 1385 587 1438 tanto
605 1372 713 1438 labore
732 1385 883 1462 tantoque
899 1372 1003 1437 studio
1020 1369 1175 1459 AEgyptiis
1191 1394 1278 1436 mas-

246 1480 355 1548 culum
374 1483 480 1570 genui.
500 1483 717 1571 Propterea,o
734 1507 787 1548 vos
802 1481 939 1571 populus
958 1481 1014 1546 Dei
1030 1481 1084 1568 qui
1099 1479 1169 1545 liaec
1184 1483 1276 1546 nudi·

136 1654 138 1656 ,
243 1591 296 1665 tis,
318 1589 417 1655 nolite
438 1602 551 1678 putare
576 1593 632 1677 (ut
653 1615 736 1680 saepe
756 1593 822 1681 jam
845 1591 1000 1678 diximus)
1024 1601 1166 1655 veterum
1181 1591 1271 1656 vobis

242 1695 363 1762 fabulas
379 1698 517 1773 recitari,
534 1698 589 1763 sed
606 1699 714 1765 doceri
731 1723 785 1764 vos
800 1722 856 1787 per
877 1699 959 1773 hac,
976 1709 1011 1760 ut
1026 1698 1199 1786 agnoscatis
1213 1721 1271 1762 or-

243 1805 350 1870 dinem
369 1807 449 1879 vitae,
466 1806 608 1871 instituta
625 1829 765 1880 morum,
779 1806 867 1880 lidei,
881 1806 1067 1892 virtutisque
1084 1805 1261 1871 certamina.

294 1912 465 1978 «Videntes
480 1937 557 2004 ergo
573 1917 629 1978 isti
643 1916 684 1978 de
699 1917 789 1980 tribu
800 1915 881 1980 Levi
891 1913 1069 2001 elegantem
1080 1935 1148 1978 esse
1162 1913 1273 1999 insnu-

242 2051 254 2082 ι
272 2037 349 2094 tem,
366 2017 548 2085 celaverunt
564 2043 638 2086 eum
654 2024 816 2100 mensibus
832 2023 944 2087 tribus.
960 2021 1105 2108 Cumque
1119 2044 1183 2089 non
1197 2045 1273 2110 pos-

240 2159 253 2191 s
270 2127 591 2217 sentamplius'celnre
603 2155 690 2206 eum,
699 2132 977 2220 sumpsit,inqnit,
989 2143 1091 2196 mater
1103 2131 1170 2216 ejus
1180 2132 1271 2208 tibin,

240 2268 252 2299 i
267 2251 301 2303 et
315 2237 416 2302 linivit
434 2239 603 2314 bitumine,
625 2249 659 2305 et
680 2241 790 2329 injecit
805 2241 958 2306 infantem
972 2240 1005 2306 iu
1023 2261 1106 2315 eam,
1120 2253 1153 2305 et
1166 2243 1273 2328 posuit

239 2377 252 2410 ι
269 2348 301 2412 in
312 2345 428 2435 palude
436 2369 526 2412 secus
537 2346 657 2412 llumen
665 2371 675 2421 ς
688 2358 720 2412 et
731 2350 919 2414 observabat
932 2369 1021 2412 soror
1033 2347 1104 2433 ejus'
1114 2348 1154 2413 de
1165 2345 1269 2436 longe,

187 2497 190 2506 ι
238 2467 304 2520 »ut
326 2455 445 2521 videret
461 2456 538 2544 quid
555 2455 714 2522 accideret
730 2457 768 2521 ei.
792 2457 962 2524 Descendit
985 2469 1092 2521 autem
1112 2455 1176 2521 lilia
1194 2456 1269 2524 Pha·

238 2593 250 2625 »
268 2565 370 2631 raonis
386 2576 421 2628 ut
435 2563 592 2629 lavaretur
604 2566 636 2630 in
648 2563 795 2640 flumine,
807 2576 840 2629 et
851 2566 969 2631 audivit
983 2563 1161 2652 plorantem
1173 2564 1271 2630 inlan-

238 2703 250 2736 ι
265 2687 342 2748 tem,
356 2685 387 2738 et
398 2673 495 2749 misit,
509 2675 633 2758 inquit,
649 2685 682 2738 et
694 2675 861 2761 assumpsit
875 2695 950 2738 eum
958 2699 967 2747 ;
982 2685 1015 2740 et
1027 2675 1104 2738 dixit
1115 2673 1179 2739 filia
1192 2674 1269 2740 Pha-

236 2811 249 2842 »
264 2781 380 2853 raonis,
392 2779 474 2858 Quia
489 2779 527 2844 de
540 2781 712 2847 infantibus
723 2782 985 2848 Hebraeorumest
996 2780 1079 2846 hiet
1089 2810 1102 2844 a
1113 2780 1188 2846 Post
1199 2781 1267 2849 haec

235 2893 300 2978 jam
317 2888 453 2955 refertur
467 2891 627 2977 quomodo
643 2915 733 2956 soror
748 2893 816 2980 ejus
830 2891 906 2957 dixit
920 2902 953 2954 ut
965 2903 1100 2956 matrem
1111 2892 1201 2978 pueri
1212 2915 1263 2956 vo·

239 3010 338 3072 earet,
355 3015 424 3084 quae
445 3021 520 3063 eum
545 2999 691 3064 nutriret.
717 3000 781 3064 «Et
797 2999 888 3073 dixit,
901 3001 1028 3084 inquit,
1040 2999 1079 3063 ad
1099 2997 1185 3063 illam
1203 2999 1266 3065 lilia

236 3106 445 3172 »Pharaonim
459 3107 589 3172 Custodi
599 3106 676 3173 mihi
687 3107 947 3182 huncinlantem,
956 3119 988 3171 et
997 3106 1082 3170 nutri
1091 3129 1165 3174 eum
1174 3106 1250 3186 mihi
1258 3131 1268 3181 ς

235 3245 247 3277 ι
262 3240 321 3304 ego
338 3227 444 3280 autem
460 3217 543 3280 dabo
567 3218 624 3282 tihi
640 3216 830 3282 mercedem.
850 3216 996 3302 Cumque
1009 3216 1165 3286 nutrisset
1179 3209 1273 3293 eum,

234 3353 247 3386 s
262 3338 294 3391 et
312 3324 423 3390 fortior
436 3324 538 3390 lactus
552 3338 647 3401 esset,
663 3324 788 3390 induxit
802 3323 891 3390 illum
907 3325 947 3389 nd
965 3323 1063 3390 liliam
1079 3323 1264 3400 Pharaonis,

233 3461 245 3494 ι
261 3445 293 3498 et
304 3433 461 3498 saetnsest
476 3435 504 3498 ei
516 3435 549 3498 in
560 3433 675 3509 lilium,
687 3445 720 3499 et
730 3434 904 3500 nominavit
918 3433 1266 3522 nomenejusllloysen,

232 3572 244 3605 n
259 3544 383 3618 dicens,
393 3544 466 3630 quia
477 3543 517 3608 de
527 3558 688 3630 aquaeum
700 3537 882 3633 assumpsi².
892 3573 904 3606 ι
915 3542 1043 3633 Singula
1054 3543 1124 3610 haec
1135 3543 1269 3610 immen-

234 3653 275 3719 sis
296 3652 415 3742 repleta
433 3655 593 3743 mysteriis
608 3665 734 3742 tempus
748 3656 877 3745 exigunt
891 3655 1022 3744 grande,
1041 3667 1073 3720 et
1093 3655 1190 3720 totius
1206 3654 1270 3721 diei

231 3764 369 3852 spatium
382 3762 450 3828 siin
465 3761 514 3829 his
531 3787 768 3839 consumamus,
783 3764 834 3829 vix
847 3763 980 3834 fortasse
999 3763 1144 3830 sufficiat.
1160 3763 1269 3829 Brevi·

265 3891 372 3944 ¹n10e.
390 3911 417 3955 n,
429 3911 441 3942 2
452 3895 619 3958 naqa-²
632 3895 701 3943 inu.
713 3875 738 3959 9ss
