2776 4616
413 306 445 350 ru
470 301 610 351 armans
632 301 764 350 uentura
787 305 849 350 xm.
1084 275 1149 360 465

113 448 127 481 ι
141 420 314 509 pecoribus
329 419 436 497 bonis,
448 433 481 486 et
497 419 668 487 noluerunt
681 443 718 486 ea
733 419 965 493 exterminare:
981 419 1036 486 sad
1054 439 1150 484 omne

115 530 228 618 »quod
240 529 301 596 luit
311 530 553 620 contemptibile
570 543 602 598 et
614 531 813 620 despectum.
827 530 1151 598 hecanathematiaa-

114 667 127 698 ι
146 649 270 704 rerunt.
285 639 326 704 Et
336 637 439 706 lactus
450 650 499 704 est
510 661 616 706 sermo
627 639 755 705 Domini
767 639 808 704 ad
818 638 999 706 Sarnuelem
1014 639 1124 706 dicens
1139 661 1147 702 ε

116 777 131 812 s
147 747 284 814 Paenitet
294 749 446 837 me,-quia
467 750 610 815 auxerim
624 747 700 815 Saiil
716 747 748 814 in
765 749 902 838 regem¹.
919 778 931 810 s
947 751 987 814 Et
1003 748 1057 814 hic
1075 769 1151 838 erge

117 860 250 924 observa
262 857 423 945 quomedo
431 859 582 948 Deusper
593 857 787 947 Prophetam
798 859 864 948 regi
871 857 946 924 saut
958 858 1102 948 praecipit
1118 869 1152 924 ut

117 980 276 1057 expugnet
286 965 454 1042 Amalech,
466 979 499 1032 et
519 990 582 1034 nen
600 977 710 1056 parcat
721 967 871 1054 cuiquam
889 961 928 1032 ex
943 968 989 1032 eis
1002 991 1011 1040 t
1026 978 1059 1032 et
1076 991 1153 1056 que·

116 1079 204 1144 niam
221 1079 364 1166 pepercit
380 1079 446 1166 regi
462 1077 615 1146 Amalech
631 1078 731 1166 Agag,
744 1076 897 1144 offensam
915 1077 1049 1144 incurrit
1065 1079 1152 1144 inex-

113 1185 282 1276 piabilem,
292 1186 335 1252 ita
349 1196 383 1251 ut
394 1208 534 1274 eousque
544 1171 745 1276 permoveret
758 1187 876 1264 Deum,
887 1199 923 1252 ut
934 1198 1044 1253 contra
1057 1210 1154 1277 quam

114 1295 231 1384 recipit
242 1293 295 1360 illa
307 1305 420 1361 natura
437 1295 576 1362 diceret:
590 1323 603 1358 s
618 1297 754 1362 Poenitet
766 1318 818 1362 me
833 1297 918 1383 quod
936 1297 1012 1362 unni
1031 1296 1106 1362 Saiil
1120 1297 1153 1362 in

1 1409 2 1414 ¹
118 1435 132 1466 ι
147 1427 265 1494 regem.
282 1431 294 1466 s
314 1405 385 1472 Nun
400 1427 476 1494 erge
491 1408 618 1495 expedit
633 1407 725 1474 nobis
740 1429 870 1495 parcere
888 1406 933 1473 illi
944 1407 1004 1494 qui
1015 1406 1154 1474 declinat

1 1586 3 1615 q
118 1513 286 1602 papulum,
296 1509 346 1579 rel
358 1513 490 1604 ablingit
501 1527 533 1582 et
543 1514 693 1588 devorata
709 1514 753 1580 illi
764 1514 887 1582 scilicet
898 1515 1045 1582 invisibili
1059 1518 1154 1584 Ama·

118 1624 206 1700 lech,
226 1626 280 1713 qui
305 1623 484 1692 volentibus
506 1627 678 1694 ascendere
700 1626 742 1692 de
759 1625 909 1715 AEgypto‚
928 1639 961 1692 et
980 1627 1020 1692 de
1043 1626 1154 1692 mundi

116 1736 216 1823 hujus
230 1734 365 1802 eradere
383 1737 535 1812 tenebris,
551 1748 646 1824 atque
657 1735 699 1802 ad
710 1747 828 1802 terram
843 1736 1097 1824 repromissionis
1109 1759 1156 1802 as-

114 1843 268 1919 cendere,
283 1843 398 1910 resistit
415 1842 447 1910 in
461 1844 520 1918 via.
534 1855 567 1908 et
578 1844 742 1932 impugnat
753 1866 826 1918 nos3
841 1855 870 1909 et
882 1843 909 1908 si
921 1844 1078 1910 invenerit
1096 1867 1155 1910 nos

114 1953 229 2029 lassos,
242 1975 281 2018 ae
291 1952 441 2028 delesses,
455 1963 486 2018 et
498 1963 583 2019 retro
599 1952 816 2040 respicientes,
827 1966 921 2040 atque
937 1952 971 2018 ie
988 1949 1108 2018 ultimis
1124 1963 1157 2018 et

117 2064 152 2127 in
170 2064 269 2130 cauda
288 2064 420 2152 positos,
436 2063 594 2131 abscindit
611 2085 669 2130 nos
685 2075 718 2128 et
733 2063 870 2151 perimit.
890 2061 931 2127 Et
946 2062 1019 2128 ideo
1033 2075 1158 2130 tentan-

1 2247 2 2254 ἵ
121 2170 204 2236 dum
215 2193 340 2260 semper
354 2171 472 2238 inante
487 2183 548 2247 est,
565 2183 598 2236 et
610 2170 652 2236 ael
662 2171 787 2259 propria
804 2171 1031 2245 festinandum,
1044 2173 1109 2239 imo
1124 2185 1157 2238 et

1 2359 3 2420 l

1 2466 3 2508 t

125 2281 164 2344 in
176 2281 324 2346 verticem
335 2282 451 2348 mentis
468 2281 721 2357 ascendendum,
738 2293 771 2346 et
786 2303 911 2370 semper
927 2280 1071 2349 levanda
1083 2295 1158 2350 sunt

121 2389 159 2454 in
176 2389 367 2456 erationibus
390 2391 432 2456 ad
452 2388 570 2456 coelum
593 2413 719 2465 manus,
736 2401 772 2454 ut
795 2391 838 2455 ita
862 2391 993 2457 demum
1011 2392 1158 2458 vincetur

118 2496 278 2567 Amalech
290 2510 323 2566 et
337 2501 440 2568 cadat.
460 2499 514 2567 Vis
529 2512 637 2600 autem
651 2501 732 2566 scire
752 2499 903 2588 queniam
920 2521 984 2566 nnn
1003 2501 1156 2568 transitur

1 2690 3 2712 Ι
112 2611 161 2678 ad
175 2621 294 2678 terram
305 2626 462 2689 sanctam,
475 2635 579 2700 neque
589 2612 774 2702 pervenitur
785 2612 826 2677 ad
837 2633 984 2700 regnum.
997 2613 1058 2678 nisi
1069 2611 1157 2702 prius

110 2722 269 2788 vincatur
293 2719 469 2789 Amalech?
492 2722 594 2788 David
617 2745 692 2788 cum
713 2719 814 2788 multu
837 2719 918 2788 bella
944 2723 1104 2811 gessisset,
1127 2735 1160 2787 et

4 2833 7 2838 ’
110 2830 234 2898 contra
248 2829 436 2920 Allcphyles
455 2831 588 2900 luissent
603 2812 797 2898 ei'acerrimi
815 2830 1063 2918 frequentesque
1078 2853 1158 2897 cen·

109 2939 243 3016 flictus,
263 2963 329 3006 nen
345 2952 451 3006 tamen
467 2941 618 3008 scribitur
636 2941 810 3008 obtinuisse
828 2961 976 3030 regnum,
995 2941 1056 3007 nisi
1070 2943 1158 3030 prius
1236 3020 1239 3026 Ι

108 3049 317 3116 edomuisset
328 3047 491 3116 Amalech.
504 3049 558 3115 Ait
567 3050 655 3116 enim
667 3049 851 3138 Scriptura:
864 3074 878 3108 r
890 3051 930 3114 Et
941 3071 1101 3137 regressus
1111 3062 1159 3116 est

103 3189 132 3230 s,
162 3143 267 3223 David
282 3170 491 3247 posteaquam
506 3159 623 3226 cecidit
638 3157 805 3233 Amalech,
821 3169 854 3224 et
868 3160 1006 3246 suscepit
1023 3182 1156 3248 regnum

103 3298 125 3332 s
149 3264 277 3331 Satil²=
300 3295 313 3327 s
336 3289 410 3332 cum
431 3280 538 3334 temen
558 3268 625 3355 ipse
646 3265 800 3334 Amalech
822 3267 1020 3334 describatur
1041 3267 1158 3334 multas
1279 3309 1283 3314 -

103 3376 214 3469 prius
233 3387 351 3465 strages
367 3376 477 3442 iecisse
499 3377 532 3442 in
552 3373 671 3464 populo
690 3374 801 3448 lsrael.
816 3389 849 3440 et
870 3377 963 3442 urbes
978 3399 1089 3442 cerum
1109 3381 1159 3442 in-

103 3483 270 3554 cendisse
282 3484 542 3574 quamplurimas.
556 3485 640 3553 Vere
653 3485 740 3551 enim
751 3498 824 3550 ante
837 3483 1086 3552 adventum'reri
1098 3488 1159 3552 Da·

0 3603 1 3620 ¹
101 3592 190 3668 vid,
210 3591 292 3658 illius
313 3593 367 3682 qui
389 3606 480 3660 natus
501 3607 549 3660 est
569 3595 745 3660 exsemine
767 3591 868 3660 David
887 3597 1063 3664 secuudum
1085 3619 1159 3662 car·

1 3727 2 3734 ’
93 3726 212 3780 nem,
240 3701 357 3770 multas
384 3713 502 3793 strages
535 3702 713 3792 spirituales
739 3701 957 3778 Amalechitte,
987 3725 1059 3793 quae
1085 3705 1160 3769 s'unt

87 3813 291 3888 oontrsriae
307 3815 450 3890 virtutes,
466 3813 610 3881 iecerunt
625 3815 659 3880 in
674 3811 792 3903 pupule
807 3813 913 3880 lsra'e'l.
934 3813 997 3880 see
1011 3827 1045 3880 et
1061 3815 1157 3902 ipsius

143 3945 231 4007 *Πομ
242 3958 285 3997 xe,
299 3957 364 3990 rer.
376 3942 427 3980 -2
441 3944 503 4008 lleg.
519 3963 536 4004 r,
552 3961 574 3993 ι.

262 4054 305 4092 rx.
985 4030 1026 4092 tto
