2632 4600
354 259 386 303 ra
411 257 550 302 rsaauuu
573 259 664 302 xxxvi
688 259 761 302 uon.
790 261 809 300 r.
1041 239 1109 320 207·

76 381 141 446 rerit
152 382 181 446 in
194 393 381 469 peccatum,
395 381 472 468 quid
484 381 586 469 ipsum
598 394 811 469 consequatur
826 393 986 470 agnoscat.
1003 381 1103 470 Argui

75 487 117 552 vel
132 488 243 576 corripi
259 500 307 552 est
323 465 439 552 dosoris
452 510 567 575 poena,
583 489 743 554 cruciatus
757 501 789 552 et
805 489 847 554 ita
866 489 968 576 gravis
982 501 1050 564 est,
1068 500 1105 554 ut

74 596 159 662 etiam
172 596 206 660 hi
221 597 276 685 qui
292 594 401 660 fideles
417 607 449 659 et
464 595 599 684 religiosi
617 597 780 671 videatur,
805 596 830 660 si
846 595 926 661 sorte
944 609 980 660 ut
999 597 1106 662 homi-

76 727 126 768 ues
143 702 307 792 aliqnando
330 689 362 768 in
385 702 501 769 delicto
523 702 628 792 aliquo
647 705 839 770 incurrerint
860 716 893 770 et
912 717 1104 793 arguantur,

75 811 268 899 indignentur
283 810 431 876 adversus
443 834 497 876 eos
513 811 567 899 qui
581 825 736 900 arguunt,
753 824 784 876 et
799 812 924 878 oderint
939 835 1003 878 eos.
1025 812 1107 878 Cor-

75 919 184 1006 ripiunt
195 919 279 984 enim
298 930 332 982 ut
349 919 529 984 emendent.
549 920 589 984 Et
604 917 802 985 haemulum
820 918 878 984 snit
893 920 926 984 in
942 943 1054 994 eausa,
1073 931 1108 984 ut

73 1027 160 1092 etiam
175 1051 193 1092 a
215 1025 311 1114 priori
322 1026 442 1115 populo
459 1028 491 1092 in
504 1027 612 1092 odium
627 1028 822 1094 haberentur
839 1025 1020 1115 Prophetae,
1033 1049 1108 1116 per-

72 1134 280 1200 secutionibus
304 1135 509 1222 agitarentur.
531 1136 599 1200 lloo
617 1135 675 1208 luit
692 1158 794 1200 caasae
810 1135 896 1222 quod
912 1135 1037 1202 Esaiam
1057 1158 1110 1200 se-

72 1241 132 1306 cari
147 1240 238 1316 lecit,
263 1240 350 1328 quod
365 1239 554 1307 Zachariam
570 1241 653 1306 inter
672 1241 827 1331 templum
845 1252 877 1306 et
900 1239 997 1307 altare
1017 1265 1108 1308 oom-

42 1351 44 1357 '
73 1347 148 1436 pulit
165 1348 335 1424 trucidari,
358 1347 530 1414 Jeremiam
548 1347 703 1416 inlocum
728 1350 809 1414 coeni
833 1349 1044 1437 demergant
1066 1349 1106 1418 ad

76 1453 217 1520 ultimum
238 1455 305 1522 haec
329 1455 387 1520 fuit
410 1479 505 1522 causa
529 1481 599 1543 quae
627 1458 799 1524 Dominum
825 1469 969 1522 nostrum
997 1456 1106 1524 Jesum

76 1561 234 1626 Christum
252 1563 313 1650 egit
330 1563 362 1628 in
378 1585 518 1628 erucem.
540 1563 654 1628 Omnia
670 1565 756 1630 euim
772 1585 842 1651 quae
858 1587 952 1652 supra
974 1586 1108 1630 enume-

76 1669 209 1733 ravimus
223 1667 337 1736 scelera
354 1681 448 1756 atque
464 1669 600 1759 flagitia,
617 1695 681 1737 non
699 1670 756 1736 alia
772 1695 811 1736 ex
829 1695 924 1738 causa
940 1673 1108 1738 commissa

72 1788 164 1851 sunt,
181 1777 238 1840 nisi
250 1776 336 1864 quod
347 1777 424 1842 dum
437 1801 547 1842 omnes
559 1779 591 1843 in
605 1778 785 1844 medicinali
797 1779 960 1868 disciplina
973 1778 1108 1845 resecari

67 1906 126 1972 per
146 1885 375 1972 correptionem
401 1884 652 1972 delinquentium
675 1884 808 1961 nolunt,
831 1909 917 1952 ourae
937 1887 1108 1975 impatiens

67 1991 202 2080 populus
227 2003 259 2056 et
283 1991 414 2058 medelae
437 1993 468 2056 in
491 1994 664 2080 perniciem
689 1995 844 2060 medentis
866 1996 992 2060 exarsit.
1018 1995 1109 2063 Beati
1134 1971 1144 1986 ,

67 2123 145 2188 ergo
164 2099 320 2188 sapientes
342 2101 407 2186 jam
432 2123 471 2164 ex
489 2100 555 2188 ipsa
575 2101 738 2188 Scriptura
759 2099 956 2190 appellantur
977 2102 1031 2178 hi,
1055 2103 1110 2190 qui

69 2230 143 2272 eum
164 2205 354 2294 deliquerint
376 2207 401 2271 si
428 2220 598 2295 arguantur
620 2231 684 2272 non
707 2209 842 2273 oderunt
861 2222 1037 2297 arguentes.
1064 2210 1111 2274 lto

70 2315 157 2380 enim
173 2315 248 2380 dicit
268 2315 455 2402 Scriptura:
483 2312 577 2381 «Noli
594 2338 726 2404 arguere
744 2316 843 2380 mulos
860 2338 900 2380 ne
917 2317 1042 2382 oderint
1058 2329 1110 2392 te,

68 2447 188 2512 »argue
203 2424 377 2511 sapientem
393 2434 425 2488 et
447 2424 566 2490 amabit
584 2422 674 2488 te‘.»
697 2423 793 2488 Vides
812 2425 973 2510 quomodo
993 2425 1114 2512 sapien·

65 2541 135 2596 tem
152 2529 319 2620 appellavit
331 2531 495 2620 Scriptura
510 2554 584 2596 eum
597 2531 649 2617 qui
666 2531 858 2618 correptioni
874 2531 1030 2596 obnoxius
1045 2543 1113 2606 est,

65 2663 134 2705 non
156 2651 263 2706 tamen
278 2640 362 2716 odit,
383 2639 439 2704 sed
458 2640 555 2727 magis
572 2639 672 2727 diligit
688 2639 898 2728 arguentem?
917 2639 1008 2706 Tales
1022 2651 1114 2706 erant

64 2746 113 2813 illi
131 2748 185 2836 qui
201 2750 241 2813 ab
256 2746 408 2836 Apostolo
424 2749 655 2836 arguebantur,
673 2759 705 2811 et
727 2746 880 2811 contutati
897 2771 961 2812 non
982 2747 1115 2827 oderant

67 2868 248 2944 arguentes.
265 2856 355 2921 Unde
371 2867 403 2920 et
420 2879 478 2943 rgo
495 2856 633 2920 arbitror
649 2854 736 2920 illum
758 2855 810 2942 qui
828 2855 859 2920 iu
874 2855 1029 2921 Corintho
1040 2880 1115 2944 gra-

67 2965 197 3030 vissime
207 2964 379 3052 deliquerat
389 3014 398 3041 ,
407 2965 527 3028 idcirco
538 2962 786 3028 misericordiam
797 2974 1003 3028 consecutum
1015 3013 1024 3039 ,
1038 2987 1114 3051 quo-

64 3075 160 3138 niam
177 3084 341 3161 correptus
358 3073 398 3137 ab
416 3069 588 3159 Apostolo,
606 3083 637 3135 et
654 3071 696 3135 ita
712 3071 825 3136 acerbe
848 3084 1029 3160 correptus,
1048 3084 1115 3138 uta

36 3197 39 3202 '
62 3192 231 3247 conventu
250 3179 489 3245 abscinderetur
509 3176 676 3254 Ecclesiae,
698 3202 761 3242 non
782 3178 985 3252 tamenodio
1000 3179 1116 3246 habuit

64 3300 280 3377 arguentem,
297 3287 353 3354 sed
365 3287 668 3353 animadversionem
684 3287 841 3374 patienter
855 3286 996 3374 accepit,
1012 3300 1044 3352 et
1055 3287 1116 3352 sor-

65 3397 148 3462 titer
159 3395 262 3462 tulit².
277 3397 344 3485 Ego
358 3395 493 3462 arbitror
505 3394 698 3483 quodetiam
714 3396 867 3482 majorem
881 3393 1031 3462 affectum
1041 3418 1116 3462 con·

55 3505 157 3594 cepit
173 3529 246 3594 erga
263 3504 414 3580 Paulum,
431 3517 525 3590 atque
541 3526 614 3591 erga
631 3526 741 3567 omnes
764 3504 817 3590 qui
834 3503 958 3570 statutis
978 3503 1065 3570 Pauli
1081 3505 1114 3570 in

51 3615 139 3703 ejus
152 3611 424 3679 animadversione
442 3623 622 3699 paruerant.
642 3610 732 3675 Unde
748 3622 780 3674 et
796 3608 910 3676 Paulas
927 3611 1114 3680 seutentiam

50 3733 223 3796 revocat,
239 3733 271 3796 et
286 3721 424 3808 ejectum
439 3719 639 3808 reconjungit
651 3717 815 3795 Ecclesiae,
833 3731 865 3786 et
881 3718 967 3786 addit
978 3717 1086 3784 dicens
1102 3742 1109 3782 :

99 3873 112 3905 ¹
127 3874 205 3918 Prov.
219 3887 262 3925 rx,
278 3873 301 3920 8.
356 3865 465 3920 ²1Cor,
477 3887 499 3916 r.
