2748 4596
358 285 389 328 rn
414 281 528 326 xrexuu
551 279 620 323 assu
645 277 727 324 vsvs
752 281 824 324 uox.
851 281 893 323 vr.
1108 261 1145 324 δι

122 448 226 502 vnctus
237 443 306 498 erat
318 431 350 496 in
362 451 459 494 manu
475 428 555 516 ejus.
574 425 614 490 Et
633 425 789 491 accedens
805 423 897 490 «lesus
913 425 991 491 dixit
1003 428 1050 492 ei:
1075 427 1152 494 Nos-

15 579 19 594 ·
122 557 183 609 »ter
195 563 248 616 es,
266 561 305 606 an
321 533 596 604 adversariorum?
612 531 649 598 lt
660 524 713 597 ille
728 533 825 598 dixit:
840 534 987 622 Egosum
1003 536 1152 624 princeps

1 672 7 699 τ
122 650 254 717 »militiae
266 645 390 714 virtutis
406 643 533 710 Domini
555 666 563 708 :
584 659 671 708 nunc
688 641 799 706 a'dveni
810 639 832 705 ¹.
847 669 860 702 r
876 641 1059 731 Respiciens
1078 667 1153 733 ergo

2 781 9 820 t
123 759 214 826 oculis
238 757 320 824 videt
341 753 520 845 principem
546 749 666 817 militiae
689 749 811 815 virtutis
828 750 978 826 Domini,
1000 763 1153 841 tanquam

2 869 6 880 '
125 870 173 957 qui
193 868 277 957 prius
294 887 359 930 non
379 861 533 951 respexit,
547 860 603 925 sed
619 871 718 936 tunc,
742 882 816 924 cum
835 859 1013 949 principem
1036 859 1156 926 militia:

124 976 243 1044 Domini
258 974 381 1040 visurus
394 982 487 1036 esset.
507 969 613 1050 Quem
624 980 730 1034 tamen
743 991 819 1032 cum
831 967 956 1034 vidisset
967 968 1078 1046 lesus,
1092 993 1157 1035 non

16 1134 21 1144 .
122 1107 190 1149 eum
217 1081 303 1148 velut
323 1099 529 1148 communem
544 1075 709 1142 hominem
731 1076 825 1150 vidit,
848 1077 903 1142 sed
919 1075 1072 1143 intellexit
1097 1079 1155 1144 xir-

5 1217 19 1255 t
121 1204 216 1260 tutem
230 1213 297 1256 esse
315 1188 497 1277 quumdnm.
518 1185 669 1254 Nundum
684 1183 770 1250 enim
794 1197 900 1249 certus
923 1197 972 1250 est
990 1209 1029 1250 ex
1045 1185 1158 1252 divinis

8 1308 18 1368 ’,
123 1300 283 1367 virtutibus
294 1349 304 1374 ,
316 1319 357 1363 nn
373 1319 411 1361 ex
426 1293 594 1361 contrariis
612 1315 674 1357 una
687 1293 726 1357 sit
737 1315 807 1379 quae
820 1291 962 1370 videtur,
979 1306 1012 1358 et
1027 1294 1097 1385 ideo
1113 1293 1160 1361 in·

14 1430 20 1480 ⁵,
124 1419 279 1496 terrogat,
296 1389 328 1471 et
351 1403 506 1493 perquirit
530 1400 658 1467 dicens:
684 1399 826 1466 «Noster
841 1425 892 1478 es,
913 1426 953 1466 an
970 1403 1161 1470 adversario-

11 1533 13 1540 ’
125 1514 238 1581 rrum?
258 1541 271 1574 ι
291 1511 332 1580 At
354 1511 406 1578 ille
422 1511 484 1576 ait:
511 1509 609 1597 «Ego
628 1529 699 1573 sum
723 1509 872 1597 princeps
891 1507 1011 1575 militiae
1035 1513 1159 1578 virtutis

8 1679 10 1686 .
124 1623 286 1698 »Domini,
313 1643 400 1686 nunc
418 1618 540 1684 adveni.
562 1617 636 1682 »Et
660 1639 733 1681 cum
750 1615 812 1681 hoc
829 1618 984 1694 audisset,
1012 1621 1158 1686 adoravit

123 1733 211 1798 lesus
222 1741 272 1806 ,et
282 1728 378 1793 dixit:
396 1724 660 1813 «Domine,quid
672 1724 816 1812 prrecipis
824 1747 914 1790 servo
928 1739 982 1790 tuo
993 1725 1004 1759 ²
1015 1727 1054 1792 l»
1071 1729 1158 1810 Quid

120 1837 266 1928 estquod
281 1858 338 1903 nos
355 1859 413 1926 per
426 1835 489 1900 hoc
503 1833 617 1899 edocet
632 1831 746 1897 lesus?
761 1830 846 1897 lllud
861 1833 928 1898 sine
950 1833 1048 1900 dubio
1069 1839 1156 1926 quod

0 2020 10 2036 χ,
121 1949 196 2015 dicit
211 1943 399 2036 Apostolus:
419 1940 543 2009 «Nolite
555 1941 642 2006 omni
654 1940 776 2028 spiritui
792 1940 942 2018 credere,
959 1943 1014 2008 sed
1026 1947 1159 2032 probate

122 2056 268 2146 »spiritus
278 2055 302 2119 si
315 2077 355 2118 ex
365 2054 433 2119 Deo
450 2049 552 2116 sunt⁸.
568 2077 581 2110 r
602 2048 757 2137 Cognovit
772 2072 848 2137 ergo
863 2049 955 2115 Jesus
976 2076 1040 2117 non
1056 2054 1158 2121 solum

121 2165 208 2253 quod
223 2185 262 2230 ex
272 2164 340 2229 Deo
357 2173 426 2237 est,
449 2159 503 2224 sed
520 2158 593 2246 quia
614 2155 699 2222 Deus
715 2169 772 2221 est.
794 2157 864 2224 Non
880 2160 966 2224 enim
983 2161 1160 2240 adorasset,

124 2274 184 2339 nisi
201 2271 371 2360 agnovisset
386 2269 503 2335 Deum.
523 2265 602 2347 Quis
618 2265 704 2329 enim
718 2263 796 2330 nlius
811 2276 858 2329 est
873 2266 1020 2356 princeps
1038 2268 1157 2336 militie

123 2382 275 2448 virtutum
301 2378 455 2454 Domini,
480 2375 538 2441 nisi
565 2373 721 2438 Dominus
744 2385 853 2437 noster
874 2373 965 2438 «lesus
993 2375 1160 2443 Christus?

7 2549 14 2565 .,
120 2489 235 2557 Omnis
246 2509 382 2574 namque
399 2482 471 2551 coeli
489 2481 620 2558 militia,
637 2481 701 2548 sive
717 2478 848 2570 Angeli,
865 2483 929 2547 sive
945 2482 1154 2574 Archangeli,

1 2573 21 2663 ξ,
120 2599 185 2664 sive
201 2597 350 2671 virtutes,
364 2595 427 2660 sive
447 2591 700 2666 dominationes,
718 2589 781 2654 sive
797 2589 1008 2679 principatus,
1025 2593 1089 2658 sive
1104 2621 1159 2683 po-

1 2675 19 2800 ἶ
119 2716 268 2780 testatos,
292 2701 399 2768 omnia
416 2701 486 2766 lraec
503 2721 573 2787 quae
595 2697 774 2786 peripsum
796 2696 878 2762 lacta
900 2710 991 2775 sunt,
1013 2703 1071 2766 sub
1091 2703 1159 2792 ipso

5 2801 8 2808 ⁵
119 2813 266 2904 principe
280 2810 434 2885 militant,
457 2808 512 2897 qui
535 2818 583 2872 est
604 2805 785 2894 principum
799 2805 964 2895 princeps,
982 2819 1014 2872 et
1029 2811 1083 2897 qui
1102 2807 1162 2877 lar-

1 2907 18 3017 '4
119 2921 208 3011 gitur
239 2918 436 3008 principibus
463 2915 690 3004 principatum.
717 2912 787 3001 lpse
814 2925 862 2978 ost
889 2916 975 2980 enim
1002 2919 1055 3006 qui
1084 2921 1161 2986 dicit

0 3103 6 3112 ,
118 3029 155 3094 iu
171 3024 369 3116 Evangelio:
392 3025 491 3089 «Esto
513 3032 704 3112 potestatem
731 3019 851 3087 hebens
870 3046 964 3112 supra
983 3024 1094 3092 decem
1114 3030 1158 3094 ci·
1273 3023 1278 3042 ⁸

120 3135 315 3203 »vitatcs⁴.»
339 3135 377 3200 Et
401 3132 503 3198 alibi:
530 3131 632 3195 «Esto
653 3141 688 3194 tu
710 3141 899 3218 potestatem
921 3132 1041 3199 habens
1064 3161 1159 3227 supra

120 3245 289 3334 »quinque
308 3243 484 3312 civitates.»
508 3239 568 3304 Hic
591 3249 638 3303 est
655 3238 710 3324 qui
726 3249 859 3327 accepto
881 3263 977 3328 regno
1001 3267 1159 3334 regressus

127 3365 191 3417 est.

172 3459 236 3526 Sed
255 3458 381 3524 interim
411 3457 570 3523 videamus
593 3479 662 3542 quae
685 3477 822 3543 praesens
837 3453 932 3522 lectio
949 3464 1096 3550 suggerit.
1126 3468 1163 3533 ln

1 3561 15 3654 ζ
119 3566 257 3633 «Iericho
272 3576 320 3631 est
342 3566 453 3641 lesus,
476 3564 580 3630 adhuc
595 3563 702 3628 hostes
726 3564 871 3628 obtinent
888 3565 1067 3648 civitatem,
1087 3599 1165 3640 nou-

0 3675 1 3678 ’
116 3673 203 3738 dum
224 3673 299 3738 victi
319 3684 411 3747 sunt,
428 3683 461 3736 et
480 3671 544 3759 jam
563 3683 670 3736 tamen
691 3669 807 3736 dicitur
826 3669 867 3735 ad
883 3671 992 3742 «lesum
1011 3700 1019 3741 :
1040 3703 1052 3738 r
1071 3679 1164 3747 Soli-0

159 3829 236 3880 ¹Jos.
258 3849 281 3892 v,
306 3830 352 3893 13,
379 3835 408 3892 14
428 3826 598 3890 -²llridrm‚
622 3827 855 3889 tta-'Uocem
876 3849 914 3893 rr,
932 3837 1168 3906 [ΑΒΜ-,ω’

119 3935 170 3979 17,
184 3935 226 3967 'ttr-
