2644 4612
328 283 360 325 ra
386 281 546 324 caurrcuu
571 280 771 324 carrrcoeuu
793 285 853 326 nra.
881 286 926 327 ur.
1082 259 1144 351 477

111 403 273 470 »hahebat
288 400 442 489 speciem,
459 422 560 487 neque
577 399 744 474 docorem,
763 402 816 466 sed
833 403 951 490 species
972 405 1040 492 ejus
1054 404 1146 470 inde-

1 551 2 582 ;
113 537 213 580 »cora
230 522 262 575 ct
277 508 424 574 deficiens
441 532 505 597 pree
519 506 590 572 filiis
606 507 803 579 hominum¹.
820 538 833 570 r
853 511 932 591 Quae
949 524 1053 577 eutem
1066 513 1146 577 bene

1 665 2 692 2
113 620 248 708 profecit
268 631 300 682 at
321 639 517 706 supergressa
538 627 585 681 est
607 615 913 684 adolescentularum
932 631 964 683 et
986 621 1145 709 octoginta

112 728 366 794 concubinarum
377 737 426 800 ,et
435 725 592 812 sexaginta
607 725 785 811 reginarum
797 725 959 802 ordinem,
973 728 1031 793 ista
1043 729 1147 794 anima

113 847 215 924 potest
235 834 339 899 dicere
357 849 396 896 re
411 835 494 898 Ecce
514 854 547 896 es
568 832 700 896 decorus
718 833 872 898 fraternus
894 856 1001 910 meus,
1022 847 1054 899 et
1075 837 1147 923 qui-

113 945 207 1010 »dem
222 939 411 1030 speciosus².
431 967 443 1000 a
468 939 533 1005 Sed
547 951 580 1004 et
595 941 621 1003 si
635 939 741 1006 adhuc
759 941 791 1004 iu
807 963 941 1029 corpore
961 943 1081 1029 positus
1096 944 1146 1008 iu-

110 1049 249 1139 telligam
272 1049 458 1114 densitatem
480 1046 665 1136 spiritalium
681 1071 834 1113 sensuum
852 1061 885 1114 et
907 1048 1146 1138 intelligentiam

109 1160 341 1247 scripturarum
359 1157 533 1222 divinarum
552 1156 747 1233 tam'crehra
770 1157 924 1244 opacitate
943 1169 1145 1236 contextam,

110 1280 149 1332 ut
161 1266 300 1355 rapidior
312 1277 403 1330 estus
418 1264 472 1352 qui
483 1263 599 1330 multos
612 1263 691 1330 solet
704 1264 837 1330 adurere
851 1275 883 1329 et
895 1266 1053 1332 arefacere
1064 1266 1148 1332 frue-

110 1387 162 1440 tus
181 1396 312 1448 eorum,
327 1397 379 1438 me
398 1386 504 1439 tamen
519 1374 695 1438 tenebrare*
705 1395 769 1438 uon
787 1373 903 1460 possit,
921 1395 982 1438 nec
997 1371 1060 1438 ulla
1075 1387 1147 1440 ten-

111 1484 266 1548 tationum
281 1480 355 1546 tidei
376 1481 408 1545 in
430 1503 558 1569 germen
575 1480 749 1556 arefacere,
771 1492 848 1545 tuuc
867 1504 996 1568 possum
1018 1481 1145 1558 dicere,

113 1591 185 1677 quia
208 1587 310 1655 cubile
330 1601 474 1654 nostrum
491 1588 688 1654 umbrosum.
709 1588 805 1668 Quod
825 1595 931 1654 autein
950 1588 1027 1655 dicit
1042 1587 1148 1655 rutile

116 1713 273 1775 nostrum,
290 1699 378 1788 quasi
399 1722 605 1766 communem
628 1698 686 1763 sihi
706 1720 780 1763 cum
801 1721 915 1785 sponso
936 1699 1077 1788 corporis
1100 1699 1149 1764 sui

115 1811 252 1875 indicans
270 1833 337 1876 esse
351 1807 476 1884 locum,
496 1809 536 1874 ad
551 1807 637 1874 illam
652 1806 890 1874 similitudinem
909 1809 1030 1874 dietum
1047 1807 1142 1873 intel-

1 2005 5 2014 ,
112 1915 232 2006 tellige‚
252 1941 312 2005 qua
331 1929 363 1982 et
377 1916 491 1984 Paulus
512 1917 608 1993 dixit,
628 1917 700 2004 quia
719 1939 852 2004 corpora
871 1928 977 1982 nostra
998 1917 1141 2012 membru

108 2023 229 2089 Christi
239 2023 342 2088 sunt³.
357 2025 440 2089 Cum
450 2025 536 2088 enim
548 2025 625 2089 dicit
637 2047 769 2112 corpora
781 2036 906 2100 nostro,
920 2025 1008 2112 quasi
1020 2047 1141 2113 eponae

1 2206 3 2232 V
103 2132 142 2196 id
159 2153 228 2195 esse
243 2153 357 2216 corpus
373 2131 518 2194 ostendit.
537 2129 619 2194 Cum
635 2153 709 2194 vero
725 2133 869 2196 membra
885 2131 1001 2196 Christi
1018 2155 1141 2198 memo-

1 2306 3 2314 ,
105 2251 161 2304 rat
170 2283 179 2313 ,
196 2238 307 2303 eedem
322 2260 454 2325 corpora
468 2237 564 2300 etiam
583 2237 687 2324 sp'onsi
708 2259 775 2301 esse
790 2260 905 2324 corpus
921 2239 1049 2304 indicat.
1068 2240 1142 2305 Haec

1 2335 2 2338 ¹
105 2368 187 2434 ergo
201 2368 335 2434 corpora
356 2345 381 2410 si
398 2345 545 2410 umbrosa
563 2356 636 2408 sunt
653 2343 666 2430 (
675 2357 708 2408 ut
724 2346 865 2433 superius
884 2346 1033 2434 diximus)
1052 2348 1142 2412 honis

109 2457 266 2522 duntaxat
281 2454 429 2542 operihns
444 2453 557 2518 referta
573 2464 605 2517 et
618 2451 805 2542 spiritalium
821 2476 970 2519 sensuum
990 2454 1143 2520 densitate

107 2561 291 2637 cumulata,
309 2561 355 2626 'de
376 2561 424 2626 his
445 2559 558 2626 talibus
580 2559 642 2626 dici
662 2571 766 2648 potest
785 2561 895 2648 :cPer
910 2561 994 2626 diem
1013 2560 1059 2626 sol
1078 2585 1143 2627 uon

108 2682 205 2736 »uret
232 2681 282 2746 te,
313 2691 416 2758 neque
448 2666 522 2734 luna
545 2668 782 2757 pernoctent.
814 2695 826 2728 r
852 2669 979 2734 lustum
1007 2690 1143 2756 namque

1 2853 3 2866 ,
105 2778 292 2846 tentationis
313 2776 359 2842 sol
377 2800 442 2843 non
461 2777 565 2842 adurit
582 2777 831 2866 requiescentem
848 2779 906 2842 sub
925 2777 1038 2843 umbra
1057 2779 1142 2844 verbi

105 2887 181 2954 Dei.
202 2886 264 2952 lete
278 2886 362 2951 enim
380 2883 426 2950 sol
441 2886 493 2972 qui
510 2885 614 2952 adurit
628 2887 768 2974 justum,
787 2907 851 2950 non
867 2897 914 2950 est
929 2885 1117 2953 damnabilis
1132 2910 1140 2951 ε

107 2995 169 3061 sed
185 2992 238 3059 ille
252 2994 350 3081 magis
369 2993 423 3080 qui
444 3016 477 3058 se
494 2992 695 3082 transfigurat
714 2994 748 3058 in
764 2992 909 3082 angelum
929 2992 1018 3059 lucis.
1037 2995 1144 3060 Bonus

106 3125 187 3192 ergo
202 3115 234 3167 et
249 3103 382 3168 decorus
397 3101 513 3168 dicitur
528 3101 683 3167 fraternus
702 3101 710 3166 ὲ
728 3119 760 3166 et
775 3113 895 3189 quanto
916 3102 1015 3190 magis
1032 3103 1143 3191 inspici

109 3212 253 3301 potuerit
270 3197 369 3277 oeulis
389 3209 596 3298 spiritalibus,
617 3221 705 3275 tanto
726 3210 897 3299 speciosior
915 3210 1091 3288 invenitur,
1112 3225 1145 3278 et

115 3317 278 3407 pulchrior
288 3318 377 3406 :quia
392 3341 457 3384 non
471 3315 573 3384 solum
589 3316 671 3385 illius
687 3318 805 3406 speeies
819 3329 852 3382 et
865 3315 1067 3406 pulchritudo
1082 3319 1145 3400 mi-

1 3427 6 3438 ”
116 3425 222 3492 rabilis
240 3426 422 3516 apparebit,
438 3448 548 3491 verum
564 3437 596 3490 et
615 3425 792 3514 inspicienti
809 3435 902 3514 atque
917 3427 1051 3493 intuenti
1070 3448 1144 3494 eum
1228 3481 1232 3488 .

114 3535 212 3600 decus
230 3534 337 3623 ingens
359 3545 391 3598 et
408 3534 528 3623 species
546 3534 656 3599 formae
678 3556 758 3599 nora
781 3555 817 3599 ao
835 3534 988 3600 mirabilis
1011 3534 1143 3610 orietur,

1 3651 2 3654 ’
64 3717 67 3727 Ι
113 3641 291 3708 secundum
306 3639 383 3707 illud
400 3641 487 3730 quod
501 3640 668 3731 Apostolus
683 3641 771 3708 verbi
786 3641 844 3707 Dei
861 3643 986 3710 intuens
1001 3640 1146 3731 pulchri-

113 3750 259 3818 tudinem
275 3750 369 3817 dicit:
388 3750 493 3817 «Nam
504 3761 537 3816 et
551 3750 575 3814 si
591 3750 617 3816 is
632 3751 686 3839 qui
702 3750 776 3816 sor-is
791 3750 946 3817 esthemo
960 3762 1066 3817 noster
1077 3773 1145 3816 cor-

153 3890 668 3959 ¹1ut.nn,2‚3.-²cant.1,ro.-⁸
684 3913 693 3946 1
708 3897 764 3947 Cor.
775 3913 802 3945 vr
811 3930 820 3958 ,
832 3892 871 3946 15.
884 3892 934 3936 -l
944 3896 1029 3947 Pulm.
1039 3912 1112 3960 cnr,
1120 3898 1148 3949 6.·
