2776 4616
340 277 356 314 ⁰
440 317 468 358 nr
494 317 633 360 renunes
657 317 786 361 neurus
809 319 872 361 xix.
1100 295 1165 380 469

134 444 195 496 »et
210 432 353 521 affligent
367 431 521 519 Assyrios.
533 432 650 497 »Cithii
667 432 914 520 interpretantur
925 430 1015 520 pinge
1032 431 1113 497 iinis.
1129 430 1170 496 Hi

134 563 211 630 ergo
229 541 283 630 qui
299 551 533 608 convertuntur
546 541 587 606 ed
602 540 717 616 Deum,
732 552 764 605 et
781 565 798 606 e
813 541 941 606 Christo
955 540 1084 615 eruditi,
1101 538 1170 628 pis-

0 683 1 686 *
135 673 207 738 gum
222 673 294 736 quae
315 651 349 715 in
369 648 433 714 fine
456 647 561 716 saeouli
584 649 688 738 impiis
699 650 810 716 *reniet
825 645 996 738 effugiuntr
1014 648 1072 736 ipsi
1089 647 1171 714 effli-

5 819 8 830 .
135 773 213 850 gent
227 760 370 848 Assyrios
385 781 394 823 ε
407 759 470 824 hoe
481 770 542 835 est,
556 759 604 826 his
621 760 675 847 qui
694 760 726 826 in
745 781 845 848 egone
857 759 981 848 pietatis
992 757 1085 847 positi
1098 767 1172 824 sunt

1 921 8 964 ὦ
137 881 281 936 conteret
292 869 442 936 Setnnem
454 869 539 934 Deus
551 871 611 935 sub
622 869 770 958 pedibus,
785 870 844 958 ipsi
860 869 999 958 affligent
1014 868 1171 956 Assyrios,

139 981 318 1046 daemonum
342 978 462 1047 scilieet
484 979 820 1068 gentemvCeienbuut
839 999 976 1065 nemque
996 1001 1092 1067 super
1105 1001 1173 1043 ser-

1 1125 6 1132 ·
136 1102 261 1176 pentes,
278 1102 310 1154 et
334 1090 530 1178 scorpiones,
545 1100 579 1153 et
600 1113 697 1178 super
714 1111 844 1155 ornnem
862 1089 1012 1154 virtutem
1032 1087 1172 1163 inimici,

5 1191 8 1200 ⁴
131 1209 168 1262 et
182 1197 325 1286 affligent
339 1218 403 1264 eos.
420 1197 571 1287 Affligent
585 1199 749 1273 Hebraeos.
759 1209 792 1263 et
806 1197 865 1284 ipsi
881 1198 999 1285 puriter
1010 1197 1170 1286 peribunt.
1207 1285 1211 1292 Ι

0 1385 1 1392 p
134 1306 260 1374 flsbraet
281 1318 482 1372 transeuntes
505 1308 764 1396 interpretantur.
785 1308 847 1372 iste
866 1329 944 1396 ergo
956 1307 1023 1394 ipse
1038 1306 1174 1396 populus

5 1459 8 1484 2
135 1415 231 1482 etium
245 1415 397 1482 Hehraeus
415 1414 544 1491 dieitur,
557 1415 629 1502 quia
646 1415 770 1481 transiit
786 1416 826 1480 de
843 1413 982 1505 AEgypto
1002 1417 1042 1480 ed
1058 1427 1175 1481 terrum

0 1615 2 1618 v
138 1525 403 1613 repromissionis,
421 1525 460 1590 de
480 1525 621 1592 tenebris
637 1525 811 1601 adiuuem,
828 1526 867 1591 de
883 1537 986 1592 morte
1008 1527 1049 1592 ud
1063 1527 1171 1592 vitum.
1272 1575 1278 1591 ..

139 1632 205 1699 Sed
228 1635 390 1720 quonium,
413 1647 448 1698 ut
463 1634 611 1726 diximus,
635 1636 703 1702 hren
723 1659 788 1702 non
809 1637 1005 1726 emergens,
1028 1660 1089 1703 nee
1109 1637 1176 1703 sine

137 1767 255 1833 magno
273 1745 447 1812 certamine
463 1747 580 1834 poterit
597 1747 755 1823 obtinere,
776 1749 865 1835 quusi
883 1748 916 1812 in
936 1765 1037 1836 egone
1053 1747 1174 1836 positus

134 1875 226 1920 nune
247 1853 370 1942 affligit,
393 1877 478 1921 nune
499 1854 660 1944 affligitur,
676 1867 710 1920 et
724 1879 811 1922 nune
830 1855 923 1922 eaedit
946 1857 1172 1932 adversarium,

135 1985 224 2028 nuno
240 1962 307 2050 ipse
323 1966 364 2029 eb
386 1963 565 2029 edversario
589 1966 784 2030 verberetur.
811 1966 960 2055 Affligent
981 1987 1057 2055 ergo
1077 1968 1174 2032 etium
1286 2009 1289 2018 ι

134 2071 199 2161 ipsi
218 2072 337 2161 Assyrii
354 2074 516 2149 Hebraeos,
533 2073 595 2140 hoe
610 2087 657 2140 est
672 2074 828 2164 populum
839 2076 980 2151 Domini,
997 2077 1079 2143 sieut
1094 2075 1175 2142 aiiii-

138 2193 261 2269 guntur
278 2183 317 2246 ab
335 2181 382 2246 eis
399 2205 407 2246 r
424 2182 480 2249 sed
495 2183 566 2270 ipsi,
582 2183 613 2248 id
627 2194 688 2258 est,
709 2183 841 2271 Assyrii,
855 2205 929 2250 oum
945 2183 1013 2248 haee
1028 2183 1174 2261 fecerint*

139 2300 177 2374 et
193 2311 268 2354 eum
286 2290 364 2355 vires
377 2315 449 2357 suus
464 2313 576 2356 omnes
596 2314 670 2380 erge
690 2293 839 2361 Hebraeos
854 2291 1037 2380 affligendos
1051 2291 1176 2358 effude-

140 2398 220 2472 rint,
233 2397 336 2463 stetim
347 2400 442 2467 etiem
454 2401 511 2488 ipsi
525 2401 684 2489 peribunt.
702 2400 798 2481 Quod
810 2423 885 2489 ergo
897 2401 952 2476 nit,
964 2428 976 2461 r
987 2412 1021 2466 et
1036 2401 1175 2489 affligent

0 2599 1 2604 η
137 2538 152 2569 ι
169 2508 332 2584 Hebraeos,
349 2523 381 2590 et
403 2511 460 2598 ipsi
482 2511 599 2598 puriter
615 2512 776 2599 peribunt,
789 2535 876 2576 »non
892 2512 934 2577 ite
952 2511 1174 2599 accipiendum

133 2629 200 2694 est,
217 2619 305 2706 quusi
319 2619 437 2708 pariter
453 2643 527 2696 curn
540 2621 680 2691 liebraeis
692 2622 843 2709 peribunt
855 2633 887 2688 et
899 2622 1017 2709 Assyrii
1030 2645 1040 2694 ς
1056 2620 1111 2686 sed
1122 2644 1177 2710 pu-

1 2728 6 2740 '
137 2729 229 2804 riter,
245 2729 278 2794 id
293 2741 355 2804 est,
368 2729 473 2794 stetim
497 2743 531 2794 ut
545 2731 614 2796 haeo
631 2729 764 2796 iecerint
781 2743 814 2795 et
828 2731 978 2798 Hebraeos
993 2731 1173 2806 afflixerint,

135 2839 241 2904 etium
249 2839 309 2928 ipsi
325 2840 486 2929 peribunt.
505 2840 641 2906 Pariter
649 2863 725 2930 ergo
736 2839 867 2906 Grrecus
878 2862 982 2906 sermo
994 2863 1053 2928 pro
1062 2841 1177 2905 statim

4 2954 6 2962 “
134 2949 240 3038 ponit.
259 2949 319 3016 Hie
334 2973 410 3039 ergo
426 2949 487 3017 erit
502 2949 574 3015 finis
591 2951 748 3025 omnium,
769 2961 851 3014 utet
868 2948 979 3024 Assur,
996 2950 1050 3015 eui
1072 2950 1178 3015 trude·

135 3060 260 3124 buntur
271 3059 303 3125 hi
317 3059 370 3147 qui
388 3059 615 3146 drdinqnebnnt
629 3079 668 3124 ex
679 3056 798 3146 populo
813 3056 884 3133 Dei,
900 3054 948 3122 vel
963 3056 996 3122 in
1011 3057 1176 3124 interitum

1 3160 4 3248 s
130 3170 260 3243 carnis,
276 3181 312 3234 ut
330 3169 457 3257 spiritus
473 3169 577 3236 salvus
590 3167 693 3242 fieret,
711 3166 759 3234 rei
778 3180 812 3231 ut
833 3167 992 3233 discerent
1011 3189 1076 3232 non
1092 3165 1179 3233 bier·

1 3255 3 3294 τ
129 3263 307 3368 Phemm,
323 3279 439 3365 Peribit
459 3278 554 3344 eriam
577 3278 642 3365 ipse
664 3279 703 3344 uh
726 3299 766 3342 eo
788 3276 842 3362 qui
870 3285 1058 3363 potestatem
1081 3273 1180 3340 habet

130 3383 276 3476 perdere
297 3384 330 3449 in
352 3387 540 3473 gehennom.
565 3385 696 3450 Dicetur
718 3385 804 3448 enim
827 3384 872 3448 eis
892 3406 910 3448 u
929 3385 1014 3470 justo
1036 3383 1174 3452 tudier:
1311 3451 1315 3459 ,

142 3519 165 3554 ε
175 3493 226 3558 lte
237 3493 269 3558 in
286 3495 389 3586 ignem
407 3507 574 3570 aeternutn,
588 3517 683 3582 quem
695 3492 817 3581 paravit
827 3492 912 3558 Deus
928 3489 1067 3566 diuboio,
1079 3505 1112 3558 et
1123 3514 1179 3558 en-

1 3621 3 3630 *
126 3636 149 3669 ι
171 3602 251 3692 gelis
266 3606 365 3693 ejus¹.
380 3606 451 3672 »lbi
468 3629 543 3694 ergo
559 3602 676 3693 peribit
689 3605 798 3670 Assur.
818 3603 858 3668 Et
871 3601 1001 3688 quidem
1016 3601 1110 3689 periit
1124 3599 1178 3668 ali-

1 3705 2 3710 *
120 3713 272 3812 quando
284 3727 316 3780 et
328 3739 390 3782 une
402 3716 467 3782 oris
477 3727 655 3782 excentum
667 3711 960 3786 oribusrsedhune
969 3733 1062 3776 ovem
1073 3721 1183 3799 pretor

114 3830 246 3898 bonus
266 3822 385 3889 relictis
403 3825 574 3914 nonaginta
586 3823 745 3892 novem-in
759 3822 923 3889 montibus
935 3820 1131 3896 descendens
1142 3819 1183 3896 ed

173 3957 181 3992 Ι
196 3954 294 4004 ttauh.
309 3970 366 4012 nr,
379 3954 421 4012 dr.
519 3963 522 3970 “
