2660 4610
309 292 340 334 ru
367 289 527 333 cssrrcuu
552 289 754 336 csrrrconuu
777 293 841 338 111.
865 293 886 333 1.
1053 269 1124 345 lost.

78 414 208 480 »diendi
218 464 228 488 ,
239 413 348 478 audiat
357 413 380 479 ¹.
395 415 500 493 »Quae
512 423 585 478 sunt
601 437 691 480 aures
704 414 787 489 istae,
802 439 880 502 quius
890 416 943 502 qui
952 415 1120 486 habuerit,

80 524 146 610 ipse
162 519 248 590 solus
264 522 359 586 verbu
379 520 495 586 Christi
514 521 624 586 audire
640 520 787 586 dicatur?
801 524 841 588 Et
860 524 987 588 iterum.
1002 524 1119 603 ‹Quo-

82 631 191 696 »niam
205 629 320 694 Christi
335 630 440 698 bonus
451 629 657 694 odorsumus
672 629 835 704 Deo²,ret
850 631 883 695 in
899 629 965 696 aliis
984 653 991 696 :
1009 633 1119 696 «Gus-

83 749 149 804 tate
164 749 195 802 et
214 726 479 822 ridete'quoniam
496 737 599 800 suavis
614 748 662 800 est
673 737 828 802 Dominus
838 739 861 803 ⁵.
878 739 940 802 »Et
952 739 1029 826 quid
1044 737 1123 802 alius

1 905 2 916 ,
81 845 146 910 ait:
165 844 299 910 «Manus
314 853 429 908 nostrae
444 841 652 931 palpaverunt
673 844 713 908 de
729 845 826 909 verbo
842 844 943 910 vitael.
964 847 1123 911 »Putasne

1 933 2 1022 J
86 951 119 1016 in
138 951 185 1016 his
203 950 355 1016 omnibus
369 974 433 1018 non
455 951 647 1026 movebitur,
673 963 708 1014 ut
732 952 872 1016 advertat
893 952 1122 1020 hec-universa

1 1131 2 1134 Ἴ
80 1082 144 1124 non
164 1039 209 1124 ¹de
229 1058 389 1146 corporeis
413 1059 554 1124 sensibus
577 1058 682 1133 dicta,
701 1058 756 1123 sed
778 1059 818 1125 de
838 1059 885 1124 his
902 1083 983 1148 quos
1007 1083 1122 1132 secun,-

82 1165 158 1230 dum
173 1165 358 1230 interiorem
375 1163 537 1230 hominem
549 1165 651 1230 inesse
669 1165 841 1253 unicuique
859 1166 1047 1233 docuimus?
1063 1169 1121 1232 nisi

80 1273 103 1338 si
122 1271 338 1338 contentionis
357 1283 389 1336 et
408 1271 565 1358 jactantiae
585 1272 661 1337 vitio
682 1272 786 1361 agitur
799 1274 862 1360 'qui
884 1275 1041 1361 ejusmodi
1061 1287 1118 1339 est.

83 1380 206 1458 Quibus
226 1378 308 1444 vitiis
330 1379 479 1465 quoniam
502 1391 534 1442 et
554 1380 636 1444 risus
656 1378 708 1445 ille
732 1381 863 1446 interior
882 1394 1071 1457 excecatur,
1089 1397 1122 1447 ct

85 1486 231 1552 odoratus
247 1483 441 1561 occluditur,
456 1496 489 1550 et
510 1485 685 1554 obduratur
706 1487 849 1562 auditus,
875 1490 988 1554 merito
1005 1511 1065 1554 uec
1080 1493 1124 1556 vi-

86 1594 161 1658 dere
179 1617 246 1681 quae
257 1592 429 1682 spiritualia
447 1605 540 1669 sunt,
559 1617 620 1660 nec
638 1596 747 1660 audire
763 1607 884 1685 potest,
901 1597 1122 1680 seducendo-

85 1727 154 1770 rem
166 1706 257 1772 istum
273 1706 391 1771 Christi
404 1729 536 1794 capere,
552 1730 617 1795 quo
628 1730 715 1773 nunc
731 1719 859 1795 recepto
877 1709 1119 1776 adolescentulae

80 1814 150 1878 istae
174 1814 345 1901 inquibus
367 1816 449 1879 bene
471 1837 564 1878 sanus
587 1826 620 1880 et
643 1814 749 1903 vigens
771 1827 839 1881 erat
857 1815 911 1882 hic
935 1841 1063 1893 seusus,
1087 1820 1120 1884 iu

78 1921 212 1986 odorem
229 1934 463 2010 unguentorum
482 1923 551 2009 ejus
578 1935 710 1987 currunt
733 1934 802 2010 post
818 1924 940 2012 ipsum,
960 1948 1020 1992 nec
1039 1926 1121 1992 desi·

77 2029 170 2094 ciunt
189 2041 372 2104 curreutes,
388 2041 442 2095 aut
462 2027 628 2104 laborant,
646 2030 718 2117 quia
735 2030 886 2096 suavitate
902 2032 1007 2097 odoris
1023 2033 1119 2120 ipsius

77 2137 131 2224 qui
147 2148 197 2202 est
211 2137 251 2202 de
263 2137 326 2202 vitu
338 2137 371 2202 in
385 2138 498 2212 r'itam,
514 2136 640 2202 refectae
654 2137 771 2224 jugiter
785 2137 994 2205 invalescunt.
1012 2141 1120 2206 Potest

76 2245 184 2312 adhuc
195 2257 228 2310 et
243 2243 306 2309 hoc
321 2245 418 2309 modo
435 2244 536 2331 accipi
551 2243 637 2330 quod
652 2243 712 2308 ait:
731 2244 959 2332 «Unguentum
976 2248 1116 2312 exinani-

75 2365 171 2418 ».tum
202 2375 320 2417 nomen
347 2364 450 2416 tuum.
477 2351 646 2439 Propterea
673 2349 914 2418 adolescentulae
941 2351 1119 2419 dilexerunt

76 2473 131 2524 ste
149 2459 171 2524 ¹.
183 2489 195 2519 1
205 2459 390 2547 Unigenitus
399 2459 457 2523 Dei
473 2457 561 2531 lilius¹
573 2481 645 2523 cum
663 2459 695 2522 iu
709 2459 812 2524 forma
823 2459 881 2524 Dei
898 2473 998 2536 esset,
1010 2463 1116 2526 exina-

70 2566 1116 2654 nivitsemetipsum,etlormamservieceepil⁸.Exinanivitautem

1 2691 2 2694 ’
69 2676 112 2742 de
128 2674 329 2764 plenitudino
344 2677 411 2740 sine
432 2674 530 2740 dubio
546 2674 578 2738 iu
596 2697 658 2761 qua
676 2686 754 2739 erat.
774 2673 822 2740 1111
837 2699 914 2764 ergo
930 2679 984 2765 qui
1003 2677 1116 2744 dicunt

69 2785 149 2872 quia
169 2809 186 2850 1,
194 2783 235 2848 de
249 2781 446 2870 plenitudiue
457 2783 591 2869 ejusnos
599 2783 951 2870 omnesaccepimus⁷,»
970 2785 1028 2874 ipsi
1044 2797 1117 2850 sunt

1 2878 3 2910 r
65 2889 340 2966 adolescentulos,
356 2913 427 2978 quse
444 2889 483 2954 de
497 2913 535 2956 ea
550 2887 747 2977 plenitudine
758 2913 797 2954 ex
815 2915 875 2978 qua
892 2915 925 2956 so
939 2891 991 2958 ille
1007 2893 1115 2959 exina-

1 2991 2 3020 ³
64 3001 175 3072 trivit,
193 3011 226 3063 et
245 3000 364 3072 lactum
385 3011 433 3064 est
453 3012 650 3087 unguentum
674 3002 869 3067 exinanitum
889 3027 1006 3069 nomen
1026 3008 1115 3094 ejus,

1 3093 3 3126 l
62 3102 290 3198 percipientes
306 3109 416 3174 dicunt
427 3132 435 3173 :
447 3109 542 3173 «Post
558 3121 589 3172 te
605 3108 637 3172 in
649 3109 780 3176 odorem
795 3125 1028 3199 unguentorum
1044 3126 1114 3180 tuo-

1 3205 3 3240 ¹
62 3240 172 3282 nrum
187 3239 351 3282 curremus
362 3216 383 3280 ⁸.
401 3217 491 3282 »Nisi
507 3217 592 3282 enim
611 3216 800 3284 exinanisset
817 3233 1034 3307 unguentum,
1049 3224 1114 3292 hou

9 3365 14 3372 ·
62 3338 124 3392 est
142 3324 375 3413 plenitudinem
388 3323 484 3389 divini
497 3325 651 3412 Spiritus,
669 3337 700 3389 et
714 3325 909 3392 humiliasset
920 3353 953 3394 se
966 3355 1064 3419 usque
1075 3333 1117 3399 ad

63 3433 215 3519 sormam
226 3433 324 3509 servi,
343 3455 455 3520 capere
467 3456 542 3498 eum
556 3431 660 3498 nullus
675 3434 707 3498 iu
723 3432 774 3499 ille
791 3416 960 3502 divinitatis
976 3437 1114 3527 plenitu-

1 3529 2 3566 ³
55 3543 148 3608 dine
164 3542 336 3629 potuisset,
353 3540 413 3604 nisi
429 3537 495 3606 sola
509 3539 648 3604 fortassis
659 3564 772 3628 sponsa
782 3591 791 3617 ,
803 3567 861 3630 pro
873 3567 911 3609 eo
927 3547 1012 3632 quod
1024 3546 1113 3610 vide-v

56 3664 123 3725 tur,
144 3649 309 3724 indicare,
334 3649 407 3736 quia
424 3660 621 3736 unguentum
639 3650 724 3715 istud
739 3649 931 3717 exinanitum
951 3676 1015 3718 non
1034 3655 1122 3740 sihi,

97 3817 108 3849 ¹
124 3813 223 3863 Mattb.
236 3829 301 3874 xm,
314 3829 338 3875 9.
354 3839 386 3849 ——
399 3815 409 3848 ²
422 3829 435 3859 2
446 3813 502 3862 Cor.
523 3829 555 3871 11,
572 3810 612 3863 15.
623 3842 654 3849 -
670 3813 679 3846 ³
693 3815 779 3862 Psulrn.
792 3833 889 3876 xxxiv,
910 3815 934 3866 8.
947 3844 979 3855 -
993 3821 1023 3864 11
1040 3801 1116 3884 doen,

53 3927 78 3967 r,
100 3897 847 3968 1.-101111,1,3.-“Ρ11111[1.11.ψ7.1ο111.1,16.-
865 3907 1040 3970 8(111111.1,1ί..
