2660 4610
320 268 355 312 ur
380 267 542 313 sauricum
561 271 767 315 1οιιιιιοοιιυιι
790 271 851 312 ιιι.
876 269 914 311 ιι.
1074 240 1137 324 459

97 409 178 455 vero
193 390 282 476 quasi
293 393 425 478 gratiam
442 393 580 459 referens
595 395 624 459 ei
640 396 694 481 qui
710 418 742 460 sc
758 392 967 481 pastoralibus
982 389 1142 456 imbuerat

99 496 300 584 disciplinis:
319 498 459 588 «Virga,
483 501 597 588 inquit,
620 515 674 567 tua
696 514 728 566 et
744 499 875 566 baculus
894 512 988 573 tuus,
1006 495 1142 583 »quibus

102 604 269 668 institutus
289 605 399 671 videor
415 607 455 678 ad
471 609 604 696 pastoris
622 609 783 683 officium,
800 607 890 695 «ipsa
910 629 961 672 me
981 601 1142 670 consolata

109 711 261 775 »suntts
276 712 355 778 ilinc
371 737 446 780 vero
458 716 512 780 ubi
524 739 557 780 se
570 739 586 779 a
603 714 809 804 pastoralibus
817 714 902 780 videt
917 712 1040 801 pascuis
1053 711 1091 776 ad
1100 734 1146 774 ra-

106 815 277 882 tionabiles
288 818 377 884 orbos
391 833 424 884 et
433 822 566 908 mystica
578 836 700 888 secreta
712 821 898 888 translatum
909 871 918 896 ,
930 820 1017 885 addit
1032 831 1064 883 et
1075 819 1148 882 sub·

107 923 175 988 dit:
194 923 341 988 «Parasti
361 926 392 989 io
410 939 584 1014 conspectu
607 951 680 992 meo
695 949 837 1018 mensam
853 927 1002 991 adversus
1020 947 1074 987 eos
1093 922 1147 1009 qui

102 1060 120 1090 ι
132 1029 286 1096 tribulant
304 1054 366 1096 me.
386 1034 590 1122 lmpinguasti
607 1039 643 1102 in·
654 1034 724 1100 oleo
743 1045 839 1122 caput
854 1057 982 1108 meum,
999 1044 1031 1096 et
1047 1053 1143 1119 pocu-

104 1167 121 1199 ι
131 1136 199 1202 Ιιιιιι
218 1150 311 1203 tuum
321 1138 485 1205 inebrians
500 1165 597 1229 quam
614 1140 800 1230 praeclarum
811 1151 868 1204 est.
884 1141 924 1205 Et
936 1136 1150 1204 misericordia

99 1270 121 1302 a
132 1252 186 1306 tua
202 1241 414 1328 subsequetur
429 1265 480 1308 me
491 1245 639 1308 omnibus
656 1245 766 1309 diebus
782 1244 853 1309 vitae
868 1265 965 1317 meae,
985 1254 1018 1306 ut
1030 1240 1151 1305 inhabi-

103 1359 198 1412 stem
215 1348 249 1412 in
265 1347 361 1412 domo
373 1349 500 1414 Domini
517 1351 549 1414 in
565 1349 793 1438 longitudinem
805 1347 960 1415 dierum².
977 1347 1058 1414 sllla
1075 1370 1156 1434 ergo¹

101 1455 231 1542 prima‚
248 1455 283 1518 id
298 1467 345 1518 est
360 1455 526 1544 pastoralis
548 1458 721 1533 institutio,
738 1457 828 1524 initio
843 1478 954 1546 eorum
976 1455 1054 1529 luit,
1072 1455 1151 1518 utin

105 1561 185 1628 loco
197 1560 287 1626 viridi
306 1559 499 1638 collocatus,
512 1585 607 1650 super
623 1587 736 1650 aquam
752 1563 931 1628 refectionis
945 1562 1148 1626 educaretur.

115 1671 277 1734 Haecvoro
296 1693 367 1756 quaa
389 1682 565 1756 sequuntur
587 1671 625 1735 de
645 1671 840 1758 profectibus
859 1670 899 1734 ad
924 1669 1154 1757 perlectionem

114 1777 332 1864 requiruntur.

160 1887 201 1950 Et
212 1884 362 1973 quoniam
376 1883 415 1951 dc
430 1889 555 1975 pascuis
567 1901 600 1954 et
616 1891 770 1957 viriditate
782 1891 1003 1979 proposuimus
1015 1938 1024 1963 ,
1038 1909 1156 1952 conve-

106 1993 306 2058 niensetiam
316 1994 440 2058 videtur
449 1995 489 2060 de
496 1995 663 2084 evangeliis
672 1995 860 2062 confirmare
869 2019 939 2084 quae
950 1996 1095 2060 diximus.
1108 1992 1158 2057 ln-

111 2100 186 2166 veni
199 2101 295 2165 etiam
311 2100 354 2165 ibi
366 2113 525 2188 pastorem
540 2101 628 2167 hunc
643 2105 763 2167 bonurn
784 2104 824 2167 de
839 2104 964 2191 pascuis
976 2102 1082 2165 ovium
1100 2099 1161 2163 dis-

111 2219 293 2281 serentem,
314 2207 368 2272 ubi
389 2208 428 2273 ad
448 2208 511 2273 boc
525 2209 612 2295 quod
627 2222 786 2298 pastorem
806 2233 838 2272 se
854 2209 1040 2296 profitetur,
1064 2208 1159 2272 etiam

113 2314 233 2379 ostium
243 2338 276 2379 se
288 2337 355 2378 esse
364 2327 613 2391 commemorat,
626 2317 761 2381 etdicit:
780 2317 867 2404 «Ego
876 2340 945 2380 sum
956 2316 1071 2380 ostium
1084 2337 1091 2378 :
1102 2337 1159 2402 per

117 2422 229 2487 »mesi
242 2419 312 2509 quis
324 2422 498 2498 introierit,
512 2422 700 2499 salvabitur,
710 2435 743 2488 et
754 2421 1160 2515 ingredieturfflt‘egredie-

113 2539 207 2601 stur,
221 2527 523 2614 etpascuaiuveniet
534 2527 556 2590 ⁸.
570 2556 582 2588 a
600 2529 796 2593 Huncetiam
806 2550 893 2591 nunc
905 2551 1017 2615 sponsa
1026 2549 1161 2614 percon-

112 2646 216 2710 tatur,
235 2646 269 2698 ut
281 2634 320 2699 ab
335 2657 373 2698 eo
386 2634 511 2710 audiat,
524 2646 556 2699 et
568 2633 667 2699 discat
680 2636 837 2722 inquibus
849 2635 972 2722 pascuis
985 2657 1058 2698 oves
1070 2645 1158 2721 agat,

114 2737 169 2804 vel
185 2738 345 2826 inquibus
357 2738 591 2803 amoenitatibus
603 2737 793 2804 meridianos
805 2750 954 2827 procuret
965 2750 1058 2802 aestus
1070 2761 1078 2801 z
1096 2760 1162 2802 me-

114 2846 232 2912 ridiem
245 2843 403 2932 appellans
411 2843 463 2908 illa
471 2842 593 2910 scilicet
604 2846 707 2910 cordis
717 2858 857 2921 secreta,
872 2847 985 2932 quibus
994 2843 1161 2910 clariorem

116 2950 570 3020 scientiaelucemaverbollei
578 2952 681 3016 anima
689 2954 903 3038 consequitur.
914 2952 1075 3017 Hocenim
1084 2965 1163 3016 tem-

116 3084 182 3149 pus
197 3071 243 3124 est
258 3059 321 3147 q'uo
337 3057 383 3123 sol
399 3057 602 3124 excelsiorem
616 3061 766 3125 circuitus
783 3061 829 3124 sui
852 3059 1001 3125 verticem
1018 3072 1113 3124 tenet.
1129 3060 1163 3124 Si

118 3168 251 3256 quando
266 3191 342 3254 ergo
353 3165 399 3230 sol
412 3167 539 3254 justitiae
552 3166 695 3232 Christus
707 3167 855 3233 Ecclesiae
868 3191 931 3232 suae
943 3167 1066 3236 excelsa
1072 3180 1104 3232 et
1117 3191 1163 3231 ar-

121 3276 188 3342 dua
200 3275 351 3340 virtutum
364 3296 494 3339 suarum
506 3286 625 3340 secreta
639 3275 835 3350 manilestat,
848 3297 972 3340 amoena
983 3298 1099 3364 pascua
1111 3298 1164 3340 cu-

125 3379 263 3469 biliaque
276 3380 448 3446 meridiana
461 3381 620 3446 videbitur
628 3383 772 3446 edocere.
786 3383 863 3448 Nam
874 3405 949 3448 cum
959 3384 1061 3448 adhuc
1077 3382 1164 3448 initia

120 3489 221 3556 habet
233 3490 391 3565 discendi,
404 3502 436 3554 et
444 3489 545 3577 prima
558 3490 613 3576 (ut
624 3492 667 3554 ita
679 3491 800 3579 dicam)
816 3492 856 3555 ab
868 3514 907 3556 eo
920 3493 1056 3556 scientiae
1068 3491 1165 3555 susci-

114 3598 168 3687 pit
180 3596 358 3661 rudimenta
368 3646 378 3671 ,
389 3607 465 3661 tunc
473 3598 550 3662 dicit
559 3598 729 3686 propbeta:
748 3599 808 3663 «Et
822 3598 983 3685 adjuvabit
991 3621 1061 3662 eam
1070 3621 1164 3662 mane

119 3701 277 3776 adiliculo
287 3703 332 3768 ’.ι
353 3703 443 3769 Nunc
459 3726 536 3792 ergo
548 3705 619 3791 quia
637 3705 823 3793 perfectiora
838 3706 903 3794 jam
920 3707 1048 3792 quaerit,
1061 3717 1094 3768 et
1109 3729 1166 3770 ειη

161 3839 270 3892 ῬιιιΙιιι.
282 3847 386 3906 ιιιι,4.
401 3871 431 3880 -
444 3843 529 3894 ²1b1u.
542 3844 568 3908 5,
578 3848 601 3894 6.
616 3873 637 3880 -
657 3843 748 3930 ⁵Juan.
761 3865 790 3904 x,
812 3863 835 3910 p.
848 3873 879 3881 —
891 3841 900 3872 '¹
910 3843 998 3896 Paulus.
1009 3861 1085 3906 τινι,
1100 3843 1128 3900 5,
