2644 4612
308 270 339 312 ru
364 267 524 311 classicum
549 268 753 314 oaurrcoauu
777 272 836 314 tin.
863 273 912 315 ru.
1066 251 1125 313 511,

92 365 192 482 pluria
208 391 353 477 quadam
370 390 547 456 caelestium
561 391 725 458 contineat
738 395 853 482 positio
865 395 922 460 ista
933 406 1057 460 terrena
1072 419 1081 460 τ
1096 407 1131 460 ut

91 502 130 566 alt
147 499 196 565 his
211 523 281 586 quae
296 499 462 574 deorsum,
480 499 572 564 adea
588 522 657 587 quae
672 523 798 566 sursum
817 515 891 566 sunt
908 503 1062 590 possimus
1078 527 1129 568 as-

91 608 227 674 cendere
238 619 351 693 ,atque
362 630 400 671 ex
412 606 459 671 lais
473 629 543 694 quta
555 607 696 672 videmus
709 609 741 672 in
755 610 844 674 terris
854 660 862 685 ,
872 611 1027 676 sentirent
1039 610 1129 675 intel·

90 715 187 806 ligere
202 739 240 782 ea
255 738 325 804 quas
338 715 497 780 habemur
511 715 543 779 in
561 713 657 780 coelis.
673 716 721 782 Ad
738 710 874 804 quorum
890 717 1129 785 similitudinem

90 824 281 911 quamdam,
301 846 365 911 quo
385 821 507 888 facilius
530 821 634 910 colligi
655 847 711 911 per
729 824 798 889 haea
819 849 858 890 ae
878 827 986 890 sentiri
1002 839 1132 914 possent

89 933 305 1006 diversitates,
323 943 542 997 ereaturarum
558 932 674 1019 quasin
692 933 782 998 terris
796 945 873 998 sunt
890 933 1130 1000 similitudinem

90 1042 238 1107 eonditor
252 1040 350 1104 dedit.
369 1041 409 1104 Et
425 1039 563 1106 fortassis
579 1041 663 1105 sieut
679 1039 842 1106 homiuem
859 1042 943 1106 Deus
964 1041 1003 1107 ad
1018 1042 1132 1130 imagi-

90 1173 164 1218 nem
181 1161 214 1214 et
229 1146 467 1214 similitudinem
488 1171 578 1213 suam
594 1147 689 1224 seuit,
711 1149 755 1214 ita
775 1149 870 1214 etiam
893 1160 1022 1214 eaeteras
1041 1172 1131 1215 crea*

91 1270 177 1323 taras
193 1256 233 1322 ad
246 1255 319 1322 alias
331 1256 484 1344 quasdam
500 1254 643 1322 eoelestes
658 1257 810 1345 imagines
825 1280 881 1346 per
892 1257 1130 1323 similitudinem

93 1363 259 1431 condidit:
276 1375 308 1427 et
319 1363 450 1429 sortasse
465 1363 634 1428 intantum
651 1362 772 1452 singula
788 1387 920 1452 quaeque
935 1388 1007 1451 quae
1021 1364 1053 1428 io
1065 1377 1132 1428 ter·-

94 1475 136 1540 ris
155 1485 249 1550 sunt,
263 1471 383 1537 habent
399 1472 518 1561 aliquid
535 1473 679 1561 imaginis
696 1485 728 1537 et
747 1471 960 1538 similitudinis
975 1472 1008 1537 in
1025 1471 1133 1536 eoeles-

67 1633 71 1638 .
97 1583 202 1657 tibus,
219 1593 254 1646 ut
274 1581 370 1646 etiam
386 1602 520 1669 granum
536 1581 650 1669 sinapis
667 1580 752 1668 quod
767 1582 935 1646 minimum
948 1583 1000 1655 'est
1014 1579 1046 1643 iu
1062 1601 1133 1643 om·-

98 1690 190 1754 nibus
205 1690 375 1754 seminibus
387 1740 395 1764 ,
408 1689 525 1756 haheat
536 1689 655 1777 aliquid
670 1690 817 1779 imaginis
826 1702 859 1754 et
870 1688 1084 1755 similitudinis
1098 1689 1131 1754 iu

98 1795 183 1861 eoelis
202 1809 254 1862 :et
268 1797 333 1862 hoe
348 1797 436 1885 quod
451 1797 520 1864 talis
536 1799 564 1862 ei
580 1799 725 1886 quaedam
742 1798 917 1886 composita
931 1808 979 1862 est
996 1795 1133 1862 alterna-

94 1905 138 1966 tio
152 1916 291 1980 naturae,
304 1917 340 1967 ut
355 1929 428 1970 cum
442 1906 611 1970 minimum
627 1905 667 1970 sit
682 1905 825 1970 omnium
841 1905 1016 1980 seminum,
1031 1904 1134 1991 majus

90 2009 149 2074 liat
166 2011 315 2074 omnihus
336 2010 492 2087 oleribus,
511 2013 555 2076 ita
576 2023 611 2075 ut
630 2024 758 2099 possent
775 2003 882 2078 lenire
901 2035 972 2078 aves
990 2010 1085 2086 caeli,
1101 2023 1134 2075 ot

91 2116 241 2182 habitare
257 2115 289 2178 in
304 2117 398 2180 ramis
413 2117 482 2202 ejus
502 2139 509 2179 τ
529 2114 766 2183 similitudinem
781 2119 861 2182 ferat
875 2142 939 2184 nou
957 2118 1059 2183 solum
1076 2117 1134 2184 ali-

91 2225 188 2311 cujus
204 2219 339 2287 eoelestis
359 2222 524 2310 imaginis,
542 2222 598 2287 sed
615 2235 647 2286 et
665 2223 762 2310 ipsius
786 2225 873 2311 regui
892 2224 1057 2290 emiorum.
1080 2226 1133 2291 Sic

90 2354 172 2419 ergo
192 2326 340 2418 possibile
355 2341 404 2394 est
418 2329 514 2393 etiam
534 2341 646 2394 matera
663 2329 782 2394 semina
798 2353 869 2416 quse
885 2331 916 2394 in
932 2332 1024 2395 terris
1040 2340 1132 2405 sunt,

92 2451 130 2503 ut
149 2437 288 2503 habeant
305 2435 422 2524 aliquid
442 2437 474 2501 iu
489 2435 670 2502 caelestibus
691 2436 921 2514 similitudinis,
940 2449 974 2501 et
990 2437 1131 2502 rationis.

93 2545 192 2626 Quod
204 2545 236 2609 in
248 2544 387 2620 semina,
399 2545 467 2609 sine
479 2544 577 2609 dubio
592 2556 625 2608 et
639 2542 792 2633 virgulta:
807 2557 840 2609 et
854 2545 878 2609 si
894 2545 1050 2634 virgulta,
1069 2545 1136 2610 sine

92 2653 193 2719 dubio
210 2663 242 2716 et
258 2651 445 2726 animantia,
461 2650 510 2716 vel
528 2650 657 2726 alitum,
671 2651 720 2718 vel
737 2653 935 2741 repentium,
951 2664 983 2717 et
999 2651 1136 2739 quadru-

92 2760 225 2850 pedum.
245 2759 308 2825 Sed
324 2771 355 2822 et
370 2758 446 2824 illud
465 2759 571 2825 adhue
584 2771 689 2847 potest
704 2759 853 2849 intelligi,
868 2761 955 2848 quod
970 2761 1052 2826 sicut
1066 2783 1135 2849 gra-

93 2889 174 2931 num
186 2865 321 2950 sinapis,
335 2887 398 2930 non
413 2887 508 2929 unam
520 2864 757 2930 similitudinem
773 2877 859 2931 tenet
875 2867 962 2953 regni
978 2863 1133 2932 coelorum

10 3051 12 3068 y
92 2985 127 3038 et
151 2970 352 3038 habitationis
373 2969 492 3063 scilieet
509 2971 615 3036 avium
635 2973 666 3036 in
687 2973 782 3037 ramis
801 2973 864 3038 suis
884 2996 892 3037 τ
910 2974 965 3037 sed
985 2973 1082 3038 habet
1101 2987 1134 3038 et

10 3073 13 3088 ¹
93 3081 191 3147 aliam
209 3077 448 3144 similitudinem
463 3075 512 3144 vel
528 3078 718 3166 imaginem,
736 3080 938 3167 perfectionis
957 3079 1078 3146 seilicet
1094 3081 1134 3146 li·

95 3189 168 3262 dei,
181 3188 224 3252 ita
241 3199 275 3250 ut
290 3186 315 3250 si
327 3186 398 3274 quis
413 3185 529 3251 haheat
544 3185 641 3251 fidem
657 3188 739 3252 sieut
753 3211 886 3275 granum
904 3189 1037 3278 sinapis,
1051 3189 1135 3254 dieat

96 3292 198 3358 monti
208 3291 377 3356 transferre
388 3313 441 3364 se,
456 3301 489 3354 et
500 3291 666 3356 transferet
680 3315 689 3356 z
704 3293 746 3357 ita
762 3291 909 3380 possibile
924 3306 973 3358 est
989 3304 1024 3357 ut
1038 3293 1134 3356 etiam

10 3463 17 3480 Ι,
97 3411 211 3465 caetera
225 3423 290 3464 non
305 3399 338 3463 in
355 3421 417 3463 uno
435 3396 557 3485 aliquo,
574 3399 627 3463 sed
644 3400 676 3465 in
696 3399 840 3488 pluribus
855 3402 994 3490 speciem
1011 3411 1043 3465 et
1057 3401 1135 3464 ima-

93 3509 203 3596 ginem
219 3505 395 3572 coelestium
411 3505 524 3571 serant.
543 3509 675 3578 Etcum
694 3507 800 3597 plures
820 3512 883 3575 sint
901 3508 1001 3595 (verbi
1019 3508 1131 3595 gratia)
1229 3541 1231 3548 ·

92 3617 128 3682 in
140 3638 240 3703 grano
256 3614 373 3702 sinapis
386 3613 519 3679 virtutes
530 3636 599 3699 quae
615 3637 721 3682 rerum
737 3615 912 3682 eoelestium
929 3616 1081 3703 imagines
1092 3627 1136 3678 te·

92 3734 214 3798 neant,
234 3722 361 3788 ultimus
381 3733 414 3788 et
434 3732 592 3786 extremus
611 3723 679 3810 ejus
699 3747 771 3790 usus
787 3738 835 3790 ast
853 3725 911 3789 iste
926 3723 980 3809 qai
999 3723 1135 3789 hahetur

95 3831 182 3918 apud
196 3831 340 3896 homines
354 3831 387 3895 in
402 3829 575 3896 ministerio
588 3832 752 3919 corporali.
769 3834 815 3900 lta
832 3833 926 3900 etiam
939 3831 971 3897 in
987 3829 1132 3917 reliquis,
