2748 4596
230 213 270 278 52
679 234 824 279 ememus

228 359 502 427 »calceamentum
526 360 565 426 de
589 359 722 448 pedibus
745 360 824 436 tuis,
848 359 938 426 loeus
960 359 1046 424 enim
1066 360 1099 424 in
1119 382 1183 448 quo
1204 371 1260 428 stas
1360 353 1362 370 ⁴

229 482 334 536 »terra
350 479 459 534 sancta
475 479 522 532 est
533 467 554 532 ¹.
575 469 636 534 »Et
652 468 815 555 quomodo
831 468 960 534 «Iericho
976 479 1060 532 terra
1075 477 1185 534 sancta
1198 480 1259 542 est,

228 598 298 662 quae
315 574 354 638 ab
371 571 515 637 hostibus
531 571 709 637 retinetur?
725 571 789 637 Sed
805 594 844 654 ne
859 571 941 637 sorte
955 572 1018 638 hoc
1033 571 1074 636 sit
1089 571 1176 658 quod
1190 571 1262 636 iudi·

226 693 339 756 cetur,
364 680 437 769 quia
462 703 665 768 quocumque
689 680 810 744 venerit
835 680 982 769 princeps
1008 678 1128 745 militiae
1146 679 1261 774 virtutis

227 789 356 854 Domini
370 837 379 862 ,
392 788 569 855 sanctilieat
583 786 690 854 locum
702 837 710 863 ,
723 788 797 875 quia
812 811 873 852 nec
883 786 1088 877 ipsalericho
1101 785 1190 852 locus
1201 798 1263 852 erat

120 955 125 964 .
229 908 358 962 sanetus
374 895 449 962 :sod
461 897 533 986 quia
546 896 694 986 princeps
705 894 824 960 militiae
836 896 963 962 Domini
975 896 1062 962 venit
1073 893 1167 972 illue,
1180 893 1262 962 locus

229 1005 347 1071 dicitur
363 1018 498 1072 sanctus.
519 1005 586 1094 Ego
604 1004 699 1070 etiam
722 1001 855 1092 amplius
870 1003 987 1091 aliquid
1008 1003 1109 1070 audeo
1124 1015 1157 1068 et
1177 1004 1261 1078 dieo,

229 1113 303 1202 quia
320 1113 415 1177 etiam
435 1112 536 1180 bloses
557 1112 611 1177 ubi
634 1115 752 1187 stabat,
769 1135 827 1202 por
845 1112 983 1202 seipsum
1008 1135 1071 1177 non
1093 1123 1162 1176 erat
1181 1112 1264 1178 locus

228 1234 375 1296 sanctus,
388 1221 444 1286 sed
456 1222 527 1308 quia
540 1221 696 1286 Dominus
708 1223 810 1286 stabat
825 1245 899 1286 cum
912 1221 1015 1297 lllose,
1028 1222 1196 1309 praesentia
1204 1221 1266 1286 Do-

180 1328 185 1333 ’
227 1311 305 1395 mini
322 1329 574 1395 sanctificaverat
585 1327 712 1402 locum,
725 1340 757 1394 ot
773 1329 846 1394 ideo
862 1329 978 1395 dicitur
989 1329 1115 1394 edeam
1131 1328 1266 1396 :vsolve

230 1436 420 1528 »corrigiam
436 1435 642 1504 calceamenti
662 1436 727 1510 tui,
749 1434 838 1502 locus
858 1436 995 1502 enimin
1016 1460 1081 1524 quo
1102 1449 1166 1502 stas
1187 1449 1267 1502 terra

230 1555 356 1610 »sancta
373 1542 448 1608 est².
468 1537 480 1604 a
499 1543 588 1610 Unde
603 1555 635 1608 et
651 1567 707 1611 nos
724 1542 749 1608 si
766 1544 827 1608 vita
843 1555 876 1608 ot
891 1544 1010 1608 meritis
1027 1545 1220 1610 accedamus
1231 1545 1268 1610 ad

228 1655 352 1730 Deum,
369 1664 401 1718 ot
422 1652 508 1740 digni
528 1651 705 1720 efficiamur
722 1663 756 1716 ut
778 1651 903 1744 assistat
918 1651 1009 1716 nohis
1028 1653 1130 1728 Deos,
1154 1653 1268 1718 dieitur

227 1761 373 1830 etiamad
385 1783 442 1824 nos
456 1772 491 1823 ut
502 1758 661 1826 solvamus
671 1783 688 1824 a
694 1759 828 1848 pedibus
838 1761 950 1824 animae
962 1771 1098 1835 nostrae,
1112 1761 1220 1848 siquid
1233 1761 1264 1824 in

228 1871 273 1935 eis
286 1865 556 1934 vinculimortalis
570 1891 728 1934 annexum
741 1879 798 1933 est.
810 1867 865 1933 lsti
876 1868 962 1933 enim
975 1879 1048 1932 sunt
1060 1869 1158 1957 pedes
1169 1918 1177 1944 ‚
1189 1891 1265 1956 quos

228 1975 311 2042 lavat
322 1975 413 2041 lesus
423 2025 433 2051 ,
443 2000 541 2064 quos,
555 1975 614 2040 nisi
629 1975 758 2050 laverit,
774 1998 838 2041 non
848 1974 1039 2042 habebimus
1051 1987 1179 2064 partem
1196 2001 1270 2044 cuna

227 2083 297 2148 eo‘.
311 2082 407 2164 Quod
418 2082 443 2147 si
454 2106 530 2172 ergo
544 2084 582 2148 ab
600 2085 702 2163 anima
719 2094 826 2149 nostra
840 2095 873 2148 et
888 2085 1031 2149 sensibus
1046 2107 1143 2150 omne
1160 2086 1271 2152 vincu-

228 2189 295 2257 lum
309 2215 393 2256 eurae
408 2190 549 2256 mortalis
567 2190 777 2267 absolvimus,
791 2192 944 2257 continuo
957 2175 1094 2258 libenter
1108 2193 1209 2260 etiam
1220 2217 1271 2260 no

229 2299 275 2364 bis
293 2298 393 2364 aderit
402 2346 418 2375 ,·
429 2311 462 2362 et
479 2299 601 2364 assistet
615 2299 710 2364 Deus.

272 2405 353 2487 Quae
371 2416 476 2470 autem
497 2417 569 2470 suut
589 2404 622 2472 in
639 2406 905 2493 consequentibus
921 2405 1096 2472 videamus.
1121 2409 1275 2475 Circum-

229 2513 323 2580 datnr
338 2512 487 2589 Jerioho,
502 2513 675 2601 expugnari
690 2536 761 2579 eam
779 2537 908 2580 necesse
926 2525 985 2578 est.
1005 2515 1182 2595 Quomodo
1196 2541 1274 2608 ergo

227 2637 428 2715 expugnatur
443 2623 596 2690 leriebo'l
612 2623 743 2692 Gladius
759 2649 824 2691 non
847 2625 994 2692 educitur
1013 2627 1165 2696 adversus
1180 2653 1274 2706 eam,

228 2734 307 2799 aries
326 2757 392 2798 non
414 2733 574 2821 dirigitur,
601 2755 659 2799 nec
675 2730 735 2798 telo
761 2734 947 2799 vibrantur:
969 2736 1053 2800 tubae
1068 2735 1277 2805 solummodo

228 2839 437 2908 sacerdotales
463 2841 679 2916 adhibentur,
699 2852 732 2904 et
755 2841 804 2908 bis
828 2842 959 2908 Jericbo
989 2845 1072 2910 muri
1107 2849 1279 2913 subruun-

228 2963 290 3015 tur.
312 2949 348 3013 ln
366 2949 466 3038 ligura
482 2949 568 3014 enim
587 2948 698 3012 mundi
721 2949 797 3036 poni
813 2947 942 3014 «Iericho
958 2950 991 3014 iu
1012 2951 1187 3040 Scripturis
1217 2955 1281 3020 sre-

228 3067 363 3147 quenter
377 3057 564 3123 invenimus.
586 3055 666 3122 Nam
689 3055 721 3119 in
737 3055 907 3145 Evangelio
922 3058 1009 3145 quod
1032 3059 1152 3124 dicitur
1174 3063 1280 3130 bomo

229 3163 460 3232 de-Jerusalem
477 3165 509 3230 in
526 3163 655 3229 «Iericho
671 3163 893 3256 descendisse,
905 3176 938 3230 et
953 3165 986 3230 in
1000 3163 1141 3234 latrones
1160 3170 1283 3236 iucur-

229 3274 304 3339 risse
314 3273 339 3349 ⁴,
355 3273 457 3340 forma
474 3275 540 3339 sine
555 3273 654 3338 dubio
666 3282 734 3338 erat
745 3269 827 3336 illius
839 3273 933 3348 Adae,
949 3274 1003 3361 qui
1016 3274 1055 3339 de
1070 3277 1231 3368 paradiso
1247 3281 1281 3344 iu

228 3381 325 3469 hujus
345 3380 456 3446 mundi
471 3379 601 3448 exilium
616 3393 720 3444 trusus
739 3392 796 3445 est.
815 3380 878 3446 sed
896 3392 929 3446 et
941 3382 1018 3447 caeci
1030 3381 1040 3413 ⁵
1053 3384 1113 3472 qui
1129 3400 1233 3470 erant
1251 3389 1283 3452 in

229 3489 377 3566 Jericho,
393 3489 432 3555 ad
444 3512 523 3578 quos
540 3489 624 3554 venit
634 3489 727 3555 lesus
744 3499 779 3552 ut
794 3487 911 3554 laceret
926 3513 979 3554 eos
992 3489 1121 3567 videre,
1135 3493 1284 3562 sormam

233 3601 386 3690 gerebant
396 3619 508 3664 eorum
525 3597 578 3684 qui
591 3597 621 3662 in
636 3596 698 3662 hoc
710 3596 833 3662 mundo
848 3596 989 3662 caeeitato
1001 3597 1193 3686 ignoruntiae
1210 3625 1287 3691 pre-
1358 3615 1362 3802 ⁴

265 3738 337 3788 1Ιοι.
350 3757 375 3798 ι,
394 3737 472 3788 15.·-
483 3737 583 3787 2ΕιιοιΙ.
596 3755 640 3798 ιιι,
661 3734 683 3788 5.
693 3701 747 3774 ζ’
758 3740 830 3787 Joen.
842 3756 898 3790 xm.
912 3739 962 3776 „t
973 3743 1029 3788 [ιιι.
1041 3757 1068 3798 ι,
1081 3738 1115 3790 3ο
1125 3755 1150 3790 et
1163 3760 1245 3809 seqqa
1258 3772 1286 3782 -
1361 3803 1362 3808 ¹

230 3833 240 3869 ⁵
253 3827 343 3880 Matvb.
357 3845 399 3877 ιιι.
