2702 4610
400 323 433 365 rra
459 319 830 387 nxoouuuorrru1,t„vrrr.
1065 293 1118 354 15'r

74 445 242 533 benignus
259 454 292 506 et
306 439 488 506 misericors
504 439 659 505 Dominus
678 435 782 504 reddit
801 447 932 525 peccata
947 445 1074 522 patrum
1090 431 1123 496 in

75 552 179 625 titios,
198 563 236 614 ut
251 550 398 636 quonium
419 561 538 636 patros,
560 550 592 614 id
614 561 674 640 est,
703 546 847 613 diabolus
867 559 899 611 et
920 543 1021 632 nngeii
1039 544 1130 629 ejus,

79 661 261 748 caeterique
280 659 434 748 principes
455 658 566 724 mundi
590 658 685 746 hujus
706 671 739 724 et
758 669 896 722 rectores
916 655 1123 720 tenebrarum

9 785 10 790 ’
85 771 208 834 harum
230 767 277 852 (et
291 769 345 856 ipsi
361 769 448 833 enim
459 767 643 833 efficiuntur
656 777 760 857 patres
772 765 909 854 peccati,
923 763 1004 827 sicut
1015 772 1048 826 et
1060 759 1125 824 dia·

89 875 198 962 bolus)
209 901 220 950 3
231 878 392 963 quoniam,
401 877 545 964 inquom,
555 889 659 965 patres
668 876 717 941 isti
727 874 846 963 indigni
856 885 929 938 sunt
940 870 994 958 qui
1006 870 1038 934 in
1046 889 1122 956 pren

88 988 169 1052 senti
184 985 298 1053 saecuio
313 987 540 1074 corripiantur,
558 986 661 1051 sedin
679 984 785 1049 futuro
800 981 954 1069 recipient
968 1002 1038 1068 quae
1058 999 1123 1044 me·

86 1109 205 1171 rentur,
219 1095 275 1160 filii
288 1118 417 1172 eorum,
429 1095 462 1160 id
474 1107 534 1171 est,
547 1117 626 1184 quos
637 1116 771 1184 peccare
783 1091 1008 1182 persuaserint,
1023 1088 1121 1174 etqui

80 1203 291 1270 nihilominus
306 1227 367 1292 per
383 1205 466 1293 ipsos
484 1204 573 1270 asciti
588 1203 705 1268 fuerint
720 1201 761 1267 ad
776 1201 972 1268 consortium
988 1198 1121 1263 secieto*

78 1329 213 1402 temque
219 1314 359 1401 peccati,
374 1313 427 1380 hic
440 1315 595 1403 recipiant
606 1334 675 1400 quae
687 1321 868 1402 gesserunt:
882 1321 916 1374 ut
927 1308 1122 1396 purgatiores

81 1425 125 1489 ad
138 1424 289 1488 futurum
303 1421 452 1489 soecuium
468 1434 613 1512 pergent,
629 1434 663 1488 et
679 1421 759 1486 ultra
775 1416 902 1484 diaholo
916 1417 993 1482 socii
1005 1439 1070 1481 non
1081 1417 1124 1480 ef*-

87 1533 241 1598 finiantur
260 1532 292 1595 in
311 1553 413 1618 poena.
442 1531 523 1610 Quia
544 1554 621 1619 ergo
641 1530 820 1595 misericors
841 1537 889 1593 est
908 1526 1076 1600 Dominus,
1092 1537 1126 1590 et

98 1663 233 1707 somnes
247 1642 391 1706 homines
411 1639 478 1707 vult
493 1640 593 1711 salvos
610 1639 712 1714 ficri¹‚
725 1647 914 1727 »propterca
930 1636 1008 1701 dicit
1022 1659 1030 1700 s
1044 1633 1124 1701 ‹vi-

85 1753 216 1819 ssitabo
234 1753 266 1816 in
284 1752 369 1840 virga
383 1753 492 1838 ferrea
510 1751 650 1817 facinora
666 1771 791 1822 eorum,
805 1759 838 1812 et
852 1748 884 1812 in
900 1744 1030 1834 flagellis
1046 1767 1125 1834 pec-

80 1891 93 1924 s
108 1873 180 1928 cata
195 1883 322 1925 eorum.
336 1859 586 1925 Misericordiam
600 1871 709 1926 autem
726 1879 830 1923 meam
847 1878 911 1920 non
926 1855 1068 1920 auferam
1084 1857 1124 1920 ab

80 2003 92 2034 ι
106 1975 154 2038 eis
162 1971 186 2036 ².
204 1969 341 2037 »Visitst
357 1993 434 2058 crgo
450 1971 605 2035 Dominus
622 1971 754 2042 animas,
767 1979 799 2032 et
816 1965 947 2054 requirit
966 1989 1043 2053 quas
1064 1965 1123 2030 isto

80 2081 240 2171 pessimus
267 2079 472 2166 persuasione
492 2078 614 2166 peccati
637 2078 781 2166 genuerit
803 2090 906 2168 poter,
929 2090 962 2141 et
983 2075 1061 2143 dicit
1082 2076 1124 2142 ad

86 2211 344 2275 unamquamque
353 2211 465 2252 earum
476 2211 484 2252 ε
497 2186 739 2263 ‹Audi‚fitia‚et
754 2188 837 2264 ride,
846 2199 877 2254 et
886 2185 1002 2253 inclino
1011 2199 1121 2252 aurem

91 2331 105 2360 ι
121 2297 453 2373 tuam,etobiiviscere
461 2298 615 2386 populum
625 2309 715 2363 tuum
726 2309 759 2363 et
768 2297 899 2363 domum
907 2299 1004 2385 patris
1017 2297 1062 2361 tui
1071 2295 1114 2361 ’.ι

88 2407 204 2474 Visitat
216 2431 290 2496 ergo
306 2419 334 2473 te
352 2419 426 2496 post
447 2419 629 2496 peccatum.
645 2420 678 2474 et
697 2420 880 2475 commonet
899 2419 944 2483 te,
964 2419 997 2472 ot
1011 2409 1044 2471 in
1060 2406 1120 2471 ssa-

77 2515 166 2606 gelio
181 2527 215 2580 et
231 2514 314 2604 virga
325 2527 355 2580 te
367 2515 471 2582 visitat
483 2539 540 2604 pro
551 2529 686 2605 peccato
699 2517 785 2605 quod
798 2517 855 2581 tibi
871 2528 962 2603 peter
976 2513 1121 2581 diabolus

76 2626 253 2715 suggessit,
267 2638 303 2690 ut
317 2626 429 2691 reddat
445 2626 501 2691 tihi
516 2623 595 2692 illud
610 2627 642 2692 in
658 2629 776 2702 sinum,
793 2626 826 2691 id
842 2639 902 2704 est,
920 2627 999 2691 dum
1011 2626 1044 2690 in
1055 2649 1124 2692 eor·

76 2758 158 2825 pore
171 2735 274 2824 degis.
289 2735 329 2800 Et
340 2735 386 2800 sie
397 2733 589 2824 completur,
599 2738 689 2802 reddi
698 2750 826 2826 peccata
835 2749 963 2827 patrum
975 2737 1007 2800 in
1019 2736 1123 2802 sinum

78 2845 224 2911 [iliorum
241 2843 273 2908 in
292 2845 416 2910 tertiam
431 2857 463 2909 et
479 2858 626 2934 quartem
646 2847 841 2935 progeniem.
861 2847 947 2911 Deus
968 2846 1053 2911 enim
1069 2869 1123 2911 re-

76 2955 146 3019 dens
162 2965 228 3026 est,
247 2965 280 3016 ct
294 2953 433 3018 animam
452 2977 551 3042 quam
571 2954 631 3020 sihi
650 2955 819 3044 despondit
833 2956 866 3020 in
882 2954 959 3029 fide,
976 2978 1041 3020 non
1058 2954 1125 3021 vuit

78 3063 172 3130 iiiam
189 3083 381 3150 permanere
396 3063 428 3127 in
445 3065 714 3130 contaminatione
730 3066 854 3153 peccati
870 3086 878 3129 τ
897 3065 953 3130 sed
971 3064 1039 3130 vult
1053 3087 1125 3131 eam

78 3173 143 3238 cito
158 3169 308 3260 purgari,
332 3167 399 3234 vult
414 3191 486 3234 eam
502 3168 652 3236 velociter
667 3172 807 3259 abjicere
821 3196 932 3238 omnes
948 3172 1124 3239 immundi-

80 3281 137 3345 tias
151 3302 243 3354 suss,
255 3279 282 3344 si
299 3278 352 3345 cui
365 3278 447 3343 sorte
459 3281 601 3366 subjecta
614 3292 676 3344 estc
687 3279 721 3344 Si
734 3303 808 3346 vero
823 3295 990 3370 permanet
1001 3285 1033 3349 in
1044 3307 1122 3372 peo-

87 3391 173 3466 catis,
188 3403 222 3456 ct
242 3390 341 3457 dicit:
357 3389 427 3455 Non
440 3391 605 3456 audiemus
622 3414 735 3457 vocem
746 3393 888 3468 Domini,
903 3395 960 3460 sed
973 3395 1123 3464 facientes

92 3501 232 3565 tamnus
253 3497 433 3564 voluntates
452 3513 588 3576 nostras,
606 3514 639 3564 et
653 3502 860 3569 incendemus
882 3505 988 3592 ignem
1007 3507 1122 3596 reginos

88 3607 168 3685 cmii,
187 3611 274 3677 sicut
299 3611 512 3697 exprobratur
537 3596 596 3699 per
609 3611 820 3698 Prophetam⁴
838 3637 847 3677 ε
866 3626 943 3680 tunc
957 3629 1125 3681 servantur

84 3721 175 3788 ctiam
189 3723 249 3812 ipsi
267 3721 312 3786 ad
328 3718 415 3784 illum
431 3721 592 3809 sapientise
607 3722 796 3787 sententiam
811 3747 882 3811 quae
897 3722 974 3790 dicit
989 3746 998 3788 ε
1011 3751 1024 3785 a
1037 3725 1123 3804 Quo-

85 3857 96 3888 ι
109 3829 191 3897 niam
203 3829 344 3919 quidem
356 3829 523 3906 vocabam,
538 3841 571 3896 et
584 3853 649 3896 non
661 3830 892 3910 obaudiebatis,
905 3835 961 3901 sed
973 3833 1122 3903 irrideba-

109 3957 118 3992 ¹
130 3975 140 4008 r
154 3960 224 4011 Tim.
239 3977 272 4020 rr,
285 3959 313 4017 4.
328 3985 359 3998 -
373 3955 383 3991 ²
396 3957 461 4010 Ptol.
474 3975 573 4018 cxxxix,
584 3959 622 4008 32.
637 3957 686 3997 -3
698 3959 763 4012 Psoi.
779 3977 834 4020 xcv,
845 3976 883 4010 ro.
893 3959 942 3998 ..t
953 3961 1062 4024 deterri,
1082 3961 1119 4012 18.
