2776 4616
9 793 12 832 Ι

9 901 12 942 Ι

357 315 389 360 ru
412 315 549 360 auuaaos
571 316 698 360 nournra
720 318 807 364 xrrrr.
1030 299 1094 387 ‚459

76 462 89 497 r
104 433 218 500 imicus
233 433 334 521 ejus¹.
354 463 368 497 s
386 435 488 502 Edom
503 436 588 502 idem
606 438 721 525 estqui
737 439 830 504 Esaii.
845 437 903 504 llic
918 438 1093 504 secundum

45 623 53 640 ,
72 541 236 610 historiam
255 541 384 629 quidem
404 544 549 612 inimicus
569 560 616 613 est
634 546 743 622 lsrael,
760 547 816 613 sed
835 547 868 613 in
882 532 1030 624 adrentuj
1046 550 1093 615 in·

75 652 290 742 quit,1Christi
306 654 402 719 etiam
416 655 483 744 ipse
497 656 662 724 baereditas
677 657 746 745 ejus
760 658 820 723 erit
835 679 843 722 ε
862 657 925 723 boo
938 668 999 732 est,
1014 659 1093 724 reci·

75 763 182 851 pietur
202 762 242 826 ad
256 760 366 839 tidem,
382 785 443 830 nee
461 765 648 832 excludetur
667 769 708 834 ab
722 767 902 833 haeroditato
918 765 1046 840 Christi.
1060 764 1094 831 Si

77 895 155 938 vero
169 867 367 961 spiritualiter
381 871 594 951 advertamus,
607 876 709 942 Edom
723 898 798 942 curo
813 873 1007 964 intelligitur,
1024 895 1094 961 quse

9 1013 13 1076 ;
80 980 260 1047 adversatur
273 979 408 1068 spiritui,
421 991 454 1045 et
468 993 516 1046 est
530 981 667 1048 inimica.
682 983 719 1048 ln
729 984 867 1049 sdrentu
881 995 988 1049 sutem
1000 981 1094 1047 Chri-

9 1123 13 1160 ο
74 1091 128 1166 sti,
151 1112 224 1155 oum
247 1089 389 1177 subjecta
412 1089 506 1157 fuerit
528 1115 602 1158 caro
624 1092 759 1182 spiritui,
778 1115 836 1181 por
857 1089 1094 1159 resurrectionis

73 1221 162 1288 spem
174 1198 270 1264 etium
285 1197 351 1286 ipsa
361 1198 403 1264 ad
418 1197 633 1268 haereditatem
647 1201 759 1268 reniet.
774 1202 845 1269 Non
859 1201 943 1269 enirn
955 1199 1019 1267 sola
1031 1201 1095 1267 ani-

9 1343 14 1384 ι
72 1332 139 1384 ms,
156 1307 213 1374 sed
226 1318 260 1372 et
278 1328 365 1384 caro,
387 1331 457 1397 quse
477 1308 646 1399 aliquando
664 1311 767 1378 fuerat
787 1311 926 1387 inimica,
942 1333 1000 1400 per
1018 1311 1096 1376 obe-

9 1431 14 1496 t
77 1417 228 1483 dientism
249 1417 374 1505 spiritus
395 1441 523 1486 consors
543 1419 657 1487 futura
679 1420 868 1488 hereditatis
890 1421 1011 1487 existet.
1032 1421 1097 1486 «Et
1127 1475 1130 1487 .

9 1567 13 1606 ι
79 1558 93 1591 ι
110 1526 206 1594 lsrael
220 1527 291 1594 fecit
304 1530 336 1595 in
350 1529 499 1596 virtutem
507 1530 530 1596 ².
545 1559 558 1594 s
574 1532 644 1598 lloc
658 1544 706 1598 est
720 1533 806 1622 quod
821 1533 910 1610 dicit,
932 1532 1004 1620 quis
1018 1544 1096 1597 tunc

9 1679 11 1716 l

80 1638 197 1714 Edem,
210 1635 258 1703 vel
269 1638 361 1715 Esati,
374 1639 437 1705 boc
446 1651 494 1704 ost
508 1640 611 1706 carnis
625 1652 736 1706 ustura
752 1640 784 1706 in
800 1639 989 1707 haereditatis
1000 1638 1097 1704 socie·

80 1757 175 1812 tatem
195 1746 366 1822 vocabitur,
383 1769 457 1814 cum
475 1744 585 1824 Israel,
600 1749 705 1815 anima
725 1747 883 1824 videlicet,
902 1748 983 1814 facta
1002 1747 1097 1814 luerit

77 1855 110 1922 in
125 1857 284 1932 dautem,
300 1867 332 1921 et
346 1854 494 1923 decenter
515 1855 609 1922 luerit
624 1855 742 1946 replete
762 1857 938 1926 virtutibus.
958 1856 992 1923 Si
1010 1857 1096 1924 enim

76 1966 179 2033 anima
198 1989 262 2032 non
285 1966 388 2032 veniat
408 1961 448 2032 ad
469 1966 613 2044 virtutes,
629 1966 685 2032 sed
708 1967 741 2031 in
762 1965 883 2054 ignavis
905 1977 1096 2055 perseveret,

9 2133 10 2148 ,
73 2099 136 2143 nee
162 2098 236 2143 coro
263 2075 304 2141 sd
321 2075 536 2143 haereditatem
559 2077 675 2152 reniet,
698 2075 754 2141 scd
774 2075 815 2140 ad
837 2075 993 2163 judicium
1015 2073 1097 2140 illius

9 2239 10 2252 ,
75 2183 131 2271 qui
152 2195 255 2272 potest
268 2183 405 2249 unimam
420 2195 453 2248 et
469 2205 587 2272 corpus
602 2183 735 2273 perdere
750 2184 783 2248 in
799 2183 1005 2272 gebennam⁸.
1030 2209 1043 2244 s
1057 2183 1098 2247 Et

9 2347 10 2362 ,
77 2321 93 2354 ι
108 2302 237 2379 exurget
251 2316 290 2357 ex
299 2293 410 2368 Jacob,
423 2302 455 2356 et
469 2291 580 2381 perdet
594 2289 763 2358 liberatum
778 2291 817 2356 de
833 2291 958 2357 civitate
966 2290 988 2355 ¹.
999 2320 1012 2353 s
1025 2288 1095 2367 llle,

76 2401 195 2490 inquit,
211 2402 263 2490 qui
278 2403 398 2492 exurgit
413 2413 448 2466 ut
462 2399 550 2467 stella
567 2425 606 2468 ex
620 2401 735 2476 Jacob,
750 2401 861 2489 perdet
875 2399 1042 2468 liberatum
1056 2400 1096 2466 de

9 2569 10 2600 p
71 2510 212 2577 civitate.
231 2509 300 2576 Non
319 2510 352 2576 in
368 2511 430 2576 boc
445 2507 560 2586 solum,
576 2509 633 2574 sed
653 2510 685 2574 in
707 2509 792 2573 omni
814 2531 896 2598 pene
911 2508 1097 2598 prophetico

9 2677 11 2686 ,
66 2619 157 2709 stylo
171 2642 240 2708 quae
254 2619 417 2696 dicuntur,
433 2617 575 2685 involuto
589 2618 662 2684 satis
684 2629 717 2683 et
731 2619 868 2684 obscuro
888 2640 1032 2684 sermone
1048 2616 1098 2682 di-

65 2744 200 2798 cuntur.
220 2730 289 2798 Non
305 2730 390 2795 enim
406 2728 524 2819 placuit
538 2739 647 2795 sancto
663 2726 805 2815 Spiritui,
822 2727 876 2815 qui
891 2727 930 2793 de
952 2726 988 2792 iis
1003 2726 1098 2793 scribi

9 2901 10 2924 p
64 2839 186 2916 voluit,
200 2851 235 2930 ut
245 2839 349 2929 pelam
360 2841 428 2907 brec
439 2853 472 2905 et
485 2838 632 2927 pedibus,
645 2850 680 2902 ut
696 2838 738 2902 its
750 2837 867 2914 dicam,
879 2837 1096 2927 imperitorum

9 3011 11 3042 J
64 2949 290 3021 conculcanda
305 2961 500 3040 ponerentur
516 2969 524 3011 τ
544 2946 599 3012 sed
612 2947 654 3012 ito
670 2946 819 3035 providit,
832 2958 867 3013 ut
881 2969 956 3012 cum
969 2944 1096 3036 publice

9 3131 10 3156 ἶ
63 3062 185 3130 haberi
199 3060 377 3136 videantur,
398 3080 580 3124 sermonum
601 3069 706 3124 tamen
723 3057 914 3123 obscuritate
935 3056 1097 3124 recondite

64 3173 103 3238 in
127 3169 264 3245 arcanis.
281 3181 313 3236 et
334 3169 366 3234 in
384 3168 512 3235 seeretis
528 3169 654 3236 obtectu
670 3180 843 3234 serventur.
863 3169 903 3234 Et
922 3189 1009 3234 nuno
1022 3190 1097 3258 ergo

63 3279 162 3371 quod
176 3280 240 3346 ait:
259 3279 396 3345 «Perdet
415 3277 583 3345 liberatum
600 3276 639 3344 de
655 3277 793 3354 civitate,
807 3306 821 3340 s
836 3277 895 3343 nisi
908 3278 948 3343 od
964 3299 1098 3344 consue-

64 3390 220 3458 tudinem
230 3389 450 3478 propbeticam
461 3389 619 3478 respicias,
635 3388 674 3453 de
689 3411 749 3476 qua
761 3388 888 3465 dicitur,
901 3387 1013 3454 Omnis
1023 3412 1099 3478 pro-

62 3499 183 3590 phetia
200 3522 261 3565 non
282 3509 384 3587 potest
405 3499 529 3587 propris
545 3495 743 3564 absolutione
758 3509 917 3573 constare,
933 3495 1023 3563 raldo
1038 3498 1099 3563 dil-

60 3606 168 3678 ficilis
187 3607 344 3675 ridebitur
365 3607 550 3675 intellectus.
575 3605 746 3699 Videamus
767 3619 873 3673 tamen
895 3607 920 3672 si
941 3607 1022 3674 forte
1038 3608 1100 3674 boc

60 3719 172 3791 modo
188 3720 305 3809 poterit
325 3709 494 3809 e'xplsnsri.
514 3718 680 3784 Civitatem
704 3718 756 3784 bic
772 3717 927 3784 mundum
946 3716 1102 3808 intelligo·

56 3854 156 3906 mus,
172 3830 256 3896 sicut
275 3840 308 3894 et
328 3828 361 3894 in
379 3825 553 3916 Evangeliis
568 3826 685 3893 dicitur
708 3825 747 3891 de
770 3824 929 3893 luxurioso
951 3824 1029 3900 lilio,
1045 3824 1099 3911 qui

100 3957 112 3992 ¹
128 3954 206 4007 llum.
217 3969 289 4015 sarr,
302 3953 342 4006 18.
351 3981 382 3995 -
393 3951 405 3990 ²
416 3952 528 4004 lbidom.
548 3979 579 3992 -·
589 3951 697 4003 ’blattis
711 3967 739 4014 x,
753 3952 792 4004 28.
806 3977 838 3995 -
852 3949 949 4012 sltem.
962 3965 1030 4009 nir,
1045 3963 1083 4012 ¹9·
