2692 4610
212 219 273 284 250
653 241 795 286 οιιειιιιιε

210 359 264 447 qui
280 370 394 446 putent
410 380 468 445 pro
480 357 631 422 mandato
645 357 736 444 Legis
752 358 811 422 sibi
827 378 953 443 quoque
966 354 1150 446 Judaeorum
1164 355 1266 440 jeju·

209 468 298 532 nium
311 466 533 552 jejunandum,
546 476 579 529 et
590 466 693 552 primo
706 465 849 530 omnium
861 462 1058 527 sermonibus
1073 473 1144 526 utar
1156 459 1265 525 Pauli

212 573 359 647 dicentis,
373 573 445 660 quin
462 572 486 636 si
503 571 574 660 quis
589 570 656 636 vult
671 594 772 636 unum
783 568 902 658 aliquid
913 569 1071 634 custodiro
1083 570 1123 633 de
1135 570 1264 632 obser-

209 680 386 745 rationibus
398 679 501 766 Legis,
514 705 526 738 r
538 678 693 744 obnoxius
705 690 752 742 est
765 678 917 742 universae
928 677 1019 764 Legis
1031 676 1192 741 seciendae
1203 675 1233 738 ¹.
1245 705 1257 736 ι

210 788 274 867 Qui
294 811 369 876 ergo
384 789 531 852 observat
549 788 607 852 istu
625 787 758 874 jejunis,
780 773 932 851 ascendet
948 797 980 850 et
998 795 1047 849 ter
1062 786 1092 849 in
1109 808 1208 850 anno
1234 785 1265 849 in

209 895 398 971 Jerusalem,
416 906 451 960 ut
466 907 616 982 eppereet
631 906 705 959 ente
721 893 877 982 templum
887 893 1028 967 Domini,
1043 905 1076 957 ut
1087 893 1218 957 offeret
1231 917 1264 958 se

210 1007 367 1071 secerdoti
389 1030 397 1069 ε
418 1005 559 1091 requiret
579 1003 677 1068 ultore
704 1005 790 1090 quod
814 1005 847 1068 in
867 1001 1031 1090 pulverem
1047 1025 1178 1067 versum
1197 1015 1261 1078 est,

212 1114 325 1182 offerat
343 1115 462 1179 hostius
478 1112 566 1177 nullo
585 1124 706 1178 astante
725 1111 886 1199 pontifice.
908 1111 1068 1199 Scriptum
1085 1123 1133 1176 est
1147 1113 1260 1186 enim,

212 1235 248 1286 ut
264 1222 343 1287 duos
357 1222 462 1288 hircos
477 1222 623 1308 jejunans
639 1219 775 1308 populus
792 1219 904 1284 oll‘erut
919 1221 952 1283 in
968 1219 1177 1293 sacrificium,
1202 1243 1259 1284 su-

212 1355 270 1420 per
286 1356 365 1418 quos
384 1345 483 1396 sortes
505 1331 587 1394 mitti
605 1331 753 1404 debeant,
778 1340 814 1394 ut
836 1352 918 1394 unus
931 1352 971 1392 ex
984 1328 1034 1392 his
1049 1329 1103 1392 list
1119 1328 1259 1392 Domini

215 1463 295 1514 sors,
312 1451 344 1504 et
358 1440 461 1504 hostia
478 1438 616 1502 Domino
632 1437 800 1510 ullerutur;
816 1434 945 1500 ulterius
959 1459 1034 1500 vero
1050 1459 1115 1500 sors
1132 1435 1211 1511 liat,
1226 1450 1261 1500 ut

215 1548 393 1614 dimittatur
409 1548 440 1611 in
456 1569 599 1612 eremum
623 1545 796 1633 virus‚'qui
814 1558 847 1609 et
866 1543 984 1609 hebent
1007 1545 1040 1609 in
1062 1568 1093 1608 se
1117 1559 1260 1631 peccato

216 1655 352 1746 populi².
367 1657 442 1720 llaec
457 1655 513 1719 tihi
523 1655 628 1719 omniu
641 1667 872 1742 consequenter
882 1651 1036 1741 explendo
1046 1663 1129 1727 sunt,
1139 1655 1202 1738 qui
1215 1654 1261 1718 ris

215 1762 393 1829 secundum
405 1771 599 1849 praeceptum
610 1760 701 1848 Legis
713 1762 881 1827 ohservare
894 1760 1051 1846 jejunium
1065 1783 1072 1822 :
1084 1761 1259 1847 dequibus

215 1893 233 1933 u
256 1871 346 1934 nohis
367 1869 497 1958 quidem
516 1868 630 1954 (prout
645 1869 828 1955 potuimus)
858 1867 1013 1954 superiori
1042 1868 1261 1955 disputatione

217 1977 385 2042 dissertum
400 1988 457 2040 est.
478 1973 599 2039 Temen
615 1977 766 2063 quonism
782 1975 869 2041 dives
885 1986 933 2038 est
949 1998 1053 2041 sermo
1068 1975 1138 2051 Dei,
1154 1989 1189 2040 et
1204 2000 1259 2041 se-

201 2087 358 2152 cundum
372 2087 560 2150 sententiam
578 2083 756 2150 Solomonis
775 2109 839 2151 non
860 2083 1060 2172 simpliciter,
1073 2087 1128 2151 sed
1142 2098 1174 2151 et
1191 2087 1259 2151 du·

218 2192 344 2280 pliciter
358 2205 390 2256 et
407 2190 572 2279 tripliciter
589 2193 815 2258 describendus
835 2194 867 2257 in
883 2194 980 2258 corde
996 2195 1078 2270 est⁸,
1097 2207 1263 2260 tentemus

219 2302 316 2365 etiem
338 2323 424 2365 nuno
448 2299 564 2364 addere
580 2298 684 2387 eliqua
703 2302 742 2366 ud
765 2325 801 2366 eu
817 2325 887 2386 quse
910 2303 1035 2367 dudum
1058 2327 1113 2391 pro
1136 2305 1264 2368 virihus

219 2411 303 2475 dicte
315 2422 401 2484 sunt,
413 2421 448 2474 ut
459 2409 661 2474 ostendemus
670 2410 831 2495 quomodo
839 2411 871 2474 in
883 2422 958 2502 typo
967 2411 1139 2476 futurorum
1150 2413 1263 2478 etiam

222 2517 276 2584 hic
288 2542 370 2584 unus
382 2517 490 2583 hircus
503 2517 640 2600 Domino
652 2517 778 2582 oblutus¹
787 2530 835 2582 est
845 2516 960 2594 hostie,
974 2531 1006 2584 et
1018 2521 1095 2585 alius
1106 2521 1199 2586 vivus
1216 2523 1264 2586 di-

221 2628 343 2691 missus.
360 2624 443 2692 Audi
455 2627 487 2689 in
500 2623 674 2710 Evangeliis
691 2624 827 2690 Pilatum
844 2625 1002 2692 dicentem
1017 2627 1057 2691 ed
1073 2629 1263 2694 secerdotes

222 2747 255 2800 et
269 2734 421 2824 populum
435 2734 619 2804 ludaeorum
634 2758 642 2798 τ
655 2736 785 2814 «Quem
803 2733 895 2799 vultis
909 2736 948 2799 de
961 2737 1085 2801 duobus
1098 2738 1265 2806 dimittam

221 2871 236 2906 ε
253 2842 352 2916 vohis,
365 2841 474 2907 Jesum
488 2842 541 2929 qui
554 2841 670 2907 dicitur
680 2841 836 2916 Christus,
846 2865 885 2906 un
897 2842 1093 2910 Burrahham
1103 2844 1113 2878 ⁶
1124 2846 1268 2914 ls'l'unc

225 2947 372 3014 clamavit
386 2950 488 3014 omnis
503 2948 651 3036 populus,
677 2961 712 3013 ut
733 2949 929 3014 Barrnhhem
946 2951 1132 3029 dimitteret,
1148 2955 1267 3022 Jesum

224 3079 300 3121 vero
316 3058 409 3120 morti
426 3058 575 3121 truderet.
601 3057 686 3122 Ecce
702 3057 799 3122 hahes
820 3056 945 3122 hircum
967 3060 1020 3145 qui
1045 3061 1193 3127 dimissus
1213 3077 1268 3128 est

224 3164 313 3230 virus
332 3164 364 3229 in
384 3187 539 3240 eremum,
563 3177 692 3251 peccatu
713 3188 821 3231 secum
842 3165 950 3253 populi
968 3167 1071 3233 serens
1095 3169 1269 3239 clementis

225 3283 258 3338 et
274 3273 406 3338 dicentis
420 3296 428 3336 ι
443 3273 638 3360 «crucifige,
651 3274 830 3363 crucifige⁶.
847 3277 932 3340 »Iste
946 3289 994 3374 est
1008 3301 1083 3367 ergo
1097 3281 1206 3348 hircus
1221 3285 1270 3348 vi·

225 3401 284 3445 vus
301 3380 452 3445 ‘dimissus
475 3381 507 3444 in
530 3403 673 3446 eremum
698 3403 706 3444 ε
728 3395 760 3447 et
780 3381 832 3447 ille
848 3397 897 3447 est
920 3384 1026 3450 hircus
1049 3390 1103 3474 qui
1125 3389 1271 3457 Domino

225 3486 352 3553 oblatus
367 3501 414 3552 est
427 3489 529 3553 hostia
546 3491 587 3555 ed
605 3491 837 3578 repropitianda
851 3504 996 3578 peccata,
1012 3503 1045 3556 et
1060 3517 1170 3560 verum
1186 3521 1269 3585 pro·

226 3596 422 3686 pitiationem
438 3598 471 3662 in
487 3621 520 3662 se
535 3600 738 3664 credentibus
754 3597 877 3688 populis
892 3599 977 3666 lecit.
994 3601 1091 3679 Quod
1108 3605 1133 3668 si
1150 3619 1184 3670 et
1199 3605 1270 3673 hoc

260 3753 401 3812 1(ὶιΙεῖ.·ν,
414 3753 436 3801 ὅ.
453 3781 482 3792 -
492 3753 504 3787 ²
516 3755 622 3806 Levitis.
634 3773 686 3804 xvi.
698 3755 749 3795 -⁸
760 3755 833 3805 Pror.
846 3773 884 3804 ιιι.
899 3783 930 3794 -
942 3755 953 3789 ¹
964 3755 1057 3804 hlutth.
1077 3773 1158 3817 xxrn,
1175 3775 1182 3805 ι
1188 3777 1213 3823 7.
1234 3789 1267 3798 -

225 3821 316 3876 tuuc:
326 3842 388 3887 xxrr,
403 3843 442 3875 ιι.
