2744 4600
516 287 547 330 rr
572 287 721 332 nouenos.
1091 275 1154 360 509

125 529 1139 558 mmmmutssuwsmmmwsmnunmmmmmu.n.

349 701 370 826 ᾖ
410 718 639 794 nouum
678 677 858 796 xxr'vn

118 941 326 1029 Destacrficiis
345 971 409 1023 quoe
420 971 470 1024 per
484 970 709 1026 unamquamque
715 945 1034 1029 festreitatemjubentur
1044 946 1150 1029 efflui,

397 1051 422 1096 et
431 1038 465 1096 de
474 1038 547 1095 uettk
558 1059 622 1111 quoe
631 1051 763 1115 vorentur
772 1038 835 1095 Dee
843 1047 862 1093 ².

162 1227 187 1292 l.
204 1227 324 1292 Omnes
339 1226 392 1313 qui
412 1224 578 1291 imbuendi
599 1237 673 1290 sunt
689 1224 950 1290 eminentioribus
968 1221 1151 1312 disciplinis,

116 1337 240 1401 tamdiu
261 1333 432 1402 motestu‘m
458 1335 581 1401 ducunt
610 1334 864 1399 rudimentorum
880 1333 1035 1408 laborem,
1052 1331 1154 1398 donec

121 1441 192 1527 quis
207 1441 245 1505 sit
260 1453 292 1506 et
308 1439 482 1529 disciplinae
498 1439 580 1504 illius
597 1440 749 1527 adquam
766 1440 1011 1505 introducuntur
1034 1439 1104 1504 finis
1121 1451 1154 1504 et

120 1549 245 1616 fructus
261 1531 415 1638 ignorent.
438 1549 520 1614 Cum
537 1572 611 1614 vero
627 1549 767 1613 imbutos
790 1547 1004 1635 perordinem
1030 1547 1155 1636 perlec-

121 1659 168 1724 tio
183 1671 350 1724 consecuta
367 1659 461 1724 luerit
477 1656 662 1746 disciplinae,
680 1671 758 1723 tnnc
776 1654 946 1723 delectabit
961 1654 1159 1722 rudimento·

120 1791 195 1834 rum
210 1768 375 1856 pertulisse
392 1767 560 1833 molestias.
582 1767 664 1832 Sunt
679 1791 755 1856 ergo
771 1778 803 1831 et
827 1767 858 1831 in
873 1767 989 1832 sanctis
1012 1787 1050 1832 ac
1076 1766 1157 1831 divi-

119 1877 170 1942 nis
185 1879 280 1942 rebus
295 1875 398 1964 prima
414 1875 559 1964 quaedem
581 1875 761 1940 rudimento
779 1857 895 1962 quibus
917 1873 1113 1940 inducuntur
1133 1875 1155 1940 ii

121 1985 177 2072 qui
192 1984 231 2048 sd
247 1983 477 2072 perfectionem
492 1983 697 2048 beatitudinis
714 1983 859 2048 tendunt.
876 1982 972 2062 Quod
993 1983 1157 2048 evidenter

121 2090 260 2158 famulus
274 2093 332 2158 Dei
354 2093 387 2157 in
403 2090 528 2158 cantico
544 2091 644 2156 Exodi
661 2091 803 2180 designet
820 2089 950 2155 dicens:
971 2092 1108 2166 «Indue,
1126 2104 1159 2158 et

124 2195 263 2289 ,planta
277 2224 330 2266 eos
346 2201 378 2266 in
394 2213 502 2264 monte
518 2197 709 2264 haereditutis
727 2210 802 2273 tuae,
819 2198 851 2263 in
874 2211 1048 2286 praeparata
1066 2200 1157 2265 bubi-

126 2338 141 2371 ι
157 2310 274 2375 tatione
288 2322 355 2385 tua,
367 2331 464 2397 quam
481 2306 677 2394 praeparasti,
690 2305 855 2373 Dominc⁸.
870 2335 883 2368 r
902 2304 1017 2371 Paulus
1032 2330 1158 2394 quoquo

122 2417 296 2507 Apostolus
311 2418 413 2484 sciens
429 2437 497 2482 esse
510 2415 656 2502 quredam
671 2416 773 2503 primu
790 2415 953 2481 imbuendi
969 2417 1068 2491 initio,
1083 2430 1160 2484 tunc

120 2528 241 2594 deinde
257 2553 313 2618 per
327 2542 453 2616 tempus
470 2525 567 2590 etiam
583 2523 624 2589 ad
644 2524 874 2613 perlectionem
890 2524 1001 2601 veniri,
1019 2526 1159 2591 scribens

119 2638 316 2726 quibusdum
333 2638 459 2704 dicebat
477 2659 485 2700 :
508 2635 658 2702 «Etenim
675 2657 749 2700 cum
765 2635 923 2701 deberetis
939 2637 1005 2723 jam
1020 2637 1160 2725 magistri

121 2776 136 2810 ι
152 2770 224 2812 esse
239 2760 367 2836 propter
383 2758 522 2833 tempus,
541 2766 668 2808 rursum
684 2744 830 2833 indigetis
848 2757 882 2808 nt
897 2743 1074 2832 doceamini
1091 2769 1161 2834 quae

122 2886 137 2917 ι
152 2858 218 2921 sint
233 2855 389 2922 elementa
404 2854 525 2920 exordii
542 2876 726 2919 sermonum
743 2855 814 2930 Dei,
830 2865 862 2918 et
875 2853 949 2920 lecti
961 2854 1034 2919 estis
1047 2856 1162 2942 quibus

120 2997 136 3030 ι
152 2965 238 3032 lacte
254 2990 332 3055 opus
350 2965 402 3043 sit,
419 2988 483 3029 non
500 2963 573 3029 cibo
585 2963 672 3030 lorti.
694 2964 806 3030 Omnis
821 2965 906 3029 enim
928 2964 982 3051 qui
1004 2963 1086 3031 lecte
1105 2966 1163 3033 oli-

1 3117 6 3140 ,
121 3108 137 3141 ι
156 3087 224 3152 tur,
238 3099 349 3164 expers
365 3087 412 3141 est
428 3075 582 3140 sermonis
594 3075 739 3162 justitiae;
755 3074 904 3163 parvulus
920 3073 1005 3138 errim
1017 3086 1074 3140 est.
1092 3075 1166 3142 Per-

3 3229 8 3268 s
123 3217 139 3250 ι
156 3186 318 3252 sectorum
336 3208 408 3250 vero
425 3184 515 3250 cibus
528 3182 648 3249 solidus
664 3197 724 3260 est,
742 3185 796 3272 qui
813 3207 871 3273 pro
886 3183 1092 3271 possibilitate
1108 3210 1164 3250 su-

123 3327 139 3359 »
157 3294 266 3360 mendi
278 3294 467 3359 exercitatos
480 3293 599 3357 habent
615 3316 724 3358 sensus
735 3292 776 3358 ad
788 3293 1012 3358 discretionem
1024 3294 1100 3359 boni
1114 3294 1163 3360 vel

130 3433 145 3465 ι
162 3400 238 3466 meli
248 3401 269 3467 ⁸.
287 3432 299 3464 s
314 3401 355 3468 Et
367 3403 483 3468 iterum
499 3403 531 3467 in
548 3400 628 3478 eliis,
642 3400 781 3466 litteram
794 3400 885 3490 Legis
900 3423 1093 3491 omnemque
1106 3403 1166 3469 bu·

127 3509 270 3598 jusmodi
289 3509 488 3600 Scripturam
506 3508 662 3577 elemento
683 3510 793 3576 mundi
812 3533 879 3575 esse
898 3513 1161 3579 commemorat‘.

124 3623 172 3688 Et
183 3645 272 3689 nunc
286 3646 362 3712 ergo
377 3647 413 3688 en
429 3610 500 3710 quae
515 3621 739 3711 pertinuerunt
751 3623 790 3688 ed
806 3621 891 3698 illos,
908 3622 962 3711 qui
978 3623 1087 3712 primis
1104 3625 1166 3690 im-

162 3767 262 3818 ¹Tcm.
275 3769 313 3830 ll,
324 3787 351 3835 p.
365 3770 409 3818 361
426 3780 451 3820 et
464 3787 538 3836 seqq.

161 3837 173 3872 ²
187 3839 267 3889 Num.
282 3857 373 3902 urm,
386 3859 424 3908 29,
438 3843 475 3894 50.
492 3869 520 3882 ·-
533 3839 543 3877 ⁸
557 3843 636 3894 Exod.
655 3861 696 3904 xv,
715 3842 911 3909 17.-⁸flebr.
925 3859 949 3905 v,
968 3859 1006 3903 ra,
1021 3842 1060 3902 13,
1074 3839 1112 3900 td.
1136 3869 1168 3880 -

118 3919 134 3952 ⁸
148 3914 214 3966 (sat.
225 3931 260 3973 rr,
274 3925 301 3967 ct
312 3915 408 3968 Goloss.
425 3934 451 3968 n.
