2644 4612
335 283 365 328 ra
391 283 550 328 crrrrcuu
574 283 772 329 cssrrcoauu
794 285 854 327 sm.
883 285 930 328 111.
1081 267 1149 351 479

114 405 243 474 arbusta
259 429 332 484 sua,
349 408 430 472 siout
445 406 488 474 ait
504 408 536 473 in
549 407 676 496 psalmis
694 431 703 472 ε
721 408 882 498 «Operuit
897 421 1021 475 montes
1037 411 1149 476 umbra

116 518 210 605 »ejus
222 564 232 591 ,
246 526 280 580 ot
297 517 424 581 arbusta
443 516 513 602 ejus
529 515 642 581 cedros
656 513 743 582 Dei¹.
764 516 961 582 »Evidenter
980 517 1075 606 igitur
1091 539 1149 607 per

116 623 187 692 haee
197 621 336 690 Eoulesia
349 623 434 690 osui
446 623 504 689 Dei
516 622 706 690 nominatur.
722 622 804 689 Cum
815 643 892 712 ergo
907 619 984 691 dioit
994 643 1147 714 sparsura

127 733 252 820 «Tigna
271 730 439 798 tomorm
455 743 635 798 nostrarum
654 731 760 806 eodri,
777 759 790 792 s
804 729 979 821 intelligere
996 732 1150 798 debemus

5 867 6 900 π
118 841 230 909 cedros
248 839 305 904 Dei
324 861 392 905 esse
411 861 466 904 eos
485 840 540 928 qui
554 837 728 906 Ecclesiam
748 849 939 929 nenegant,
955 851 990 905 et
1007 863 1075 906 esse
1093 839 1150 906 sli-

117 971 196 1039 quos
209 947 325 1014 borum
336 945 500 1014 validiores
515 947 568 1036 qui
584 948 689 1013 trabes
701 946 910 1037 appellantur.
922 949 963 1015 Et
973 959 1052 1037 puto
1063 947 1150 1036 quoti

114 1056 340 1124 emreuienter
354 1055 387 1122 bi
402 1057 456 1145 qui
472 1055 689 1145 episcopatum
704 1058 785 1122 bene
800 1057 980 1122 ministrant
993 1057 1026 1121 in
1037 1055 1151 1124 Euole-

113 1165 176 1242 sia,
189 1165 296 1231 trabes
311 1162 373 1230 diei
383 1175 532 1251 possunt,
545 1163 660 1252 quibua
674 1174 869 1229 sustentatur
884 1175 916 1228 et
927 1163 1044 1252 tegitur
1054 1183 1150 1229 omne

3 1301 4 1338 ³
114 1271 303 1348 edificium,
316 1269 365 1338 sel
380 1271 420 1336 ab
431 1271 581 1338 imbrium
597 1269 688 1346 labe,
702 1268 750 1337 rei
762 1272 802 1337 ab
818 1265 983 1338 ardoribus
999 1270 1082 1337 solis.
1094 1272 1151 1338 Se»

114 1379 223 1448 eundo
243 1390 350 1445 autem
364 1377 480 1444 horum
500 1375 572 1444 loco
589 1379 674 1468 tigna
691 1380 894 1468 presbyteros
910 1377 1023 1468 opinor
1037 1378 1151 1468 appel-

115 1487 176 1556 lari
193 1500 251 1554 :et
266 1487 370 1552 trabas
385 1486 515 1575 quidem
533 1485 596 1553 diei
614 1507 796 1576 cypressos,
812 1487 927 1574 quibus
946 1496 979 1552 et
997 1486 1152 1552 fortitudo

118 1595 295 1673 robustior,
316 1607 350 1661 et
371 1595 451 1661 odor
469 1595 629 1663 suavitatis
648 1595 745 1671 inest,
766 1615 824 1684 per
842 1595 928 1683 quod
952 1597 983 1662 in
1004 1594 1151 1684 operibus

122 1703 274 1781 ualidum,
289 1704 369 1769 etin
385 1703 536 1771 doctrinae
555 1703 687 1793 gratiam
704 1699 894 1792 fragrantem
914 1701 1055 1792 designat
1068 1703 1153 1792 epis-

2 1879 3 1888 ,
121 1836 244 1903 capum.
264 1811 418 1894 Similiter
439 1825 546 1880 autem
564 1824 597 1878 et
618 1811 703 1903 tigna
721 1811 835 1879 cedros
857 1810 1023 1902 appellavit
1042 1823 1078 1878 ut
1096 1830 1155 1902 per

117 1917 180 1986 boe
199 1920 443 2012 incorruptionis
462 1920 606 1997 vinastis,
622 1933 656 1986 ot
672 1920 779 1986 odoris
796 1919 935 1986 scientiae
951 1919 1067 1986 Christi
1083 1918 1153 2009 pie·
1229 2009 1230 2014 ἵ

1 2077 2 2106 p
113 2049 176 2093 nos
190 2027 368 2115 designaret
383 2028 501 2093 debere
514 2049 583 2092 esse
597 2027 809 2116 presbyteros.

171 2135 267 2222 ‹Ego
287 2133 346 2199 iios
365 2134 467 2223 campi
485 2133 639 2200 etlilium
659 2133 850 2201 convallium
868 2159 876 2199 a
894 2137 976 2202 sieut
995 2132 1096 2201 lilium
1118 2137 1153 2202 in

114 2241 248 2308 »medio
264 2241 445 2331 spinarum,
461 2241 503 2309 ita
523 2240 665 2332 proxima
684 2264 755 2308 mea
772 2241 805 2308 in
824 2243 930 2308 medio
948 2241 1144 2310 iiiiarum¹.s

114 2351 196 2417 Haen
209 2347 261 2416 iiie
276 2350 331 2438 qui
344 2343 477 2439 sponsus
491 2359 523 2415 et
537 2352 671 2416 verbum
687 2361 720 2416 et
734 2349 886 2440 sapientia
903 2363 970 2427 ost,
988 2351 1027 2417 de
1042 2363 1155 2418 semet-

114 2457 187 2547 ipso
200 2465 234 2524 e't
248 2458 288 2524 de
304 2479 417 2546 sponsa
433 2457 474 2525 ad
487 2457 608 2525 amieos
623 2479 661 2525 ae
680 2455 804 2525 sodales
822 2481 895 2524 suos
913 2458 1001 2547 loqui
1014 2459 1153 2528 videtur,

116 2564 370 2633 &dasoundam
381 2566 550 2656 propositae
560 2565 762 2654 expositionis
774 2565 1074 2633 ordinemeristus
1085 2568 1154 2637 haeo

115 2673 161 2740 tis
173 2670 313 2740 Eneiesia
327 2672 413 2762 ioqui
428 2672 650 2764 intelligendus
667 2685 732 2751 est,
745 2684 777 2740 et
792 2676 858 2763 ipse
874 2675 979 2741 dioere
995 2697 1029 2741 se
1041 2676 1152 2745 florem

115 2807 187 2852 esse
206 2785 310 2875 oampi
331 2796 364 2850 et
385 2782 485 2851 lilium
509 2784 711 2852 oonvsllium.
738 2785 876 2876 Campus
895 2785 1039 2876 planities
1059 2795 1152 2855 torrae

116 2893 247 2970 dicitur,
261 2893 312 2959 cui
324 2891 448 2960 cultura
460 2893 627 2959 adhibetur
637 2904 670 2959 et
681 2892 836 2959 excolitur
848 2896 889 2960 ab
902 2893 1054 2984 agricolis.
1070 2896 1153 2964 Gon-

116 2999 215 3068 valles
232 3023 306 3067 sero
321 3019 430 3066 saxosa
445 2999 544 3089 magis
558 3011 592 3065 et
606 2998 724 3066 insulta
738 3000 878 3067 indicant
889 3000 966 3068 ioca.
982 3003 1153 3071 Possumus

1 3151 2 3154 κ
118 3121 227 3177 autem
244 3121 277 3174 et
295 3129 445 3196 eampum
459 3103 550 3173 ilium
567 3106 740 3196 intelligere
761 3107 915 3198 populum
930 3111 984 3199 qui
1000 3131 1057 3200 per
1071 3112 1151 3178 Pru-

5 3251 8 3260 *
119 3217 231 3306 phetas
242 3214 407 3284 colebatur
420 3216 575 3306 etLogem
589 3237 598 3280 r
612 3214 790 3283 convalium
806 3237 880 3282 voro
892 3237 1037 3284 saxosum
1054 3229 1087 3285 et
1097 3221 1150 3287 in·-

122 3322 244 3391 ertum
269 3325 410 3415 gentium
434 3319 551 3391 lotum.
574 3324 713 3413 Sponsus
734 3345 809 3412 ergo
831 3322 884 3391 hie
909 3325 941 3390 in
964 3325 1151 3393 Judaeorum

121 3431 239 3523 populo
253 3433 313 3499 iios
327 3431 387 3498 init
404 3456 414 3498 a
431 3421 486 3499 soti
501 3432 650 3522 quoniam
665 3431 826 3498 nemiuem
841 3432 880 3499 ad
894 3435 1069 3523 perfectum
1088 3434 1148 3501 od-

118 3541 211 3607 duxit
225 3540 294 3618 ies,
308 3539 428 3607 ideirco
443 3541 476 3604 in
488 3539 544 3608 iiio
559 3561 623 3606 non
639 3540 744 3631 potuit
758 3542 889 3607 verbum
904 3541 962 3608 Dei
978 3542 1019 3608 od
1034 3540 1150 3610 florem

1 3715 6 3747 ἱ
115 3647 293 3739 proficere,
307 3659 340 3715 ot
358 3648 397 3715 ad
413 3648 639 3739 perfectionem
658 3648 822 3716 fmctuum
837 3652 1009 3745 pervenire.
1030 3652 1066 3717 In
1088 3651 1149 3716 ists

116 3770 228 3824 tamen
243 3755 385 3824 convalle
399 3757 540 3847 gentium
554 3755 686 3825 effectus
700 3769 748 3826 est
761 3755 879 3840 lilium,
897 3758 1072 3850 eujusmodi
1088 3781 1149 3827 au·

156 3883 265 3939 ‘Parim
278 3907 367 3953 um,
383 3905 422 3940 ru.
434 3915 464 3927 -
475 3885 487 3922 ¹
498 3887 569 3940 Cant.
578 3907 611 3954 u,
627 3907 650 3954 ι,
662 3910 688 3942 a,
