2748 4596
239 251 279 312 ὒο
688 270 830 314 onscntus

226 415 390 468 sassones,
409 390 455 456 vel
470 416 559 479 aquae
573 403 744 479 gestatores
757 393 835 456 liant
849 403 882 455 et
895 391 1149 456 condemnentur
1163 393 1201 458 ad
1211 395 1261 458 ob

240 501 383 588 sequium
401 498 529 588 populi,
546 511 578 563 ct
595 498 701 564 altaris
714 501 772 565 Dei
788 499 1016 590 ministerium,
1035 500 1184 586 quoniam
1199 502 1263 587 qui-

240 609 313 672 dem
325 631 400 672 cum
412 605 485 672 dolo
498 619 530 670 et
543 594 712 670 calliditate
726 618 924 672 accesserunt
937 606 979 673 ad
989 605 1070 670 filios
1082 605 1177 671 lsrael
1192 631 1260 694 pan-

239 716 287 780 nis
300 712 584 800 calceamentisque
595 714 753 778 veteribus
766 713 867 778 induti
878 763 887 788 ,
897 725 929 778 et
940 713 1047 778 cibum
1060 714 1173 777 vetusti
1184 715 1265 801 panis
1303 761 1306 769 ·

239 821 384 886 ferentes.
404 822 459 885 lsti
470 845 544 909 ergo
561 822 691 887 veniunt
706 823 746 886 ad
761 821 870 886 lesum
882 844 957 885 cum
972 822 1119 885 omnibus
1135 833 1265 888 vetusta-

240 929 324 993 tibus
339 929 420 1004 suis,
433 941 465 993 et
482 941 574 994 crunt
587 931 626 994 ab
639 951 677 993 eo
696 929 758 995 hoc
775 941 898 993 tantum
913 941 948 992 ut
965 927 1134 994 salsentur.
1149 930 1185 993 ln
1197 953 1266 1016 quo-

241 1059 313 1100 rum
329 1035 428 1123 figure
449 1036 511 1100 tale
527 1035 603 1102 mihi
626 1035 743 1122 aliquid
757 1037 881 1101 videtur
896 1037 1030 1102 ostendi.
1050 1037 1132 1102 Sunt
1146 1037 1267 1124 quidam

241 1145 274 1208 in
286 1142 599 1209 Ecclesiaccedeutes
612 1144 740 1230 quidem
751 1156 783 1208 et
792 1145 943 1235 habentus
957 1143 1053 1209 fidem
1066 1145 1097 1209 in
1107 1145 1228 1220 Deum,
1239 1159 1267 1210 et

149 1265 156 1284 ⁸
242 1251 476 1338 acquiescentes
492 1251 639 1316 omnibus
652 1251 762 1315 divinis
774 1252 957 1339 praeceptis:
970 1253 1085 1340 quique
1097 1251 1267 1342 etiamergs

240 1356 1015 1446 servosDeireligiosisunt,otserviceeiscupiunt,
1028 1359 1083 1423 sed
1096 1371 1128 1423 et
1137 1358 1269 1425 adoma-
1329 1395 1332 1400 ¹

240 1477 308 1529 tum
317 1463 537 1540 Ecclesiae„vel
549 1466 758 1551 ministerium
768 1466 1001 1553 sutis'prompti,
1014 1468 1180 1554 paratique
1189 1482 1269 1542 sunt,

241 1573 272 1636 in
281 1573 405 1637 actibus
417 1596 491 1638 vero
503 1573 566 1637 suis
579 1585 610 1637 et
624 1557 860 1637 conversatione
867 1572 1006 1660 propria,
1014 1574 1272 1640 obscoenitatibus

241 1690 272 1742 et
286 1679 364 1743 vitiis
377 1677 508 1743 involuti
519 1729 528 1754 ‚
541 1702 601 1744 nec
616 1673 745 1742 omnino
759 1679 951 1766 deponentes
965 1684 1103 1744 veterem
1112 1679 1273 1746 hominem

241 1809 316 1851 cum
325 1786 447 1851 actibus
457 1786 597 1862 suissed
606 1783 873 1850 involuti-vetustis
884 1786 1003 1851 uitiiset
1012 1788 1271 1853 obscoenitatibus

239 1898 323 1972 suis,
337 1897 419 1961 sicut
436 1909 469 1961 et
484 1897 534 1962 isti
550 1896 659 1984 pannis
675 1908 706 1959 et
727 1885 947 1960 calceamentis
962 1898 1121 1961 veteribus
1140 1898 1272 1970 obtecti,

239 2015 354 2094 pnaeter
375 2004 437 2069 boc
455 2005 540 2092 quod
558 2005 590 2068 in
601 2005 706 2067 Deum
721 2005 874 2077 credunt,
893 2015 925 2067 et
943 2024 1016 2090 erga
1035 2027 1143 2069 servos
1153 2007 1214 2069 Dei
1230 2003 1298 2069 vel.

239 2110 391 2179 Ecclesiae
405 2110 526 2176 cultum
535 2110 681 2174 videntur
693 2133 759 2174 esse
772 2110 896 2186 devoti,
910 2110 988 2176 ndiil
1005 2112 1159 2176 adhibent
1171 2136 1277 2177 emen,

241 2216 450 2294 dationis,s·el
463 2217 671 2282 innovationis
688 2217 720 2281 in
731 2217 882 2281 moribus.
897 2216 966 2281 Istis
983 2242 1059 2306 ergo
1066 2217 1159 2283 lesus
1171 2221 1279 2285 Domi·

239 2349 299 2392 nus
314 2339 420 2391 noster
428 2323 560 2390 salutem
572 2325 699 2411 quidem
711 2325 856 2390 concedit
868 2325 1187 2411 ,sedquodnmmodo
1196 2325 1279 2392 salus

239 2434 306 2521 ipsu
318 2455 429 2498 eorum
444 2443 552 2497 notam
563 2454 628 2495 non
636 2430 741 2496 evadit
756 2431 903 2496 insamiae.
916 2430 1032 2495 Similis
1045 2455 1173 2519 quoque
1182 2435 1282 2500 etiam

240 2542 273 2606 in
285 2535 392 2622 libello
408 2539 459 2625 qui
477 2537 651 2625 appellatur
666 2537 819 2610 Pastoris,
837 2537 876 2601 de
892 2538 939 2602 bis
953 2537 1053 2626 ligura
1069 2539 1280 2605 describitur.

241 2645 888 2733 ditenim,quiaest-arborquaedom,quae
899 2643 1286 2737 ulmusoppellotur,quae

239 2753 380 2820 fructum
391 2775 455 2818 non
467 2751 557 2818 allent
564 2777 574 2826 3
585 2763 690 2840 portat
700 2751 807 2815 tamon
816 2753 910 2818 vitem
923 2776 992 2839 quae
1003 2753 1094 2820 affert
1102 2753 1287 2842 plut-imum

239 2859 397 2933 fructum,
415 2868 446 2920 et
462 2879 553 2920 exeo
570 2856 655 2943 quo‘d
670 2850 862 2920 adminiculo
877 2869 925 2921 est
940 2857 1013 2932 viti,
1031 2880 1100 2944 quae
1116 2859 1191 2946 ejus
1207 2862 1291 2926 viri-

240 2945 300 3032 bus
319 2967 441 3040 nitens,
460 2963 506 3030 vel
523 2961 652 3036 afferre,
674 2960 720 3026 vel
738 2985 861 3028 servare
880 2975 984 3050 potest
1000 2963 1177 3052 plurimum
1195 2967 1291 3033 fruc-

214 3053 218 3062 *
240 3087 309 3140 tum
320 3123 328 3147 ‚
341 3073 436 3137 etiam
453 3071 577 3146 ulmus,
591 3095 659 3158 quae
676 3070 871 3135 infructuosa
886 3083 952 3145 est,
966 3072 1142 3137 necessaria
1153 3074 1295 3139 videtur

240 3194 272 3248 et
289 3180 370 3256 utilis
386 3204 424 3244 ex
435 3179 498 3244 boc
514 3183 580 3266 ipso
593 3177 678 3268 quod
693 3177 861 3241 fructiferas
878 3178 1032 3243 deserviat
1043 3179 1109 3242 viti.
1125 3178 1210 3246 Tale
1229 3181 1295 3247 ali-

243 3290 317 3378 quid
333 3285 471 3375 intellige
483 3287 579 3351 etiam
592 3287 623 3350 in
636 3287 818 3350 Gabaonitis
827 3285 885 3378 qui
902 3309 965 3349 non
979 3285 1204 3374 deposnerunt
1217 3291 1299 3376 qui-

243 3397 315 3460 dem
328 3393 644 3459 veterem‘bominem
657 3405 731 3456 cum
746 3393 867 3459 actibus
880 3392 961 3466 suis,
977 3393 1157 3458 ministrant
1177 3408 1300 3460 tamen

243 3503 357 3568 sanctis
376 3515 408 3566 et
425 3502 580 3576 serviunt,
602 3513 633 3563 et
651 3498 769 3587 aliquid
786 3497 927 3563 utilitatis
946 3499 1155 3587 impendunt,
1180 3517 1217 3566 et
1238 3503 1301 3568 tali

241 3610 381 3698 quodam
399 3609 508 3674 ordine
524 3609 563 3672 ab
583 3607 658 3671 <lesu
675 3605 807 3683 salutem
828 3629 901 3670 cum
917 3607 1089 3692 juramenti
1112 3609 1304 3697 interposi-

240 3719 327 3784 tione
343 3717 526 3805 suscipiunt.
542 3717 607 3802 Ego
623 3712 771 3779 nolebam
788 3715 822 3778 iu
836 3715 1083 3780 Gabaonitarum
1101 3717 1223 3782 ordine
1243 3743 1304 3782 su-

243 3824 342 3890 lutem
359 3823 525 3908 consequi,
542 3845 599 3888 nec
614 3823 645 3886 in
657 3820 732 3909 tigni
746 3821 935 3895 caesoribus,
949 3820 997 3885 vol
1010 3845 1098 3907 uquae
1115 3827 1304 3910 gestatori-
