2604 4614
180 208 244 288 bib
623 227 766 269 oararuus

182 349 265 416 Audi
278 349 475 436 Scripturam
493 347 533 411 de
552 347 615 412 hoc
629 347 742 410 eodem
761 341 867 432 jaculo
883 340 1086 428 loquentem,
1103 339 1174 402 imo
1190 346 1223 398 nt

179 455 314 544 amplius
340 455 523 526 admireris,
548 453 621 519 audi
645 453 749 540 ipsum
777 448 918 538 jaculum
943 447 1022 535 qrrid
1044 443 1222 532 loquatur:

187 564 321 630 «Posuit
335 585 387 629 me
402 563 434 627 in
451 562 595 650 sagittam
610 558 764 634 electum,
781 570 814 622 et
829 558 862 621 in
878 557 1028 645 pharetra
1042 575 1102 618 suu
1120 573 1224 615 serta-

115 705 116 708 *
182 671 248 738 avit
262 692 335 745 mc,
351 682 384 735 et
395 669 472 734 dixit
484 669 561 734 mibi
575 691 583 734 ε
597 668 747 756 Magnum
760 678 808 731 est
821 665 877 732 tibi
889 664 953 729 hoc
967 660 1072 728 vocari
1090 681 1222 748 puerum
1295 675 1296 678 ’

180 801 310 846 ameum
325 778 348 843 ¹.
374 777 550 866 »Intellige
572 779 716 866 sagittam
738 776 817 864 quid
839 775 942 850 dicat,
967 785 1000 838 et
1022 768 1223 859 quomodoa
1294 761 1296 830 l

179 887 249 954 Deo
264 886 304 950 ait
320 883 431 951 electa.
447 885 554 965 Quam
567 887 696 951 beatum
708 897 756 949 est
772 883 834 950 hoc
845 881 951 971 jaculo
968 876 1148 946 vulnorari.
1166 876 1223 940 llas
1295 931 1296 944 a

179 992 292 1080 sagitta
310 989 464 1057 vulnerati
483 991 613 1057 suerunt
631 990 676 1058 illi
691 992 750 1080 ¹qui
772 993 854 1056 inter
871 1013 904 1055 se
922 990 1062 1056 invicem
1082 981 1224 1050 consera-
1295 989 1296 994 ’

180 1103 258 1167 bunt
275 1126 283 1167 :
298 1103 430 1168 aNonne
446 1125 502 1168 cor
514 1115 659 1168 nostrum
674 1104 788 1168 ardens
799 1114 867 1168 erat
882 1102 915 1167 in
928 1101 977 1168 via
993 1121 1073 1166 cum
1094 1096 1223 1184 aperiret

173 1239 196 1284 ,a
204 1210 295 1276 nubis
307 1210 486 1297 Scripturas
496 1209 506 1244 ²
518 1211 532 1275 l
544 1237 557 1273 ι
573 1211 605 1276 Si
617 1211 687 1298 quis
700 1233 846 1275 sermone
858 1219 987 1284 nostro,
1001 1208 1028 1272 si
1041 1206 1117 1294 quis
1129 1204 1222 1292 Scrip-

182 1331 261 1385 turae
282 1319 396 1385 divinae
418 1319 599 1408 magisterio
618 1317 815 1395 vulneratur,
838 1330 871 1383 et
892 1329 1000 1407 potest
1024 1315 1137 1380 dicere
1158 1315 1221 1401 qnia

182 1425 353 1494 vulneratae
375 1427 537 1492 charitatis
560 1450 636 1516 ego,
658 1428 746 1494 hunc
763 1438 797 1492 et
815 1424 894 1492 illud
914 1425 1050 1490 forsitan
1074 1423 1218 1510 sequitur,

182 1535 263 1624 quid
276 1535 408 1600 forsitan
425 1535 521 1600 ‹licoi'
539 1536 739 1608 manifestam
754 1557 868 1623 promo
885 1533 1095 1628 sententiam.

227 1643 286 1707 lX.
312 1641 467 1708 «Sinistra
483 1645 552 1731 ojus
570 1644 628 1708 snb
646 1643 749 1731 capite
764 1666 856 1718 meo,
869 1653 901 1706 et
916 1642 1054 1706 dextera
1069 1639 1148 1703 illius
1158 1661 1215 1702 am·

183 1749 385 1839 »planabitur
400 1773 452 1816 me
461 1750 485 1815 ⁸.
501 1751 626 1816 »Habet
640 1751 716 1816 etin
729 1751 852 1816 sinistra
864 1801 873 1826 ,
887 1761 919 1815 et
930 1750 964 1814 in
977 1749 1110 1814 dextera
1122 1769 1207 1811 sumo

183 1858 241 1923 Dei
258 1859 463 1947 sapientiam,
481 1883 550 1947 quae
566 1883 641 1926 cnm
656 1883 715 1949 pro
727 1858 906 1926 intellectus
923 1861 1079 1925 varietate
1090 1857 1122 1921 sit
1134 1854 1201 1919 mul-

183 1964 300 2053 tiplex,
317 1967 348 2031 in
360 1965 538 2055 subjacenti
552 1991 613 2034 unu
627 1979 685 2032 est.
702 1968 771 2057 lpse
784 1965 935 2033 Salomon
947 1967 990 2032 de
1004 1964 1200 2038 laevaata-

182 2087 251 2140 tera
266 2058 434 2162 Sapientiae
449 2076 577 2151 (locuit,
594 2075 702 2141 (licens
720 2099 729 2140 ε
753 2103 765 2134 ι
782 2075 960 2164 Longitutlo
975 2075 1091 2148 enim,
1107 2085 1135 2136 et
1149 2071 1206 2135 anni

104 2191 115 2204 “
182 2179 277 2244 avitae
295 2179 327 2244 in
347 2179 475 2244 dextera
495 2181 564 2268 ejus
587 2205 594 2244 ε
615 2181 648 2244 in
669 2180 793 2244 sinistra
815 2191 920 2244 autern
942 2179 1046 2268 ipsius
1066 2175 1174 2242 divitia
1187 2187 1212 2238 et

185 2285 336 2375 agimia‘.
366 2313 378 2346 t
398 2287 497 2376 Igitur
515 2286 592 2354 laeva
613 2288 682 2375 ejus
699 2289 759 2352 sub
778 2288 881 2375 capita
894 2309 989 2361 meo,
1011 2299 1049 2350 ut
1069 2285 1159 2350 iaciat
1175 2305 1215 2346 rc-

183 2394 365 2482 quieseere,
381 2407 414 2457 et
431 2394 599 2461 brachium
619 2395 725 2482 sponsi
743 2393 799 2460 liat
818 2393 955 2460 cervical
976 2417 1110 2468 meum,
1126 2403 1157 2455 et
1175 2415 1220 2454 ne·

183 2497 321 2564 clinetur
332 2499 445 2564 animae
455 2497 627 2588 principale
641 2523 736 2589 super
747 2521 927 2565 sermonem
939 2501 1010 2565 Dei.
1029 2528 1043 2560 ι
1057 2500 1150 2566 Laeva
1160 2499 1221 2584 ejus

185 2608 266 2671 ‚snb
282 2606 386 2694 capite
400 2627 511 2672 meo.»
532 2608 602 2673 Non
618 2590 744 2695 expedit
763 2607 819 2674 tibi
836 2607 954 2672 habere
974 2605 1146 2673 cervicalia
1161 2625 1222 2692 qna

184 2713 371 2780 lamentatio
386 2710 545 2800 sequatur.
568 2716 605 2780 ln
627 2713 793 2784 Ezechiele
812 2715 965 2802 scriptum
988 2728 1036 2781 est
1058 2739 1066 2779 :
1091 2713 1173 2781 ava
1191 2713 1223 2775 iis

184 2843 277 2908 »quae
297 2833 458 2887 consuunt
473 2821 638 2888 cervicalia
655 2823 714 2888 sub
730 2824 816 2887 omni
833 2824 943 2889 cubitu
960 2845 1078 2888 manus
1090 2822 1113 2886 ⁵.
1132 2851 1147 2882 ι
1160 2819 1222 2887 Noli

184 2951 339 2996 consuere
355 2928 539 3005 cervicalia,
559 2930 623 2995 noli
643 2931 738 3020 capiti
758 2929 884 2996 aliunde
902 2933 1048 3020 requiem
1065 2951 1222 3020 quarere,

184 3037 266 3102 baba
281 3037 386 3125 sponsi
401 3035 510 3103 laevam
523 3040 581 3102 sub
598 3039 700 3126 eapite
716 3051 791 3114 tuo,
808 3051 841 3103 et
859 3037 911 3104 dic
928 3063 935 3103 :
954 3041 1076 3105 «Laeva
1088 3039 1155 3126 ejus
1165 3038 1217 3101 sub

190 3141 309 3228 reapite
322 3163 395 3206 meo
411 3165 418 3206 a
435 3169 447 3202 a
468 3165 563 3229 quam
586 3166 660 3208 cum
675 3141 842 3220 habueris,
859 3144 967 3210 omnia
985 3144 1045 3208 tibi
1067 3151 1221 3231 quaesunt

184 3248 217 3311 in
235 3245 312 3312 laeva
321 3249 522 3314 tribuuntur.
542 3251 627 3317 Dicis
641 3251 782 3341 quippe:
803 3251 863 3316 «ln
883 3252 1010 3316 sinistra
1025 3253 1099 3339 ejus
1115 3249 1224 3315 divitia

185 3362 241 3416 »et
255 3349 376 3439 gloria,
395 3364 429 3416 et
449 3353 576 3419 dextera
596 3357 665 3443 ejus
688 3353 918 3443 amplexabitur
938 3379 1000 3420 me.
1026 3357 1178 3422 »Totum
1199 3367 1224 3418 ta

182 3459 291 3550 sponsi
305 3460 433 3524 dextera
446 3462 687 3552 complectatur.
702 3465 880 3553 Longitudo
891 3465 1011 3554 quippo
1023 3477 1055 3529 at
1069 3465 1144 3530 anni
1160 3463 1225 3527 rita

183 3570 216 3635 in
233 3569 361 3633 dextera
377 3568 446 3654 ejus
462 3592 469 3632 τ
487 3583 518 3634 et
534 3573 577 3652 pb
592 3572 623 3636 id
638 3570 739 3660 longae
755 3572 841 3647 ntra,
857 3582 891 3636 et
906 3572 1083 3639 multorum
1101 3572 1225 3636 dieram
1295 3645 1296 3648 Ἴ

222 3727 497 3791 ¹lsai.x'ttx,a,6.—
514 3729 677 3790 ²Lnr.utv.
690 3739 729 3784 lr.
745 3733 876 3784 deant.
889 3751 922 3797 n,
935 3737 958 3785 6.
971 3731 1108 3784 —ll'rom
1121 3751 1172 3794 ιιι,
1190 3735 1225 3781 nt.
1295 3729 1296 3756 l

186 3843 218 3865 ³-
231 3822 241 3854 ⁵
252 3827 338 3875 Ezech.
349 3843 411 3888 xrrt,
430 3828 469 3876 rt.
