<?xml version="1.0" encoding="UTF-8"?>
<!DOCTYPE html PUBLIC "-//W3C//DTD XHTML 1.0 Transitional//EN"
    "http://www.w3.org/TR/xhtml1/DTD/xhtml1-transitional.dtd">
<html xmlns="http://www.w3.org/1999/xhtml" xml:lang="en" lang="en">
 <head>
  <title>
</title>
<meta http-equiv="Content-Type" content="text/html;charset=utf-8" />
  <meta name='ocr-system' content='tesseract 3.04.00' />
  <meta name='ocr-capabilities' content='ocr_page ocr_carea ocr_par ocr_line ocrx_word'/>
</head>
<body>
  <div class='ocr_page' id='page_1' title='image "./collectioselect01guilgoog_0911.png"; bbox 0 0 2604 4614; ppageno 0'>
   <div class='ocr_carea' id='block_1_1' title="bbox 273 277 1095 364">
    <p class='ocr_par' dir='ltr' id='par_1_1' title="bbox 273 277 1095 364">
     <span class='ocr_line' id='line_1_1' title="bbox 273 277 1095 364; baseline -0.006 -20"><span class='ocrx_word' id='word_1_1' title='bbox 273 303 304 346; x_wconf 84' lang='lat' dir='ltr'>ru</span> <span class='ocrx_word' id='word_1_2' title='bbox 330 301 492 346; x_wconf 79' lang='lat' dir='ltr'>csurrcuu</span> <span class='ocrx_word' id='word_1_3' title='bbox 517 299 718 344; x_wconf 80' lang='lat' dir='ltr'>caurrcoauu</span> <span class='ocrx_word' id='word_1_4' title='bbox 741 301 812 343; x_wconf 81' lang='lat' dir='ltr'>nou.</span> <span class='ocrx_word' id='word_1_5' title='bbox 841 300 876 342; x_wconf 88' lang='lat' dir='ltr'>rr.</span> <span class='ocrx_word' id='word_1_6' title='bbox 1030 277 1095 364; x_wconf 73' lang='lat'>550</span> 
     </span>
    </p>
   </div>
   <div class='ocr_carea' id='block_1_2' title="bbox 40 423 1198 3759">
    <p class='ocr_par' dir='ltr' id='par_1_2' title="bbox 40 423 1198 3759">
     <span class='ocr_line' id='line_1_2' title="bbox 60 423 1094 518; baseline -0.002 -26"><span class='ocrx_word' id='word_1_7' title='bbox 60 428 185 495; x_wconf 76' lang='lat' dir='ltr'>struelis</span> <span class='ocrx_word' id='word_1_8' title='bbox 194 448 284 494; x_wconf 86' lang='lat' dir='ltr'>meus</span> <span class='ocrx_word' id='word_1_9' title='bbox 295 427 428 492; x_wconf 65' lang='lat' dir='ltr'>mitit»</span> <span class='ocrx_word' id='word_1_10' title='bbox 443 427 573 508; x_wconf 86' lang='lat' dir='ltr'>¹Guttam</span> <span class='ocrx_word' id='word_1_11' title='bbox 582 427 752 515; x_wconf 84' lang='lat' dir='ltr'>unguenti,</span> <span class='ocrx_word' id='word_1_12' title='bbox 766 425 881 492; x_wconf 87' lang='lat' dir='ltr'>casiam</span> <span class='ocrx_word' id='word_1_13' title='bbox 891 473 900 501; x_wconf 92' lang='lat'>,</span> <span class='ocrx_word' id='word_1_14' title='bbox 909 423 1094 518; x_wconf 78' lang='lat' dir='ltr'>galbanum,</span> 
     </span>
     <span class='ocr_line' id='line_1_3' title="bbox 61 530 1097 621; baseline -0.006 -23"><span class='ocrx_word' id='word_1_15' title='bbox 61 536 93 598; x_wconf 89' lang='lat' dir='ltr'>in</span> <span class='ocrx_word' id='word_1_16' title='bbox 104 533 208 598; x_wconf 74' lang='lat' dir='ltr'>Exodo</span> <span class='ocrx_word' id='word_1_17' title='bbox 224 531 357 619; x_wconf 85' lang='lat' dir='ltr'>legimus</span> <span class='ocrx_word' id='word_1_18' title='bbox 373 545 533 621; x_wconf 73' lang='lat' dir='ltr'>praecepto</span> <span class='ocrx_word' id='word_1_19' title='bbox 544 532 670 597; x_wconf 81' lang='lat' dir='ltr'>Domini</span> <span class='ocrx_word' id='word_1_20' title='bbox 686 532 718 595; x_wconf 93' lang='lat' dir='ltr'>in</span> <span class='ocrx_word' id='word_1_21' title='bbox 730 530 903 617; x_wconf 81' lang='lat' dir='ltr'>thymiama</span> <span class='ocrx_word' id='word_1_22' title='bbox 915 580 924 605; x_wconf 94' lang='lat'>,</span> <span class='ocrx_word' id='word_1_23' title='bbox 938 530 970 594; x_wconf 94' lang='lat' dir='ltr'>id</span> <span class='ocrx_word' id='word_1_24' title='bbox 982 542 1047 605; x_wconf 90' lang='lat' dir='ltr'>est,</span> <span class='ocrx_word' id='word_1_25' title='bbox 1064 530 1097 593; x_wconf 89' lang='lat' dir='ltr'>iu</span> 
     </span>
     <span class='ocr_line' id='line_1_4' title="bbox 62 635 1106 726; baseline -0.006 -19"><span class='ocrx_word' id='word_1_26' title='bbox 62 637 250 707; x_wconf 82' lang='lat' dir='ltr'>sacerdotale</span> <span class='ocrx_word' id='word_1_27' title='bbox 266 637 403 706; x_wconf 79' lang='lat' dir='ltr'>chrisma</span> <span class='ocrx_word' id='word_1_28' title='bbox 419 640 600 705; x_wconf 85' lang='lat' dir='ltr'>confectum</span> <span class='ocrx_word' id='word_1_29' title='bbox 610 638 631 703; x_wconf 81' lang='lat'>².</span> <span class='ocrx_word' id='word_1_30' title='bbox 648 640 765 726; x_wconf 87' lang='lat' dir='ltr'>Siergo</span> <span class='ocrx_word' id='word_1_31' title='bbox 784 637 895 701; x_wconf 81' lang='lat' dir='ltr'>rideris</span> <span class='ocrx_word' id='word_1_32' title='bbox 907 635 1106 703; x_wconf 81' lang='lat' dir='ltr'>salvatorem-</span> 
     </span>
     <span class='ocr_line' id='line_1_5' title="bbox 66 745 1098 832; baseline -0.006 -18"><span class='ocrx_word' id='word_1_33' title='bbox 66 771 170 814; x_wconf 89' lang='lat' dir='ltr'>meum</span> <span class='ocrx_word' id='word_1_34' title='bbox 183 748 221 813; x_wconf 91' lang='lat' dir='ltr'>ad</span> <span class='ocrx_word' id='word_1_35' title='bbox 234 760 361 812; x_wconf 88' lang='lat' dir='ltr'>terrena</span> <span class='ocrx_word' id='word_1_36' title='bbox 377 759 431 811; x_wconf 91' lang='lat' dir='ltr'>aut</span> <span class='ocrx_word' id='word_1_37' title='bbox 446 745 577 812; x_wconf 87' lang='lat' dir='ltr'>humilia</span> <span class='ocrx_word' id='word_1_38' title='bbox 592 747 838 812; x_wconf 78' lang='lat' dir='ltr'>descendentem</span> <span class='ocrx_word' id='word_1_39' title='bbox 853 795 861 820; x_wconf 93' lang='lat'>,</span> <span class='ocrx_word' id='word_1_40' title='bbox 879 745 999 810; x_wconf 89' lang='lat' dir='ltr'>videbis</span> <span class='ocrx_word' id='word_1_41' title='bbox 1015 768 1098 832; x_wconf 84' lang='lat' dir='ltr'>quo·</span> 
     </span>
     <span class='ocr_line' id='line_1_6' title="bbox 66 853 1097 943; baseline -0.002 -23"><span class='ocrx_word' id='word_1_42' title='bbox 66 856 159 920; x_wconf 90' lang='lat' dir='ltr'>modo</span> <span class='ocrx_word' id='word_1_43' title='bbox 180 855 293 920; x_wconf 82' lang='lat' dir='ltr'>virtute</span> <span class='ocrx_word' id='word_1_44' title='bbox 313 877 444 943; x_wconf 89' lang='lat' dir='ltr'>magna,</span> <span class='ocrx_word' id='word_1_45' title='bbox 468 865 501 918; x_wconf 89' lang='lat' dir='ltr'>et</span> <span class='ocrx_word' id='word_1_46' title='bbox 518 854 684 941; x_wconf 87' lang='lat' dir='ltr'>majestate</span> <span class='ocrx_word' id='word_1_47' title='bbox 703 853 807 918; x_wconf 88' lang='lat' dir='ltr'>diviua</span> <span class='ocrx_word' id='word_1_48' title='bbox 827 853 866 917; x_wconf 91' lang='lat' dir='ltr'>ad</span> <span class='ocrx_word' id='word_1_49' title='bbox 890 875 948 917; x_wconf 88' lang='lat' dir='ltr'>uos</span> <span class='ocrx_word' id='word_1_50' title='bbox 971 854 1097 918; x_wconf 83' lang='lat' dir='ltr'>modica</span> 
     </span>
     <span class='ocr_line' id='line_1_7' title="bbox 66 960 1098 1051; baseline -0.002 -25"><span class='ocrx_word' id='word_1_51' title='bbox 66 962 203 1051; x_wconf 75' lang='lat' dir='ltr'>quaedam</span> <span class='ocrx_word' id='word_1_52' title='bbox 224 961 307 1026; x_wconf 84' lang='lat' dir='ltr'>stilla</span> <span class='ocrx_word' id='word_1_53' title='bbox 325 961 501 1026; x_wconf 86' lang='lat' dir='ltr'>defluxerit.</span> <span class='ocrx_word' id='word_1_54' title='bbox 520 962 568 1026; x_wconf 88' lang='lat' dir='ltr'>De</span> <span class='ocrx_word' id='word_1_55' title='bbox 581 961 644 1027; x_wconf 89' lang='lat' dir='ltr'>hac</span> <span class='ocrx_word' id='word_1_56' title='bbox 659 960 788 1026; x_wconf 73' lang='lat' dir='ltr'>stilla&#39;et</span> <span class='ocrx_word' id='word_1_57' title='bbox 808 960 962 1048; x_wconf 86' lang='lat' dir='ltr'>propheta</span> <span class='ocrx_word' id='word_1_58' title='bbox 982 961 1098 1026; x_wconf 85' lang='lat' dir='ltr'>cecinit</span> 
     </span>
     <span class='ocr_line' id='line_1_8' title="bbox 62 1063 1098 1159; baseline -0.002 -24"><span class='ocrx_word' id='word_1_59' title='bbox 62 1071 208 1137; x_wconf 75' lang='lat' dir='ltr'>dicensta</span> <span class='ocrx_word' id='word_1_60' title='bbox 224 1071 263 1134; x_wconf 88' lang='lat' dir='ltr'>Et</span> <span class='ocrx_word' id='word_1_61' title='bbox 279 1069 338 1134; x_wconf 89' lang='lat' dir='ltr'>erit</span> <span class='ocrx_word' id='word_1_62' title='bbox 353 1070 393 1133; x_wconf 90' lang='lat' dir='ltr'>de</span> <span class='ocrx_word' id='word_1_63' title='bbox 408 1067 489 1134; x_wconf 88' lang='lat' dir='ltr'>stilla</span> <span class='ocrx_word' id='word_1_64' title='bbox 503 1069 612 1159; x_wconf 90' lang='lat' dir='ltr'>populi</span> <span class='ocrx_word' id='word_1_65' title='bbox 625 1071 694 1157; x_wconf 89' lang='lat' dir='ltr'>ejus</span> <span class='ocrx_word' id='word_1_66' title='bbox 710 1070 949 1158; x_wconf 88' lang='lat' dir='ltr'>congregandus</span> <span class='ocrx_word' id='word_1_67' title='bbox 961 1063 1098 1158; x_wconf 84' lang='lat' dir='ltr'>congre-</span> 
     </span>
     <span class='ocr_line' id='line_1_9' title="bbox 63 1173 1098 1268; baseline 0.001 -28"><span class='ocrx_word' id='word_1_68' title='bbox 63 1179 206 1268; x_wconf 76' lang='lat' dir='ltr'>sgahitur</span> <span class='ocrx_word' id='word_1_69' title='bbox 221 1173 322 1241; x_wconf 82' lang='lat' dir='ltr'>Jacob</span> <span class='ocrx_word' id='word_1_70' title='bbox 333 1176 355 1240; x_wconf 80' lang='lat'>³.</span> <span class='ocrx_word' id='word_1_71' title='bbox 374 1178 440 1241; x_wconf 79' lang='lat' dir='ltr'>»Et</span> <span class='ocrx_word' id='word_1_72' title='bbox 456 1177 547 1246; x_wconf 87' lang='lat' dir='ltr'>sicuti</span> <span class='ocrx_word' id='word_1_73' title='bbox 564 1178 742 1242; x_wconf 89' lang='lat' dir='ltr'>secundum</span> <span class='ocrx_word' id='word_1_74' title='bbox 759 1177 854 1242; x_wconf 91' lang='lat' dir='ltr'>alium</span> <span class='ocrx_word' id='word_1_75' title='bbox 874 1201 1000 1242; x_wconf 88' lang='lat' dir='ltr'>sensum</span> <span class='ocrx_word' id='word_1_76' title='bbox 1020 1176 1098 1266; x_wconf 87' lang='lat' dir='ltr'>lapis</span> 
     </span>
     <span class='ocr_line' id='line_1_10' title="bbox 62 1283 1099 1374; baseline -0.001 -22"><span class='ocrx_word' id='word_1_77' title='bbox 62 1298 129 1352; x_wconf 87' lang='lat' dir='ltr'>erat</span> <span class='ocrx_word' id='word_1_78' title='bbox 140 1283 316 1374; x_wconf 86' lang='lat' dir='ltr'>praecisuse</span> <span class='ocrx_word' id='word_1_79' title='bbox 332 1283 460 1348; x_wconf 64' lang='lat' dir='ltr'>montel</span> <span class='ocrx_word' id='word_1_80' title='bbox 480 1285 547 1349; x_wconf 86' lang='lat' dir='ltr'>sine</span> <span class='ocrx_word' id='word_1_81' title='bbox 564 1287 710 1351; x_wconf 88' lang='lat' dir='ltr'>manibus</span> <span class='ocrx_word' id='word_1_82' title='bbox 730 1286 827 1350; x_wconf 88' lang='lat' dir='ltr'>nostri</span> <span class='ocrx_word' id='word_1_83' title='bbox 844 1287 875 1350; x_wconf 92' lang='lat' dir='ltr'>in</span> <span class='ocrx_word' id='word_1_84' title='bbox 891 1307 987 1351; x_wconf 85' lang='lat' dir='ltr'>carue</span> <span class='ocrx_word' id='word_1_85' title='bbox 1003 1285 1099 1351; x_wconf 86' lang='lat' dir='ltr'>salva·</span> 
     </span>
     <span class='ocr_line' id='line_1_11' title="bbox 68 1392 1099 1481; baseline 0 -22"><span class='ocrx_word' id='word_1_86' title='bbox 68 1392 301 1459; x_wconf 79' lang='lat' dir='ltr'>torisadveutus</span> <span class='ocrx_word' id='word_1_87' title='bbox 314 1415 321 1456; x_wconf 93' lang='lat'>:</span> <span class='ocrx_word' id='word_1_88' title='bbox 335 1392 534 1480; x_wconf 86' lang='lat' dir='ltr'>nequeenim</span> <span class='ocrx_word' id='word_1_89' title='bbox 548 1405 631 1458; x_wconf 88' lang='lat' dir='ltr'>totus</span> <span class='ocrx_word' id='word_1_90' title='bbox 643 1417 734 1458; x_wconf 75' lang='lat' dir='ltr'>moras</span> <span class='ocrx_word' id='word_1_91' title='bbox 746 1394 804 1458; x_wconf 92' lang='lat' dir='ltr'>fuit</span> <span class='ocrx_word' id='word_1_92' title='bbox 817 1395 869 1481; x_wconf 89' lang='lat' dir='ltr'>qui</span> <span class='ocrx_word' id='word_1_93' title='bbox 882 1395 1046 1458; x_wconf 89' lang='lat' dir='ltr'>descendit</span> <span class='ocrx_word' id='word_1_94' title='bbox 1059 1395 1099 1459; x_wconf 94' lang='lat' dir='ltr'>ad</span> 
     </span>
     <span class='ocr_line' id='line_1_12' title="bbox 69 1500 1099 1590; baseline -0.001 -23"><span class='ocrx_word' id='word_1_95' title='bbox 69 1515 177 1577; x_wconf 85' lang='lat' dir='ltr'>terras,</span> <span class='ocrx_word' id='word_1_96' title='bbox 193 1523 253 1566; x_wconf 87' lang='lat' dir='ltr'>nec</span> <span class='ocrx_word' id='word_1_97' title='bbox 269 1512 394 1588; x_wconf 86' lang='lat' dir='ltr'>poterat</span> <span class='ocrx_word' id='word_1_98' title='bbox 408 1501 547 1566; x_wconf 85' lang='lat' dir='ltr'>humana</span> <span class='ocrx_word' id='word_1_99' title='bbox 567 1500 716 1590; x_wconf 79' lang='lat' dir='ltr'>fragilitas</span> <span class='ocrx_word' id='word_1_100' title='bbox 734 1503 829 1566; x_wconf 88' lang='lat' dir='ltr'>totius</span> <span class='ocrx_word' id='word_1_101' title='bbox 842 1501 957 1567; x_wconf 85' lang='lat' dir='ltr'>montis</span> <span class='ocrx_word' id='word_1_102' title='bbox 973 1503 1099 1590; x_wconf 84' lang='lat' dir='ltr'>magni-</span> 
     </span>
     <span class='ocr_line' id='line_1_13' title="bbox 70 1608 1098 1698; baseline -0.001 -24"><span class='ocrx_word' id='word_1_103' title='bbox 70 1611 204 1674; x_wconf 78' lang='lat' dir='ltr'>tudinem</span> <span class='ocrx_word' id='word_1_104' title='bbox 220 1631 335 1696; x_wconf 88' lang='lat' dir='ltr'>capere</span> <span class='ocrx_word' id='word_1_105' title='bbox 354 1631 362 1672; x_wconf 89' lang='lat'>:</span> <span class='ocrx_word' id='word_1_106' title='bbox 382 1609 437 1672; x_wconf 87' lang='lat' dir='ltr'>sed</span> <span class='ocrx_word' id='word_1_107' title='bbox 452 1608 530 1695; x_wconf 85' lang='lat' dir='ltr'>lapis</span> <span class='ocrx_word' id='word_1_108' title='bbox 546 1633 585 1672; x_wconf 88' lang='lat' dir='ltr'>ex</span> <span class='ocrx_word' id='word_1_109' title='bbox 604 1622 731 1684; x_wconf 89' lang='lat' dir='ltr'>moute,</span> <span class='ocrx_word' id='word_1_110' title='bbox 748 1608 825 1698; x_wconf 84' lang='lat' dir='ltr'>lapis</span> <span class='ocrx_word' id='word_1_111' title='bbox 841 1609 1041 1684; x_wconf 84' lang='lat' dir='ltr'>offensionis,</span> <span class='ocrx_word' id='word_1_112' title='bbox 1066 1622 1098 1675; x_wconf 90' lang='lat' dir='ltr'>et</span> 
     </span>
     <span class='ocr_line' id='line_1_14' title="bbox 67 1718 1100 1810; baseline 0 -26"><span class='ocrx_word' id='word_1_113' title='bbox 67 1733 152 1810; x_wconf 91' lang='lat' dir='ltr'>petra</span> <span class='ocrx_word' id='word_1_114' title='bbox 169 1718 308 1785; x_wconf 83' lang='lat' dir='ltr'>scandali</span> <span class='ocrx_word' id='word_1_115' title='bbox 324 1719 487 1784; x_wconf 83' lang='lat' dir='ltr'>deseendit</span> <span class='ocrx_word' id='word_1_116' title='bbox 504 1721 536 1784; x_wconf 89' lang='lat' dir='ltr'>in</span> <span class='ocrx_word' id='word_1_117' title='bbox 551 1720 729 1785; x_wconf 88' lang='lat' dir='ltr'>mundum:</span> <span class='ocrx_word' id='word_1_118' title='bbox 749 1721 794 1784; x_wconf 88' lang='lat' dir='ltr'>sie</span> <span class='ocrx_word' id='word_1_119' title='bbox 813 1720 989 1786; x_wconf 84' lang='lat' dir='ltr'>secundum</span> <span class='ocrx_word' id='word_1_120' title='bbox 1003 1719 1100 1786; x_wconf 90' lang='lat' dir='ltr'>alium</span> 
     </span>
     <span class='ocr_line' id='line_1_15' title="bbox 62 1825 1098 1918; baseline 0.001 -25"><span class='ocrx_word' id='word_1_121' title='bbox 62 1827 259 1896; x_wconf 87' lang='lat' dir='ltr'>intellectum</span> <span class='ocrx_word' id='word_1_122' title='bbox 285 1825 367 1892; x_wconf 90' lang='lat' dir='ltr'>stilla</span> <span class='ocrx_word' id='word_1_123' title='bbox 390 1839 603 1917; x_wconf 87' lang='lat' dir='ltr'>nuncupatur.</span> <span class='ocrx_word' id='word_1_124' title='bbox 625 1827 800 1916; x_wconf 74' lang='lat' dir='ltr'>Oportebat</span> <span class='ocrx_word' id='word_1_125' title='bbox 828 1829 943 1917; x_wconf 88' lang='lat' dir='ltr'>quippe</span> <span class='ocrx_word' id='word_1_126' title='bbox 967 1839 1002 1892; x_wconf 92' lang='lat' dir='ltr'>ut</span> <span class='ocrx_word' id='word_1_127' title='bbox 1024 1831 1098 1918; x_wconf 89' lang='lat' dir='ltr'>quia</span> 
     </span>
     <span class='ocr_line' id='line_1_16' title="bbox 69 1934 1198 2027; baseline 0.002 -28"><span class='ocrx_word' id='word_1_128' title='bbox 69 1959 205 2002; x_wconf 77' lang='lat' dir='ltr'>«omues</span> <span class='ocrx_word' id='word_1_129' title='bbox 219 1947 329 2024; x_wconf 88' lang='lat' dir='ltr'>gentes</span> <span class='ocrx_word' id='word_1_130' title='bbox 344 1935 377 2000; x_wconf 88' lang='lat' dir='ltr'>in</span> <span class='ocrx_word' id='word_1_131' title='bbox 399 1934 515 2001; x_wconf 88' lang='lat' dir='ltr'>stillam</span> <span class='ocrx_word' id='word_1_132' title='bbox 534 1935 633 2000; x_wconf 84' lang='lat' dir='ltr'>situlae</span> <span class='ocrx_word' id='word_1_133' title='bbox 657 1948 808 2023; x_wconf 79' lang='lat' dir='ltr'>reputatae</span> <span class='ocrx_word' id='word_1_134' title='bbox 823 1936 933 2013; x_wconf 81' lang='lat' dir='ltr'>sunt⁵,</span> <span class='ocrx_word' id='word_1_135' title='bbox 959 1963 971 1996; x_wconf 75' lang='lat' dir='ltr'>s</span> <span class='ocrx_word' id='word_1_136' title='bbox 995 1938 1020 2001; x_wconf 89' lang='lat' dir='ltr'>is</span> <span class='ocrx_word' id='word_1_137' title='bbox 1044 1938 1099 2027; x_wconf 90' lang='lat' dir='ltr'>qui</span> <span class='ocrx_word' id='word_1_138' title='bbox 1193 1937 1198 1946; x_wconf 87' lang='lat'>&#39;</span> 
     </span>
     <span class='ocr_line' id='line_1_17' title="bbox 60 2042 1100 2134; baseline 0.001 -25"><span class='ocrx_word' id='word_1_139' title='bbox 60 2067 121 2134; x_wconf 93' lang='lat' dir='ltr'>pro</span> <span class='ocrx_word' id='word_1_140' title='bbox 136 2045 281 2109; x_wconf 90' lang='lat' dir='ltr'>omnium</span> <span class='ocrx_word' id='word_1_141' title='bbox 297 2042 396 2109; x_wconf 90' lang='lat' dir='ltr'>salute</span> <span class='ocrx_word' id='word_1_142' title='bbox 411 2043 513 2109; x_wconf 87' lang='lat' dir='ltr'>factus</span> <span class='ocrx_word' id='word_1_143' title='bbox 534 2057 582 2108; x_wconf 88' lang='lat' dir='ltr'>est</span> <span class='ocrx_word' id='word_1_144' title='bbox 598 2045 721 2120; x_wconf 90' lang='lat' dir='ltr'>omnia,</span> <span class='ocrx_word' id='word_1_145' title='bbox 742 2045 836 2110; x_wconf 88' lang='lat' dir='ltr'>etiam</span> <span class='ocrx_word' id='word_1_146' title='bbox 853 2043 935 2109; x_wconf 84' lang='lat' dir='ltr'>stilla</span> <span class='ocrx_word' id='word_1_147' title='bbox 951 2045 1041 2111; x_wconf 78' lang='lat' dir='ltr'>fieret</span> <span class='ocrx_word' id='word_1_148' title='bbox 1061 2045 1100 2110; x_wconf 90' lang='lat' dir='ltr'>ad</span> 
     </span>
     <span class='ocr_line' id='line_1_18' title="bbox 63 2150 1103 2239; baseline -0.002 -20"><span class='ocrx_word' id='word_1_149' title='bbox 63 2177 117 2220; x_wconf 86' lang='lat' dir='ltr'>eas</span> <span class='ocrx_word' id='word_1_150' title='bbox 132 2151 321 2218; x_wconf 84' lang='lat' dir='ltr'>liberandas.</span> <span class='ocrx_word' id='word_1_151' title='bbox 337 2151 425 2231; x_wconf 86' lang='lat' dir='ltr'>Quid</span> <span class='ocrx_word' id='word_1_152' title='bbox 440 2152 524 2216; x_wconf 86' lang='lat' dir='ltr'>enim</span> <span class='ocrx_word' id='word_1_153' title='bbox 540 2175 598 2239; x_wconf 90' lang='lat' dir='ltr'>pro</span> <span class='ocrx_word' id='word_1_154' title='bbox 609 2165 715 2216; x_wconf 87' lang='lat' dir='ltr'>nostra</span> <span class='ocrx_word' id='word_1_155' title='bbox 723 2150 829 2216; x_wconf 83' lang='lat' dir='ltr'>salute</span> <span class='ocrx_word' id='word_1_156' title='bbox 841 2176 905 2216; x_wconf 91' lang='lat' dir='ltr'>non</span> <span class='ocrx_word' id='word_1_157' title='bbox 917 2153 1017 2217; x_wconf 89' lang='lat' dir='ltr'>factus</span> <span class='ocrx_word' id='word_1_158' title='bbox 1033 2154 1103 2218; x_wconf 76' lang='lat' dir='ltr'>est?</span> 
     </span>
     <span class='ocr_line' id='line_1_19' title="bbox 65 2257 1102 2347; baseline -0.002 -19"><span class='ocrx_word' id='word_1_159' title='bbox 65 2260 246 2328; x_wconf 84' lang='lat' dir='ltr'>Nosinanes</span> <span class='ocrx_word' id='word_1_160' title='bbox 258 2307 267 2334; x_wconf 88' lang='lat'>,</span> <span class='ocrx_word' id='word_1_161' title='bbox 280 2271 312 2322; x_wconf 88' lang='lat' dir='ltr'>et</span> <span class='ocrx_word' id='word_1_162' title='bbox 329 2257 380 2322; x_wconf 89' lang='lat' dir='ltr'>ille</span> <span class='ocrx_word' id='word_1_163' title='bbox 394 2258 564 2324; x_wconf 84' lang='lat' dir='ltr'>exinanivit</span> <span class='ocrx_word' id='word_1_164' title='bbox 579 2259 782 2347; x_wconf 80' lang='lat' dir='ltr'>semetipsum</span> <span class='ocrx_word' id='word_1_165' title='bbox 798 2259 933 2325; x_wconf 88' lang='lat' dir='ltr'>formam</span> <span class='ocrx_word' id='word_1_166' title='bbox 950 2261 1030 2326; x_wconf 81' lang='lat' dir='ltr'>servi</span> <span class='ocrx_word' id='word_1_167' title='bbox 1047 2283 1102 2326; x_wconf 87' lang='lat' dir='ltr'>ae-</span> 
     </span>
     <span class='ocr_line' id='line_1_20' title="bbox 70 2366 1102 2458; baseline -0.001 -24"><span class='ocrx_word' id='word_1_168' title='bbox 70 2369 192 2457; x_wconf 70' lang='lat' dir='ltr'>dpiens.</span> <span class='ocrx_word' id='word_1_169' title='bbox 208 2369 273 2433; x_wconf 89' lang='lat' dir='ltr'>Nos</span> <span class='ocrx_word' id='word_1_170' title='bbox 288 2366 423 2458; x_wconf 90' lang='lat' dir='ltr'>populus</span> <span class='ocrx_word' id='word_1_171' title='bbox 432 2367 546 2442; x_wconf 85' lang='lat' dir='ltr'>stultus</span> <span class='ocrx_word' id='word_1_172' title='bbox 557 2379 589 2431; x_wconf 92' lang='lat' dir='ltr'>et</span> <span class='ocrx_word' id='word_1_173' title='bbox 602 2389 665 2432; x_wconf 90' lang='lat' dir='ltr'>nou</span> <span class='ocrx_word' id='word_1_174' title='bbox 682 2368 823 2456; x_wconf 88' lang='lat' dir='ltr'>sapiens,</span> <span class='ocrx_word' id='word_1_175' title='bbox 839 2379 871 2431; x_wconf 84' lang='lat' dir='ltr'>et</span> <span class='ocrx_word' id='word_1_176' title='bbox 882 2367 1043 2434; x_wconf 87' lang='lat' dir='ltr'>illefactus</span> <span class='ocrx_word' id='word_1_177' title='bbox 1054 2381 1102 2433; x_wconf 91' lang='lat' dir='ltr'>est</span> 
     </span>
     <span class='ocr_line' id='line_1_21' title="bbox 61 2465 1107 2563; baseline 0.001 -22"><span class='ocrx_word' id='word_1_178' title='bbox 61 2475 195 2542; x_wconf 80' lang='lat' dir='ltr'>stultitia</span> <span class='ocrx_word' id='word_1_179' title='bbox 208 2475 457 2563; x_wconf 70' lang='lat' dir='ltr'>praedicationis,</span> <span class='ocrx_word' id='word_1_180' title='bbox 470 2487 503 2539; x_wconf 86' lang='lat' dir='ltr'>ut</span> <span class='ocrx_word' id='word_1_181' title='bbox 516 2475 636 2540; x_wconf 90' lang='lat' dir='ltr'>fatuum</span> <span class='ocrx_word' id='word_1_182' title='bbox 648 2475 704 2540; x_wconf 87' lang='lat' dir='ltr'>Dei</span> <span class='ocrx_word' id='word_1_183' title='bbox 715 2476 884 2563; x_wconf 88' lang='lat' dir='ltr'>sapientius</span> <span class='ocrx_word' id='word_1_184' title='bbox 896 2476 986 2540; x_wconf 88' lang='lat' dir='ltr'>lieret</span> <span class='ocrx_word' id='word_1_185' title='bbox 997 2465 1107 2542; x_wconf 83' lang='lat' dir='ltr'>homi·¹</span> 
     </span>
     <span class='ocr_line' id='line_1_22' title="bbox 59 2583 1101 2660; baseline -0.001 -8"><span class='ocrx_word' id='word_1_186' title='bbox 59 2587 169 2652; x_wconf 88' lang='lat' dir='ltr'>nibus.</span> <span class='ocrx_word' id='word_1_187' title='bbox 189 2585 251 2652; x_wconf 87' lang='lat' dir='ltr'>Nos</span> <span class='ocrx_word' id='word_1_188' title='bbox 263 2584 398 2660; x_wconf 79' lang='lat' dir='ltr'>infirmi,</span> <span class='ocrx_word' id='word_1_189' title='bbox 416 2583 580 2649; x_wconf 78' lang='lat' dir='ltr'>infirmum</span> <span class='ocrx_word' id='word_1_190' title='bbox 592 2584 649 2648; x_wconf 88' lang='lat' dir='ltr'>Dei</span> <span class='ocrx_word' id='word_1_191' title='bbox 666 2583 776 2648; x_wconf 89' lang='lat' dir='ltr'>fortius</span> <span class='ocrx_word' id='word_1_192' title='bbox 788 2584 970 2649; x_wconf 91' lang='lat' dir='ltr'>hominihus</span> <span class='ocrx_word' id='word_1_193' title='bbox 982 2585 1101 2652; x_wconf 89' lang='lat' dir='ltr'>factum</span> 
     </span>
     <span class='ocr_line' id='line_1_23' title="bbox 57 2691 1103 2780; baseline 0 -20"><span class='ocrx_word' id='word_1_194' title='bbox 57 2706 122 2760; x_wconf 82' lang='lat' dir='ltr'>est.</span> <span class='ocrx_word' id='word_1_195' title='bbox 150 2693 233 2773; x_wconf 84' lang='lat' dir='ltr'>Quia</span> <span class='ocrx_word' id='word_1_196' title='bbox 257 2693 352 2780; x_wconf 89' lang='lat' dir='ltr'>igitur</span> <span class='ocrx_word' id='word_1_197' title='bbox 372 2692 525 2757; x_wconf 83' lang='lat' dir='ltr'>universae</span> <span class='ocrx_word' id='word_1_198' title='bbox 546 2719 558 2751; x_wconf 78' lang='lat' dir='ltr'>a</span> <span class='ocrx_word' id='word_1_199' title='bbox 578 2703 686 2780; x_wconf 88' lang='lat' dir='ltr'>gentes</span> <span class='ocrx_word' id='word_1_200' title='bbox 709 2703 742 2756; x_wconf 91' lang='lat' dir='ltr'>ut</span> <span class='ocrx_word' id='word_1_201' title='bbox 765 2691 847 2758; x_wconf 87' lang='lat' dir='ltr'>stilla</span> <span class='ocrx_word' id='word_1_202' title='bbox 871 2691 989 2767; x_wconf 81' lang='lat' dir='ltr'>situlae,</span> <span class='ocrx_word' id='word_1_203' title='bbox 1014 2706 1046 2758; x_wconf 89' lang='lat' dir='ltr'>et</span> <span class='ocrx_word' id='word_1_204' title='bbox 1068 2707 1103 2760; x_wconf 83' lang='lat' dir='ltr'>ut</span> 
     </span>
     <span class='ocr_line' id='line_1_24' title="bbox 58 2801 1103 2890; baseline 0.005 -26"><span class='ocrx_word' id='word_1_205' title='bbox 58 2812 287 2868; x_wconf 77' lang='lat' dir='ltr'>»momentum</span> <span class='ocrx_word' id='word_1_206' title='bbox 308 2812 431 2867; x_wconf 82' lang='lat' dir='ltr'>staterae</span> <span class='ocrx_word' id='word_1_207' title='bbox 447 2812 599 2890; x_wconf 84' lang='lat' dir='ltr'>reputatae</span> <span class='ocrx_word' id='word_1_208' title='bbox 620 2801 737 2865; x_wconf 82' lang='lat' dir='ltr'>suut⁸:</span> <span class='ocrx_word' id='word_1_209' title='bbox 760 2827 773 2860; x_wconf 77' lang='lat' dir='ltr'>s</span> <span class='ocrx_word' id='word_1_210' title='bbox 793 2802 913 2866; x_wconf 88' lang='lat' dir='ltr'>idcirco</span> <span class='ocrx_word' id='word_1_211' title='bbox 931 2801 1032 2868; x_wconf 85' lang='lat' dir='ltr'>factus</span> <span class='ocrx_word' id='word_1_212' title='bbox 1055 2817 1103 2869; x_wconf 85' lang='lat' dir='ltr'>est</span> 
     </span>
     <span class='ocr_line' id='line_1_25' title="bbox 55 2908 1105 2999; baseline 0.001 -21"><span class='ocrx_word' id='word_1_213' title='bbox 55 2910 167 2985; x_wconf 84' lang='lat' dir='ltr'>stilla,</span> <span class='ocrx_word' id='word_1_214' title='bbox 184 2921 221 2974; x_wconf 92' lang='lat' dir='ltr'>ut</span> <span class='ocrx_word' id='word_1_215' title='bbox 235 2933 376 2998; x_wconf 87' lang='lat' dir='ltr'>pereum</span> <span class='ocrx_word' id='word_1_216' title='bbox 395 2935 412 2974; x_wconf 94' lang='lat' dir='ltr'>a</span> <span class='ocrx_word' id='word_1_217' title='bbox 428 2910 621 2975; x_wconf 79' lang='lat' dir='ltr'>vestimentis</span> <span class='ocrx_word' id='word_1_218' title='bbox 637 2909 752 2973; x_wconf 89' lang='lat' dir='ltr'>nostris</span> <span class='ocrx_word' id='word_1_219' title='bbox 764 2910 843 2974; x_wconf 91' lang='lat' dir='ltr'>odor</span> <span class='ocrx_word' id='word_1_220' title='bbox 854 2908 943 2974; x_wconf 85' lang='lat' dir='ltr'>stillae</span> <span class='ocrx_word' id='word_1_221' title='bbox 954 2913 1105 2999; x_wconf 87' lang='lat' dir='ltr'>procede-</span> 
     </span>
     <span class='ocr_line' id='line_1_26' title="bbox 56 3015 1104 3106; baseline -0.001 -20"><span class='ocrx_word' id='word_1_222' title='bbox 56 3033 131 3086; x_wconf 82' lang='lat' dir='ltr'>ret:</span> <span class='ocrx_word' id='word_1_223' title='bbox 146 3021 237 3106; x_wconf 77' lang='lat' dir='ltr'>juxta</span> <span class='ocrx_word' id='word_1_224' title='bbox 252 3015 349 3084; x_wconf 91' lang='lat' dir='ltr'>illud:</span> <span class='ocrx_word' id='word_1_225' title='bbox 377 3045 388 3076; x_wconf 75' lang='grc' dir='ltr'><strong><em>α</em></strong></span> <span class='ocrx_word' id='word_1_226' title='bbox 406 3016 534 3106; x_wconf 84' lang='lat' dir='ltr'>Myrrha</span> <span class='ocrx_word' id='word_1_227' title='bbox 546 3067 555 3092; x_wconf 93' lang='lat'>,</span> <span class='ocrx_word' id='word_1_228' title='bbox 566 3028 599 3081; x_wconf 89' lang='lat' dir='ltr'>et</span> <span class='ocrx_word' id='word_1_229' title='bbox 615 3015 714 3093; x_wconf 87' lang='lat' dir='ltr'>stilla,</span> <span class='ocrx_word' id='word_1_230' title='bbox 731 3028 764 3080; x_wconf 87' lang='lat' dir='ltr'>et</span> <span class='ocrx_word' id='word_1_231' title='bbox 784 3018 864 3082; x_wconf 85' lang='lat' dir='ltr'>casia</span> <span class='ocrx_word' id='word_1_232' title='bbox 878 3043 895 3084; x_wconf 89' lang='lat' dir='ltr'>a</span> <span class='ocrx_word' id='word_1_233' title='bbox 913 3021 1104 3085; x_wconf 85' lang='lat' dir='ltr'>vestimentis</span> 
     </span>
     <span class='ocr_line' id='line_1_27' title="bbox 57 3123 1104 3212; baseline 0.004 -22"><span class='ocrx_word' id='word_1_234' title='bbox 57 3129 169 3201; x_wconf 69' lang='lat' dir='ltr'>istuis,</span> <span class='ocrx_word' id='word_1_235' title='bbox 186 3151 205 3192; x_wconf 92' lang='lat' dir='ltr'>a</span> <span class='ocrx_word' id='word_1_236' title='bbox 221 3126 366 3191; x_wconf 85' lang='lat' dir='ltr'>domibus</span> <span class='ocrx_word' id='word_1_237' title='bbox 382 3123 590 3212; x_wconf 84' lang='lat' dir='ltr'>elephantinis</span> <span class='ocrx_word' id='word_1_238' title='bbox 610 3148 617 3188; x_wconf 90' lang='lat'>:</span> <span class='ocrx_word' id='word_1_239' title='bbox 635 3147 674 3188; x_wconf 88' lang='lat' dir='ltr'>ex</span> <span class='ocrx_word' id='word_1_240' title='bbox 690 3125 804 3212; x_wconf 89' lang='lat' dir='ltr'>quibus</span> <span class='ocrx_word' id='word_1_241' title='bbox 819 3124 1057 3194; x_wconf 79' lang='lat' dir='ltr'>laetificaverunt</span> <span class='ocrx_word' id='word_1_242' title='bbox 1074 3141 1104 3194; x_wconf 86' lang='lat' dir='ltr'>te</span> 
     </span>
     <span class='ocr_line' id='line_1_28' title="bbox 56 3230 1105 3323; baseline 0.001 -24"><span class='ocrx_word' id='word_1_243' title='bbox 56 3235 162 3301; x_wconf 77' lang='lat' dir='ltr'>»faliae</span> <span class='ocrx_word' id='word_1_244' title='bbox 178 3257 290 3323; x_wconf 88' lang='lat' dir='ltr'>regum</span> <span class='ocrx_word' id='word_1_245' title='bbox 305 3234 338 3298; x_wconf 93' lang='lat' dir='ltr'>in</span> <span class='ocrx_word' id='word_1_246' title='bbox 353 3233 475 3298; x_wconf 89' lang='lat' dir='ltr'>honore</span> <span class='ocrx_word' id='word_1_247' title='bbox 491 3230 564 3296; x_wconf 86' lang='lat' dir='ltr'>tu0⁷</span> <span class='ocrx_word' id='word_1_248' title='bbox 585 3255 593 3296; x_wconf 74' lang='grc' dir='ltr'><strong><em>ε</em></strong></span> <span class='ocrx_word' id='word_1_249' title='bbox 612 3259 624 3292; x_wconf 78' lang='grc' dir='ltr'><strong>ι</strong></span> <span class='ocrx_word' id='word_1_250' title='bbox 641 3255 711 3318; x_wconf 84' lang='lat' dir='ltr'>quae</span> <span class='ocrx_word' id='word_1_251' title='bbox 722 3232 754 3296; x_wconf 90' lang='lat' dir='ltr'>in</span> <span class='ocrx_word' id='word_1_252' title='bbox 767 3256 839 3300; x_wconf 80' lang='lat' dir='ltr'>xurr</span> <span class='ocrx_word' id='word_1_253' title='bbox 853 3233 974 3322; x_wconf 88' lang='lat' dir='ltr'>psalmo</span> <span class='ocrx_word' id='word_1_254' title='bbox 990 3237 1105 3301; x_wconf 86' lang='lat' dir='ltr'>dicun-</span> 
     </span>
     <span class='ocr_line' id='line_1_29' title="bbox 57 3337 1186 3430; baseline -0.004 -21"><span class='ocrx_word' id='word_1_255' title='bbox 57 3359 120 3410; x_wconf 88' lang='lat' dir='ltr'>tur</span> <span class='ocrx_word' id='word_1_256' title='bbox 134 3344 351 3430; x_wconf 65' lang='lat' dir='ltr'>adspensam,</span> <span class='ocrx_word' id='word_1_257' title='bbox 363 3339 569 3406; x_wconf 81' lang='lat' dir='ltr'>«Fasciculus</span> <span class='ocrx_word' id='word_1_258' title='bbox 581 3337 670 3403; x_wconf 87' lang='lat' dir='ltr'>stillae</span> <span class='ocrx_word' id='word_1_259' title='bbox 686 3339 843 3406; x_wconf 86' lang='lat' dir='ltr'>fratruelis</span> <span class='ocrx_word' id='word_1_260' title='bbox 859 3365 949 3408; x_wconf 85' lang='lat' dir='ltr'>maus</span> <span class='ocrx_word' id='word_1_261' title='bbox 964 3343 1098 3410; x_wconf 52' lang='lat' dir='ltr'>mihin.</span> <span class='ocrx_word' id='word_1_262' title='bbox 1182 3357 1186 3366; x_wconf 88' lang='grc'><strong>’</strong></span> 
     </span>
     <span class='ocr_line' id='line_1_30' title="bbox 54 3442 1103 3535; baseline -0.001 -19"><span class='ocrx_word' id='word_1_263' title='bbox 54 3449 312 3516; x_wconf 85' lang='lat' dir='ltr'>Consideremus</span> <span class='ocrx_word' id='word_1_264' title='bbox 333 3447 410 3535; x_wconf 85' lang='lat' dir='ltr'>quid</span> <span class='ocrx_word' id='word_1_265' title='bbox 432 3447 489 3512; x_wconf 91' lang='lat' dir='ltr'>sihi</span> <span class='ocrx_word' id='word_1_266' title='bbox 509 3442 666 3511; x_wconf 88' lang='lat' dir='ltr'>fratruelis</span> <span class='ocrx_word' id='word_1_267' title='bbox 692 3445 821 3511; x_wconf 87' lang='lat' dir='ltr'>nomine</span> <span class='ocrx_word' id='word_1_268' title='bbox 841 3446 916 3512; x_wconf 88' lang='lat' dir='ltr'>velit</span> <span class='ocrx_word' id='word_1_269' title='bbox 937 3449 1103 3526; x_wconf 85' lang='lat' dir='ltr'>Ecclesia,</span> 
     </span>
     <span class='ocr_line' id='line_1_31' title="bbox 46 3537 1106 3649; baseline -0.002 -25"><span class='ocrx_word' id='word_1_270' title='bbox 46 3537 132 3649; x_wconf 65' lang='lat' dir='ltr'>‹puae</span> <span class='ocrx_word' id='word_1_271' title='bbox 147 3555 206 3622; x_wconf 89' lang='lat' dir='ltr'>hic</span> <span class='ocrx_word' id='word_1_272' title='bbox 221 3555 362 3643; x_wconf 89' lang='lat' dir='ltr'>loquitur</span> <span class='ocrx_word' id='word_1_273' title='bbox 377 3557 416 3620; x_wconf 90' lang='lat' dir='ltr'>de</span> <span class='ocrx_word' id='word_1_274' title='bbox 431 3552 591 3619; x_wconf 87' lang='lat' dir='ltr'>fratruele.</span> <span class='ocrx_word' id='word_1_275' title='bbox 613 3555 677 3620; x_wconf 91' lang='lat' dir='ltr'>Nos</span> <span class='ocrx_word' id='word_1_276' title='bbox 693 3577 801 3618; x_wconf 83' lang='lat' dir='ltr'>sumus</span> <span class='ocrx_word' id='word_1_277' title='bbox 816 3578 854 3618; x_wconf 85' lang='lat' dir='ltr'>ex</span> <span class='ocrx_word' id='word_1_278' title='bbox 869 3558 1015 3642; x_wconf 84' lang='lat' dir='ltr'>gentihus</span> <span class='ocrx_word' id='word_1_279' title='bbox 1028 3578 1106 3622; x_wconf 89' lang='lat' dir='ltr'>cou-</span> 
     </span>
     <span class='ocr_line' id='line_1_32' title="bbox 40 3661 1106 3759; baseline 0 -27"><span class='ocrx_word' id='word_1_280' title='bbox 40 3665 187 3759; x_wconf 79' lang='lat' dir='ltr'>gregati</span> <span class='ocrx_word' id='word_1_281' title='bbox 202 3689 211 3728; x_wconf 71' lang='grc' dir='ltr'><strong>ι</strong></span> <span class='ocrx_word' id='word_1_282' title='bbox 229 3663 374 3731; x_wconf 81' lang='lat' dir='ltr'>Salvator</span> <span class='ocrx_word' id='word_1_283' title='bbox 388 3675 496 3728; x_wconf 90' lang='lat' dir='ltr'>noster</span> <span class='ocrx_word' id='word_1_284' title='bbox 508 3662 623 3727; x_wconf 90' lang='lat' dir='ltr'>sororis</span> <span class='ocrx_word' id='word_1_285' title='bbox 642 3662 710 3749; x_wconf 83' lang='lat' dir='ltr'>ejus</span> <span class='ocrx_word' id='word_1_286' title='bbox 722 3674 770 3726; x_wconf 90' lang='lat' dir='ltr'>est</span> <span class='ocrx_word' id='word_1_287' title='bbox 785 3661 888 3740; x_wconf 87' lang='lat' dir='ltr'>lilius,</span> <span class='ocrx_word' id='word_1_288' title='bbox 905 3664 995 3732; x_wconf 89' lang='lat' dir='ltr'>idest</span> <span class='ocrx_word' id='word_1_289' title='bbox 1011 3689 1106 3753; x_wconf 58' lang='lat' dir='ltr'>synav</span> 
     </span>
    </p>
   </div>
   <div class='ocr_carea' id='block_1_3' title="bbox 37 3831 1108 3992">
    <p class='ocr_par' dir='ltr' id='par_1_3' title="bbox 37 3831 1108 3992">
     <span class='ocr_line' id='line_1_33' title="bbox 89 3831 1108 3896; baseline 0.006 -18"><span class='ocrx_word' id='word_1_290' title='bbox 89 3842 101 3878; x_wconf 80' lang='lat' dir='ltr'>t</span> <span class='ocrx_word' id='word_1_291' title='bbox 118 3837 197 3884; x_wconf 60' lang='lat' dir='ltr'>Cant.</span> <span class='ocrx_word' id='word_1_292' title='bbox 211 3853 236 3896; x_wconf 90' lang='lat' dir='ltr'>r,</span> <span class='ocrx_word' id='word_1_293' title='bbox 251 3831 290 3884; x_wconf 76' lang='lat' dir='ltr'>rt.</span> <span class='ocrx_word' id='word_1_294' title='bbox 302 3833 440 3884; x_wconf 78' lang='lat' dir='ltr'>——2Exod.</span> <span class='ocrx_word' id='word_1_295' title='bbox 451 3849 553 3880; x_wconf 80' lang='lat' dir='ltr'>xxv.—</span> <span class='ocrx_word' id='word_1_296' title='bbox 564 3831 657 3880; x_wconf 78' lang='lat' dir='ltr'>¹ltlich.</span> <span class='ocrx_word' id='word_1_297' title='bbox 672 3849 705 3892; x_wconf 88' lang='lat' dir='ltr'>u,</span> <span class='ocrx_word' id='word_1_298' title='bbox 722 3848 759 3892; x_wconf 88' lang='lat' dir='ltr'>rr,</span> <span class='ocrx_word' id='word_1_299' title='bbox 775 3848 814 3882; x_wconf 81' lang='lat' dir='ltr'>ra.</span> <span class='ocrx_word' id='word_1_300' title='bbox 826 3837 877 3869; x_wconf 81' lang='lat' dir='ltr'>..t</span> <span class='ocrx_word' id='word_1_301' title='bbox 892 3837 950 3884; x_wconf 82' lang='lat' dir='ltr'>llan.</span> <span class='ocrx_word' id='word_1_302' title='bbox 961 3852 987 3882; x_wconf 89' lang='lat' dir='ltr'>rr.</span> <span class='ocrx_word' id='word_1_303' title='bbox 998 3862 1022 3868; x_wconf 83' lang='lat'>-—</span> <span class='ocrx_word' id='word_1_304' title='bbox 1035 3833 1044 3865; x_wconf 76' lang='lat'>⁸</span> <span class='ocrx_word' id='word_1_305' title='bbox 1055 3840 1108 3892; x_wconf 78' lang='lat' dir='ltr'>lsai.</span> 
     </span>
     <span class='ocr_line' id='line_1_34' title="bbox 37 3921 891 3992; baseline -0.005 -18"><span class='ocrx_word' id='word_1_306' title='bbox 37 3921 891 3992; x_wconf 60' lang='lat' dir='ltr'>3,15.-⁸1d.xr.,15.-&#39;Paalrn.xr.rv,9.-⁸l&#39;.ant.r,ra.</span> 
     </span>
    </p>
   </div>
   <div class='ocr_carea' id='block_1_4' title="bbox 0 0 1306 4614">
    <p class='ocr_par' dir='ltr' id='par_1_4' title="bbox 0 0 1306 4614">
     <span class='ocr_line' id='line_1_35' title="bbox 0 0 1306 4614; baseline 0 1"><span class='ocrx_word' id='word_1_307' title='bbox 0 0 1306 4614; x_wconf 95' lang='lat' dir='ltr'> </span> 
     </span>
    </p>
   </div>
  </div>
 </body>
</html>
