2644 4612
194 286 257 349 500
637 305 780 350 oarcnrus

191 429 286 496 chara
298 451 366 495 esse
383 429 470 495 norit
483 439 517 494 et
532 423 698 502 amabilia,
718 439 752 491 ut
774 428 799 492 si
822 427 904 493 sorte
925 427 1047 495 elevare
1070 427 1233 515 coeperint

190 536 396 612 charitatem,
413 537 572 625 jacentem
594 536 710 622 quippe
728 535 761 599 in
784 535 849 610 eis,
866 549 899 601 et
913 537 1052 602 excitare
1065 557 1157 611 eam,
1180 547 1235 598 ut-

191 657 267 734 pote
283 644 388 710 adhuc
405 643 618 709 dormientem
633 639 717 730 apud
732 665 803 717 eas,
816 643 848 708 in
864 655 989 710 tantum
1001 641 1128 708 elevent
1139 665 1236 715 eam,

188 754 268 818 etin
284 764 408 818 tantum
424 751 595 826 suscitent,
619 749 652 814 in
670 762 825 836 quantum
843 749 979 816 voluerit
998 773 1153 839 sponsus,
1176 769 1238 813 nec

190 861 295 926 minus
308 858 426 947 aliquid
438 859 470 924 in
484 882 522 924 ea
534 869 627 946 agant
640 880 736 944 quam
747 855 893 925 voluntas
905 859 1002 948 ipsius
1015 859 1145 946 patitur.
1158 858 1239 922 flaec

188 979 236 1034 est
250 967 337 1033 enim
350 950 483 1032 amantis
502 987 625 1055 sponsae
639 963 814 1053 perfectio,
837 978 871 1030 ut
890 990 907 1030 a
924 965 1013 1030 nullo
1029 964 1105 1030 velit
1121 977 1239 1030 contra

187 1076 331 1143 animum
353 1086 386 1140 et
408 1071 605 1140 voluntatem
624 1073 695 1160 ejus
717 1071 786 1137 lieri
802 1095 898 1159 quem
922 1063 1033 1160 diligit.
1053 1074 1095 1136 Et
1116 1085 1152 1136 ut
1175 1072 1237 1137 hoc

187 1206 252 1248 non
265 1180 459 1270 negligenter
471 1192 525 1246 aut
536 1179 674 1267 segniter
681 1192 791 1267 agant,
804 1203 863 1268 per
873 1181 1003 1246 virtutes
1013 1181 1080 1268 agri
1092 1229 1103 1255 ,
1116 1177 1150 1244 id
1163 1192 1234 1252 est,

189 1312 247 1379 per¹
257 1287 411 1377 plantaria
424 1300 457 1353 et
468 1284 602 1376 virgulta
614 1309 684 1373 quae
695 1286 728 1350 in
744 1309 819 1375 agro
830 1299 904 1352 sunt
915 1299 965 1363 ,et
976 1310 1036 1376 per
1053 1287 1138 1352 vires
1149 1289 1231 1374 ejus,

188 1397 255 1462 sine
271 1396 368 1461 dubio
384 1419 440 1484 per
454 1417 492 1459 ea
507 1415 577 1481 quae
587 1394 620 1458 in
632 1415 671 1458 eo
686 1405 753 1458 sata
769 1406 861 1470 sunt,
881 1395 1082 1482 adjurantur.
1102 1393 1173 1460 Tali
1185 1419 1228 1460 or

186 1507 280 1580 dine,
297 1502 415 1593 talique
436 1505 608 1569 verborum
624 1503 856 1591 compositione
874 1515 978 1568 textus
997 1503 1143 1570 historici
1157 1505 1226 1570 dra·

188 1613 281 1681 matis
297 1613 454 1702 dirigitur.
469 1599 560 1677 Nunc
572 1611 638 1698 jam
650 1610 728 1697 quid
743 1611 849 1676 arcani
863 1611 1058 1676 intrinsecus
1070 1624 1227 1700 contegat,

186 1722 399 1810 requiramus.
419 1719 532 1786 Omnis
547 1717 673 1792 anima,
690 1718 848 1806 praecipue
859 1741 931 1807 quaa
946 1717 1011 1784 filia
1023 1731 1073 1784 est
1083 1721 1231 1786 Hierusa-

185 1829 268 1905 lem,
284 1828 383 1894 habet
399 1825 535 1914 aliquem
551 1848 663 1913 agrum
687 1825 867 1914 proprium,
887 1827 942 1915 qui
963 1828 993 1892 ei
1014 1840 1134 1893 secreta
1149 1851 1226 1915 qua·

185 1939 259 2003 dam
274 1960 332 2024 per
347 1935 459 2000 lesum
474 1934 662 1999 meritorum
684 1947 769 1999 sorte
785 1931 908 2000 delatus
930 1947 992 2001 est.
1012 1935 1096 2002 Sicut
1116 1935 1172 1999 suit
1185 1948 1217 1998 et

185 2043 238 2110 ille
255 2066 328 2131 ager
342 2042 463 2117 Jacob,
480 2042 572 2128 cujus
594 2041 747 2106 suavitate
763 2053 926 2130 permotus
944 2043 1036 2110 Isaac
1051 2043 1218 2134 patriarcha

187 2151 327 2239 mysticis
348 2150 453 2216 aiebat
474 2147 634 2237 eloquiis:
658 2150 766 2215 «Ecce
790 2149 871 2216 odor
892 2149 948 2215 lilii
972 2152 1037 2218 mei
1053 2153 1135 2218 sicut
1152 2153 1226 2217 odor

188 2260 273 2347 »agri
283 2256 383 2346 pleni,
400 2257 451 2324 cui
463 2256 625 2322 benedixit
637 2257 794 2324 Dominus
804 2256 827 2322 ¹.
841 2285 855 2318 ι
869 2259 973 2324 Habet
986 2281 1064 2348 ergo
1075 2283 1224 2348 unaque

187 2391 249 2455 que
264 2367 368 2431 anima
388 2364 446 2450 (ut
461 2364 619 2453 diximus)
640 2387 750 2452 agrum
767 2389 881 2441 suum,
898 2367 940 2432 ita
955 2390 1097 2457 namque
1112 2381 1142 2432 et
1156 2391 1229 2434 con

188 2474 320 2542 versatio
334 2474 423 2560 ejus,
440 2496 514 2560 eger
526 2483 575 2536 est
585 2472 666 2561 ejus.
685 2472 723 2537 ln
737 2471 801 2539 hoc
813 2497 891 2562 agro
903 2477 1007 2544 anima
1016 2500 1090 2565 quae
1102 2476 1227 2566 diligens

187 2596 220 2649 et
230 2582 369 2648 studiosa
385 2592 452 2654 est,
469 2579 544 2645 satis
565 2579 676 2668 agitet
697 2581 803 2646 studet
822 2579 967 2670 plantare
982 2585 1087 2652 bonos
1103 2609 1230 2661 sensus,

187 2704 220 2758 et
236 2712 345 2756 omnes
360 2686 505 2754 excolere
522 2687 619 2753 animi
637 2687 789 2765 virtutes,
803 2713 867 2756 non
885 2689 988 2757 solum
1010 2707 1122 2760 autem
1136 2695 1230 2760 animi

187 2800 317 2866 virtutes
329 2848 337 2873 ,
351 2797 451 2862 sedet
464 2795 543 2860 vires
563 2815 716 2882 operum,
730 2797 846 2883 quibus
863 2797 1008 2866 videlicet
1025 2801 1154 2890 impleri
1166 2827 1234 2890 pos-

108 2907 114 2916 '
189 2919 263 2973 sunt
274 2903 446 2970 ministeria
458 2901 693 2968 mandatorum.
709 2904 765 2968 Hst
776 2928 852 2994 ergo
869 2904 924 2992 (ut
937 2907 1097 2997 diximus)
1113 2912 1235 2976 unicui·

190 3037 252 3103 que
280 3013 402 3078 animus
424 3032 500 3075 suus
527 3031 601 3097 ager
625 3031 721 3096 quem
742 3009 819 3076 colit
840 3024 873 3078 et
887 3012 1029 3102 plantat,
1045 3028 1079 3081 et
1100 3021 1234 3084 seminat

190 3120 367 3188 secundum
381 3118 449 3184 haec
465 3139 535 3204 quae
552 3116 699 3182 diximus.
727 3119 782 3182 Est
800 3131 906 3186 autem
923 3134 955 3186 et
975 3125 1125 3190 omnium
1142 3126 1234 3190 simul

191 3229 326 3296 lilierum
350 3224 545 3291 Hierusalem
570 3248 651 3289 unus
675 3225 807 3313 quidam
828 3239 860 3292 et
884 3231 1066 3296 communis
1084 3257 1181 3321 ager,
1197 3235 1235 3299 de

192 3361 256 3428 qno
274 3333 388 3402 Paulus
406 3334 468 3398 ait:
498 3332 580 3398 «Dei
607 3331 799 3420 agricultura
826 3334 958 3401 estis².»
992 3339 1100 3418 Quem
1123 3365 1237 3429 agrum

192 3465 363 3510 commune
377 3439 563 3505 exercitium
585 3437 806 3506 ecclesiasticae
832 3442 907 3508 fidei
931 3454 964 3509 et
986 3450 1239 3515 conversationis

192 3550 403 3640 accipiamus,
421 3548 453 3612 in
473 3570 537 3636 quo
552 3558 677 3612 certum
691 3560 740 3612 est
758 3549 888 3614 virtutes
908 3549 1009 3618 inesse
1024 3551 1171 3620 caelestes
1183 3606 1193 3631 ,
1205 3569 1240 3622 et

193 3663 273 3727 vires
288 3654 475 3746 spiritalium
486 3655 671 3743 gratiarum.
687 3654 756 3722 Una
768 3657 854 3724 euim
869 3681 1002 3747 quaeque
1018 3662 1145 3738 anima,
1167 3687 1241 3750 quse

194 3791 280 3835 nunc
295 3764 358 3830 lilia
380 3760 574 3830 Hierusalem
586 3761 641 3829 hic
656 3762 849 3853 appellatur,
867 3767 969 3834 sciens
991 3768 1077 3857 quod
1100 3784 1241 3838 matrem

228 3911 237 3948 ¹
249 3913 315 3966 Gen
325 3927 412 3974 xxvix,
423 3926 467 3980 ιγ.
477 3937 510 3948 -
520 3905 531 3941 ²
547 3926 557 3960 ι
570 3911 628 3960 Cor.
639 3925 685 3971 ιιι,
696 3925 720 3976 9.
