2748 4596
232 265 273 344 dl,
669 282 811 326 calcerus

229 414 357 490 teriret,
374 412 598 480 validissimum
618 411 658 476 ab
679 393 930 499 exploratoribus
950 409 1074 499 signum
1090 409 1200 478 salutis
1214 435 1271 479 ac·

229 523 331 612 oepit,
353 534 495 611 spartum
514 521 712 587 coccineum.
731 519 792 584 Per
808 518 924 585 Christi
943 520 1063 585 etenim
1082 521 1271 609 sanguinem

229 629 369 698 Ecclesia
391 630 460 718 haec
483 631 627 696 universa
650 626 805 703 salvatur,
822 627 853 691 in
874 627 942 717 ipso
961 626 1038 694 Jesu
1057 628 1184 695 Christo
1204 632 1272 696 Do-

228 736 317 802 mino
331 746 456 811 nostro,
472 735 524 801 cui
540 747 588 799 est
607 732 705 823 gioria
720 745 753 796 et
767 732 939 821 imperium
957 734 990 799 in
1008 734 1123 800 meula
1138 736 1273 802 saeculo-

227 868 311 910 rum.
326 844 440 911 Amen.
549 897 553 906 .

229 1131 1273 1162 fflmfflhmwmmmmmwfflmmffl

513 1307 713 1414 nonnus
740 1309 931 1378 sarnus
945 1311 969 1376 ¹.

225 1577 271 1636 De
284 1575 405 1638 Jericbo
427 1521 679 1656 quomoddoapta
693 1589 748 1638 est.
761 1580 798 1637 Et
813 1579 857 1637 uti
872 1579 1016 1657 pracepit
1033 1578 1123 1638 Jesus
1135 1576 1205 1638 filiis
1224 1575 1270 1636 Is·

265 1679 348 1750 rael,
365 1687 398 1736 ut
413 1677 450 1746 de
469 1675 659 1738 anathemate
674 1697 734 1736 non
747 1689 912 1740 sumerent.
928 1680 966 1738 Et
977 1678 1014 1737 de
1026 1697 1061 1740 eo
1080 1680 1134 1756 qui
1153 1679 1272 1746 suturas

265 1789 311 1837 est
326 1796 363 1836 ex
375 1775 563 1838 anathemate
578 1776 712 1856 linguam
725 1797 869 1850 auream,
883 1789 913 1838 et
924 1777 1070 1838 dextralia
1086 1775 1192 1860 pura².

269 2039 427 2106 Jericbo⁸
449 2041 533 2106 tubis
558 2041 723 2106 subruitur
742 2040 955 2107 sacerdotum.
979 2041 1095 2108 Statim
1121 2043 1209 2108 cuim
1235 2055 1271 2108 ut

223 2150 374 2214 tubarum
386 2146 516 2237 clangor
524 2148 682 2237 increpuit
694 2199 703 2224 ,
715 2171 883 2213 murorum
897 2149 1039 2238 dejectus
1052 2161 1100 2215 est
1116 2153 1268 2216 ambitus.

224 2257 411 2323 Dixeramus
421 2257 518 2322 etiam
528 2269 561 2320 et
572 2258 677 2345 prius,
690 2257 777 2345 quod
787 2255 916 2322 Jerioho
929 2258 1064 2326 sormam
1076 2258 1185 2324 saecrrli
1194 2284 1274 2348 prac-

224 2367 320 2432 sentis
344 2365 505 2441 obtineat,
522 2365 614 2452 cujus
632 2366 733 2431 robur
750 2377 783 2429 et
800 2365 1000 2431 munimenta
1018 2367 1274 2436 sacerdotalibus

224 2475 367 2540 videmus
391 2495 461 2540 esse
482 2473 653 2540 destructa.
679 2473 827 2539 Firmitas
850 2495 989 2562 nemque
1011 2485 1044 2540 et
1069 2477 1273 2546 munimenta

225 2585 340 2674 quibus
355 2580 444 2649 velut
455 2581 555 2647 muris
570 2582 709 2648 mundus
724 2582 783 2647 iste
794 2581 972 2658 nitebatur,
984 2580 1145 2648 idolorum
1165 2584 1276 2651 cultus

225 2705 313 2769 erat,
329 2691 560 2758 divinationum
577 2687 699 2756 fallacia
715 2701 782 2754 arte
799 2689 981 2755 daemonum
1000 2691 1201 2770 ministrata,
1215 2718 1275 2759 au-

226 2823 341 2892 gurum
361 2813 454 2888 atque
474 2797 677 2887 aruspicum,
692 2819 923 2886 magorumque
940 2811 1141 2876 commenta,
1155 2789 1276 2889 quibus

225 2911 376 2978 omnibus
397 2908 482 2976 velut
497 2909 597 2974 muris
616 2905 813 2973 validissimis
830 2908 1031 2976 ambiebatur
1047 2909 1101 2976 bio
1116 2915 1272 2978 mundus.

227 3021 360 3109 Insuper
373 3019 469 3084 etiam
482 3017 610 3083 diversis
625 3013 888 3105 philosophorum
904 3016 1126 3106 dogmatibus,
1139 3033 1174 3086 et
1190 3023 1275 3087 emi-

226 3127 418 3194 nentissimis
434 3125 657 3193 assertionibus
679 3147 716 3190 ao
739 3125 1024 3214 disputationibus,
1047 3126 1135 3193 velut
1161 3153 1276 3218 prooe-

227 3236 270 3301 ris
294 3235 503 3324 quibusdam,
526 3243 559 3299 et
580 3232 718 3298 robustis
744 3232 885 3299 turribus
911 3234 1110 3331 firmabatur.
1130 3237 1276 3306 Veniens

225 3371 301 3414 vero
316 3348 471 3414 Dominus
490 3358 598 3413 noster
612 3347 705 3414 Jesus
721 3345 886 3424 Christus,
903 3349 996 3436 eujus
1014 3347 1066 3414 ille
1085 3351 1176 3438 prior
1189 3351 1276 3420 filius

227 3457 312 3546 Nave
322 3456 506 3546 designabat
518 3453 819 3530 adventum,mittit
830 3455 1010 3522 sacerdotes
1018 3456 1189 3544 Apostolos
1200 3469 1278 3527 su'os

146 3643 151 3646 ,
226 3576 389 3655 portantes
402 3563 495 3628 tubas
511 3561 666 3640 ductiles,
679 3562 910 3653 predicationis
922 3563 1145 3666 magnificam,
1160 3554 1279 3637 caeles-
1371 3549 1372 3560 ,

212 3715 213 3718 ’
260 3718 353 3766 ¹Tum.
366 3731 483 3781 snpra.
494 3724 542 3774 trr
557 3742 567 3755 ·
578 3716 637 3776 415.

258 3807 379 3857 ’desan
1174 3808 1219 3846 aa

259 3898 331 3947 ³Nn.
343 3913 372 3944 r·
386 3911 417 3944 rr.
1216 3889 1218 3900 '
