2734 4594
243 273 307 318 Μ
695 271 836 316 ΟΙΙΕΕΜὸ

241 407 309 472 rat,
325 396 382 462 sed
396 397 584 462 novissimus
599 394 743 483 pervenit
759 392 922 460 adfinem.
945 393 1014 458 lmo
1036 395 1114 460 dum
1135 393 1186 460 ille
1204 419 1268 484 per-

240 504 342 579 venit,
359 502 450 572 Jahel
467 502 640 591 alienigena
661 513 903 590 praetereuntem
926 501 1162 588 quodammodo
1178 503 1268 568 sicto-

240 613 320 678 riam
336 613 428 701 rapit.
443 611 564 678 Eadem
580 610 681 676 forma
692 611 852 698 praecessit
866 609 962 675 etiam
974 610 1006 674 in
1021 611 1120 687 Esati,
1133 622 1167 676 et
1178 608 1268 680 Jacob

240 720 402 785 fratribus.
423 719 506 784 Dum
522 717 607 784 enim
621 720 704 784 Esati
720 728 859 784 sectatur
877 717 1028 806 agrestia,
1045 717 1123 782 dum
1138 730 1270 784 moretur

239 827 275 891 in
285 825 437 903 saltibus,
452 827 646 915 praeveniens
660 827 781 902 Jacob,
797 837 829 890 et
842 824 985 892 mulieris
999 823 1158 900 consiliis,
1175 826 1268 900 idest,

241 934 370 1012 matris,
387 934 578 1023 compositos
589 935 669 1022 patri
683 933 818 1000 offerens
835 934 945 1008 cibos,
965 931 1196 1002 benedictionis
1212 934 1269 1022 pri·

239 1055 343 1109 matus
357 1045 489 1132 accepit.
509 1044 563 1111 Sic
575 1056 607 1109 et
623 1043 656 1109 in
675 1040 847 1132 Evangelio
860 1053 1012 1132 pergente
1027 1041 1168 1106 Domino
1183 1041 1221 1106 ad
1233 1041 1268 1106 li-

240 1150 315 1218 liam
333 1153 483 1241 principis
505 1175 670 1241 synagogae
691 1151 922 1227 suscitandam,
944 1149 1141 1240 praeveniens
1164 1147 1268 1214 mulier

241 1283 311 1348 quae
324 1259 412 1325 lluxu
427 1261 586 1349 sanguinis
602 1259 783 1336 laborabat,
796 1257 882 1325 lideli
902 1270 989 1324 tactu
1003 1257 1091 1348 prior
1109 1258 1269 1344 consequi·

239 1369 474 1434 tursanitutem.

172 1457 174 1462 ¹
282 1476 337 1544 Vl.
360 1477 456 1558 Quod
473 1477 498 1541 si
514 1477 610 1542 etiam
624 1476 698 1542 inde
721 1475 948 1564 requirendum
970 1473 1087 1562 aliquid
1111 1473 1237 1539 videtur
1255 1499 1270 1538 s

241 1583 443 1673 diligentibus
464 1584 677 1661 auditoribus,
702 1584 789 1672 quod
803 1583 884 1650 lacte
904 1606 979 1648 eum
993 1593 1119 1671 potasse
1141 1581 1271 1656 dicitur,

238 1715 314 1758 cum
329 1692 381 1758 ille
398 1716 511 1781 aquam
530 1695 740 1782 poposcisset,
758 1693 921 1758 rideamus
939 1714 980 1757 ne
997 1692 1078 1756 forte
1097 1692 1270 1758 secundum

238 1801 388 1888 mysticas
404 1799 453 1868 vel
464 1799 647 1888 allegoricas
661 1801 752 1889 Legis
763 1799 1061 1890 interpretationes,
1078 1799 1143 1865 tale
1158 1799 1268 1886 aliquid

238 1908 334 1972 etiam
351 1907 390 1971 de
411 1906 473 1974 hoc
493 1907 592 1995 possit
612 1908 744 1973 ostendi.
771 1908 875 1974 Lectis
898 1908 989 1973 cibus
1013 1929 1082 1972 esse
1105 1907 1221 1972 dicitur
1236 1906 1267 1970 in

239 2012 410 2102 Scripturis
424 2015 556 2090 sanctis,
568 2014 670 2102 prima
686 2012 755 2080 baec
773 2013 901 2081 moralis
916 2014 1088 2091 institutio,
1105 2038 1178 2101 quae
1197 2015 1272 2080 incl-

236 2124 395 2213 pientibus
411 2124 495 2190 velut
510 2123 645 2212 parvulis
661 2125 796 2192 traditur
808 2124 830 2190 ¹.
847 2125 917 2192 Non
926 2125 1012 2190 euim
1023 2125 1055 2189 in
1064 2125 1162 2190 initiis
1171 2127 1273 2192 statim

237 2235 397 2324 discipulis
418 2236 457 2302 do
478 2237 642 2325 profundis
657 2250 689 2302 ot
704 2238 927 2304 secretioribus
949 2237 1140 2303 tradendum
1161 2249 1210 2304 est
1226 2261 1274 2302 sa·

235 2343 424 2419 crementis,
449 2344 505 2410 sed
531 2368 657 2411 morum
679 2346 855 2434 correptio,
872 2344 1053 2411 emendatio
1079 2344 1273 2434 disciplina,

234 2448 386 2539 religiosae
395 2454 641 2519 conversationis
651 2465 699 2528 ,et
709 2451 859 2542 simplicis
867 2453 941 2520 fidei
952 2454 1054 2542 prima
1062 2452 1275 2520 eisclementa

235 2560 412 2624 traduntur.
432 2560 579 2626 latudest
598 2559 747 2627 Ecclesiae
762 2559 829 2639 lac,
846 2560 916 2626 baec
926 2560 1151 2657 incipientibus
1164 2585 1276 2649 parsu

234 2665 456 2756 lorum'prima
474 2679 548 2734 sunt
563 2666 729 2733 clementa.
752 2669 816 2736 Sed
833 2669 891 2734 iste
907 2669 997 2734 cibus
1012 2668 1049 2733 iis
1070 2668 1202 2755 quidem
1221 2669 1277 2757 qui
1345 2751 1346 2756 η

234 2775 274 2840 atl
290 2777 410 2842 bonum
427 2776 613 2864 proficiendi
632 2777 831 2866 propositum
845 2788 978 2866 gerunt,
998 2778 1096 2844 vitam
1111 2778 1230 2844 tribuit
1246 2791 1276 2844 et

233 2881 365 2949 sulutem
381 2885 439 2950 :iis
456 2907 528 2949 vero
544 2885 659 2972 quibus
670 2885 828 2950 contraria
839 2883 984 2973 placent,
1001 2885 1115 2972 quibus
1127 2883 1276 2962 luxuria,

232 2987 351 3065 libido,
376 2992 522 3068 avaritia,
542 3003 574 3056 et
598 2991 700 3058 omnis
714 2992 859 3081 impietas
883 2991 970 3058 cordi
996 3004 1063 3067 est,
1083 2991 1276 3080 hujusmodi

234 3096 377 3163 doctrina
393 3123 505 3164 necem
518 3111 550 3164 ct
561 3100 725 3164 interitum
737 3111 874 3188 praestat.
887 3100 940 3166 Sic
954 3122 1030 3188 ergo
1039 3099 1075 3164 lit
1087 3151 1094 3173 ,
1105 3113 1141 3164 ut
1153 3124 1194 3165 ex
1208 3102 1277 3176 his,

234 3217 327 3292 atque
341 3207 451 3273 iisdem
470 3209 548 3275 cibis
563 3209 678 3297 quibus
694 3207 822 3274 aluntur
843 3209 939 3284 boni,
958 3208 1157 3277 suffocentur
1172 3209 1275 3280 malit

232 3323 265 3375 et
279 3312 310 3378 in
327 3337 390 3400 quo
405 3315 463 3402 piis
477 3317 538 3382 vita
549 3328 615 3392 est,
632 3316 675 3380 ibi
691 3316 730 3380 sit
738 3316 840 3404 impiis
848 3339 943 3382 mors.
958 3316 1105 3405 Denique
1113 3329 1154 3381 ut
1164 3341 1279 3384 exem·

229 3418 284 3508 plo
299 3444 348 3486 res
363 3446 456 3508 quam
470 3424 603 3490 dicimus
613 3423 737 3512 planior
748 3423 823 3501 fiat,
837 3424 939 3489 vinum
950 3447 1042 3488 sanos
1052 3437 1085 3490 et
1095 3425 1279 3492 commode

229 3530 378 3619 degentes
394 3533 498 3618 juvat,
515 3545 546 3598 et
562 3532 662 3619 (sicut
676 3534 840 3623 Scriptura
855 3533 950 3620 dicit)
967 3558 1018 3600 cor
1036 3534 1166 3601 laominis
1182 3536 1281 3602 dun·

228 3650 313 3712 taxat
321 3639 472 3726 letificat,
482 3639 732 3708 febricitantibus
743 3665 818 3707 vero
830 3642 855 3706 si
871 3643 1061 3729 sumpserint
1073 3645 1280 3731 ,perniciem

227 3747 379 3814 continuo
387 3760 420 3813 et
429 3749 590 3815 interitum
601 3751 682 3838 parit
690 3751 712 3817 ².
725 3750 770 3817 lta
780 3751 817 3816 sit
829 3750 980 3816 uteadom
991 3751 1161 3817 reseodem
1169 3751 1282 3816 modo

264 3895 296 3946 *ι
311 3899 369 3949 Cor.
380 3914 419 3948 ur.
431 3926 463 3935 -
476 3901 487 3936 ²
498 3900 558 3950 l‘sal.
572 3917 626 3961 civ,
644 3897 683 3952 15.
