2644 4612
332 279 363 322 nr
388 277 549 326 ennnncnu
574 275 776 322 cnnrreonun
799 279 860 322 nnn.
889 281 930 323 ιν.
1090 263 1154 342 545

123 385 243 454 interim
254 391 411 470 quantum
427 379 562 446 brevitas
577 379 682 466 potnit
693 380 808 468 putide
825 384 1156 477 reemptieexenrplin

124 497 204 562 dieta
214 489 381 558 sufficiant.
397 488 489 554 Nune
499 487 565 575 jum
580 486 621 552 nd
629 489 826 575 prppositum
838 504 1045 561 revertamur.
1056 492 1155 564 vide-

125 614 251 689 tunergo
267 599 300 664 in
312 595 446 670 Cantieo
461 592 667 666 cantieorum
685 608 882 684 praeceptum
900 599 966 672 dari
983 601 1024 670 nb
1039 622 1157 692 epnnnn

125 705 469 782 amieissffiivirtutibus
481 754 491 780 ‚
505 715 540 769 ut
551 703 677 794 cupiant
688 716 721 773 et
728 705 860 794 uigeant
866 712 1041 780 contrarias
1052 725 1158 802 poten·

5 835 6 848 ¹
126 832 298 906 ntes‚quae
309 813 498 884 insidiantur
510 812 674 887 animabus
689 812 876 893 homiuum,
892 840 934 888 ne
945 822 1157 900 exterminent

5 919 6 958 ³
123 925 325 997 eoruminitir
336 921 615 1010 fidentemque
624 923 777 992 virtutum
786 925 1157 1014 suhnpeeierecretaenii-

5 1027 6 1066 ³
121 1038 246 1124 cuiuset
259 1029 395 1101 occulte
406 1030 583 1120 sapientiae,
597 1031 766 1118 quenqunsi
780 1031 1039 1120 vulpeeiuirveis
1048 1087 1058 1113 ,
1068 1039 1113 1107 itn
1122 1039 1157 1106 in

5 1173 6 1178 ¹
120 1139 1158 1238 hiihominitusquisemetipsorethaeesoeantapraehuerint,

102 1281 104 1286 ·
122 1251 316 1324 delitescunt.
335 1251 375 1318 Et
390 1272 454 1336 quo
464 1246 588 1318 troitus
602 1247 759 1318 enniuteri
771 1251 894 1338 poenint
907 1264 943 1320 et
954 1255 1061 1342 argiri,
1077 1255 1156 1329 dnm

121 1356 1155 1451 parraesintrulpesipsee,etinitiahnbentpnstinnaepenuarionin,

121 1472 186 1560 capi
195 1471 358 1559 jubentur.
371 1467 451 1538 Nam
463 1466 488 1532 si
496 1465 578 1536 iente
589 1466 747 1538 nieverint
757 1479 808 1542 ‚et
818 1468 1081 1557 majoresinnrint
1089 1473 1157 1540 rul-

120 1603 172 1670 pes
180 1577 318 1654 effeetae,
328 1578 394 1665 jem
405 1584 563 1662 nequeant
573 1574 755 1668 abininnicis
768 1576 893 1666 sponsi,
907 1578 1156 1670 sednhipsoion

121 1689 204 1756 tnesis
219 1709 334 1776 sponso
352 1683 419 1750 solo
438 1683 508 1772 capi
523 1695 684 1772 poterunt.
703 1684 768 1750 Sed
786 1698 819 1750 et
833 1687 938 1762 sancti,
950 1685 1068 1776 quique
1080 1690 1155 1758 doe-

121 1810 201 1862 tores
212 1807 244 1862 et
254 1793 393 1883 magistri
405 1790 574 1867 Ecclesiae,
588 1792 672 1856 sieut
683 1807 875 1882 aeceperunt
885 1807 1075 1884 potestatem
1092 1798 1153 1867 eal·

117 1899 953 1994 cendisuperserpentesetseorpiones¹,itaaeeipinnt
960 1917 1151 1994 potestatem

116 2012 211 2076 etiam
224 2009 366 2097 cupiendi
383 2006 502 2094 vulpes.
522 2004 577 2071 Sie
588 2005 675 2070 enim
694 2007 767 2070 data
781 2020 828 2073 est
838 2021 977 2097 potestas
994 2011 1039 2077 eis
1056 2037 1151 2103 snper

116 2139 243 2184 omnem
257 2115 408 2180 virtutem
422 2112 551 2176 inimici.
568 2110 637 2176 Una
647 2113 714 2176 sine
729 2112 827 2178 dubio
838 2133 878 2180 ex
887 2121 1006 2184 caeteris
1015 2121 1150 2190 inimicis

116 2225 283 2294 virtutibus
291 2234 339 2288 est
354 2215 481 2309 inlpes,
495 2219 761 2307 qunexterminat
772 2221 877 2287 vineas
888 2223 1036 2293 florentes
1048 2279 1056 2302 ‚
1069 2253 1151 2317 quaeh

114 2358 175 2424 que
190 2355 266 2400 eum
282 2331 388 2399 adhue
402 2352 498 2430 parra
516 2340 583 2405 est,
599 2328 669 2416 cepi
684 2329 828 2417 jubetur,
843 2331 924 2399 sieut
942 2347 974 2400 et
992 2337 1024 2403 in
1039 2352 1150 2407 cente-

113 2444 194 2509 simo
205 2440 367 2532 trigesimo
377 2438 510 2529 septimo
521 2434 643 2525 psalmo
653 2487 662 2512 ‚
673 2430 786 2502 heatus
802 2437 930 2517 dicitur,
947 2444 1001 2531 qui
1016 2458 1104 2513 tenet
1115 2462 1149 2516 et

112 2551 211 2618 allidit
222 2547 367 2640 parvulos
381 2545 553 2636 Babylonis
566 2543 769 2634 adpetrem²,
786 2569 847 2613 nee
853 2551 1008 2636 permittit
1018 2577 1147 2625 sensum

112 2658 324 2747 Babylonium
343 2678 486 2725 creseere
505 2656 538 2720 in
558 2653 726 2744 semetipso
741 2667 774 2720 et
788 2658 914 2745 augeri,
939 2659 995 2728 sed
1010 2686 1083 2732 eum
1098 2679 1147 2734 est
1221 2657 1222 2662 ἵ

110 2767 145 2832 in
160 2766 256 2830 initiis
268 2764 368 2832 allidit
379 2789 471 2841 enm,
486 2776 519 2828 et
531 2774 618 2830 tenet
635 2761 676 2829 ad
689 2775 813 2852 petrem
834 2788 842 2830 :
858 2777 934 2833 tune
948 2771 1033 2838 enim
1052 2773 1144 2842 facile

109 2875 286 2966 perimitur.
309 2874 362 2940 Sie
377 2897 451 2962 ergo
473 2873 552 2938 ordo
573 2868 801 2961 explanationis
818 2890 993 2962 percurrat.
1008 2879 1144 2972 «Capite

109 2983 242 3074 »vrnlpes
259 2981 350 3049 nobis
365 2979 510 3069 pusillus,
524 3002 595 3066 quae
610 2977 719 3068 vulpes
737 2982 948 3050 exterminant
962 2987 1066 3056 vinens
1081 2991 1143 3059 sso-

107 3093 271 3161 »rentes⁸.
290 3090 409 3172 »Quod
423 3099 531 3155 eutem
546 3087 623 3154 dicit
641 3088 751 3165 nobis,
767 3086 908 3169 hoe'est,
928 3094 1005 3160 mihi
1025 3099 1140 3188 sponse

105 3217 140 3270 et
155 3225 294 3293 sponse:
311 3198 360 3266 vei
371 3210 458 3266 certe
473 3195 551 3263 mihi
566 3207 600 3260 et
610 3196 697 3262 vohis
712 3197 767 3286 qui
780 3198 853 3265 estis
866 3200 986 3268 sodales
997 3207 1071 3273 mei.
1083 3211 1140 3277 Po-

105 3324 171 3376 test
183 3323 288 3376 autem
298 3309 381 3375 etita
396 3305 507 3394 accipi.
530 3303 638 3390 Capite
651 3304 737 3369 nobis
750 3307 867 3392 unipes:
881 3321 913 3374 et
928 3326 999 3400 post
1012 3315 1139 3385 distinc.

105 3420 229 3484 tionem
247 3417 328 3492 dici,
346 3417 476 3501 pusiilus
495 3411 726 3478 exterminantes
744 3413 863 3493 vineas,
880 3431 914 3482 ut
930 3419 1057 3508 pusillan
1074 3450 1137 3494 non

29 3561 36 3568 ·
102 3539 174 3593 tam
190 3527 230 3592 nd
243 3523 351 3614 vulpes
362 3545 458 3610 quam
469 3521 509 3587 ad
521 3523 625 3588 vinens
636 3517 808 3590 reseramus
824 3547 832 3589 :
847 3536 884 3590 ut
898 3525 1062 3596 videantur
1075 3557 1138 3622 pu-

101 3634 184 3700 siltae
197 3633 326 3721 quidem
342 3631 439 3697 vineae
446 3629 648 3694 exterminari
662 3652 753 3718 posse
764 3653 772 3695 ε
785 3630 818 3696 id
827 3645 875 3697 est
890 3657 992 3722 parvae
1004 3661 1137 3728 quaeque

101 3744 240 3817 enimn,
256 3753 288 3806 et
298 3737 386 3806 initia
400 3738 552 3810 habentes
563 3759 645 3812 ,non
657 3735 755 3803 finnae
770 3749 802 3803 et
813 3741 951 3807 robustae
962 3741 1031 3810 taedi
1042 3771 1135 3837 posse

144 3909 153 3942 ¹
166 3913 254 3961 narrt.
264 3929 315 3960 xrv.
330 3940 361 3948 -
374 3908 479 3961 ¹Putm.
490 3924 604 3958 cxxxvii.
618 3939 647 3948 -.
657 3904 745 3958 ⁸Cent.
756 3926 791 3970 u,
807 3907 845 3958 15.

199 4025 227 4066 x.
932 4067 940 4076 ,
967 4018 1006 4064 eo
