2744 4600
362 312 393 354 nr
418 311 559 355 nuunaos
582 311 710 358 nonina
736 317 804 358 xxv.
1038 298 1100 362 525

83 446 202 528 pugnat,
221 443 254 498 et
271 430 319 496 vel
334 431 366 495 in
387 454 420 495 se
436 429 486 496 rel
500 433 531 496 in
547 434 698 520 proximis
715 435 778 500 suis
800 435 871 500 vitia
893 437 1032 524 perimit,
1049 437 1103 504 hic

83 543 203 632 accipiet
220 537 319 628 spolia
344 538 457 612 multa.
475 540 681 630 quinquagies
704 541 912 630 multiplicata
928 569 1024 632 qnam
1038 570 1102 615 cos·

83 656 142 720 teri.
160 654 323 719 lntantum
345 671 487 738 namque
505 653 630 718 numeri
651 655 807 741 quantitas
835 656 960 721 videtur
980 661 1100 746 augeri,
1153 745 1159 754 ι

83 783 149 827 cum
167 757 323 823 sexcentis
339 754 478 822 millibus
497 756 667 824 duodecim
695 758 791 824 miliia
807 761 1026 826 conferuntur.
1046 762 1105 828 of-

83 869 156 933 ferre
169 879 275 932 tamen
290 887 362 953 pars
379 876 513 952 unaque
529 866 661 954 jubetur
675 865 743 931 Deo
744 914 853 932 ........
854 925 855 928 ,

124 973 275 1063 Denique¹
290 976 321 1038 in
337 975 485 1062 praesenti
501 974 638 1040 lectione
652 975 782 1042 Eleazar
797 977 945 1044 sacerdos
956 1001 1020 1046 non
1032 982 1107 1046 scri-

81 1087 160 1152 bitur
172 1085 213 1150 ad
228 1107 356 1148 omnem
372 1082 528 1172 populum
552 1084 690 1162 locutus,
711 1085 768 1151 sed
782 1088 822 1152 sd
842 1109 896 1153 eos
912 1097 1037 1154 tantuin
1049 1087 1106 1178 'qui

76 1174 116 1262 'de
127 1192 230 1282 praelio
244 1192 388 1258 redeunt.
408 1193 558 1259 Ait'enim
571 1217 579 1257 τ
594 1196 658 1258 «Et
669 1193 748 1258 dixit
765 1196 895 1262 Eleazar
909 1199 1055 1264 sacerdos
1067 1199 1107 1264 ad

81 1304 181 1368 »viras
198 1303 326 1367 virtutis
342 1303 395 1388 qui
419 1305 660 1369 revertebantur
679 1306 720 1370 de'
733 1305 902 1392 praelio'.»
923 1307 1019 1375 Vides
1034 1328 1110 1396 ergo

81 1413 234 1500 quomodo
242 1411 286 1476 'ad
298 1411 381 1475 airas
392 1411 518 1476 virtutis
529 1411 670 1499 loquitur
681 1433 786 1478 sermo
798 1415 866 1500 Dei.
882 1412 948 1480 Viri
956 1416 1042 1481 errim
1050 1418 1111 1481 vir·

81 1523 253 1596 intissam,
268 1523 321 1608 qni
339 1520 381 1584 ad
398 1520 519 1586 bellum
534 1522 721 1609 procedunt.
742 1523 776 1587 Si
792 1524 863 1609 qais
878 1544 953 1590 vcro
968 1543 1112 1614 pugnare

80 1655 142 1697 non
162 1629 240 1705 vult,
256 1653 316 1696 nec
331 1628 480 1704 militaro,
497 1630 521 1694 si
537 1631 607 1717 quis
631 1649 696 1695 non
718 1631 786 1695 vuit
805 1625 924 1696 haliere
946 1644 1110 1701 certamen

79 1739 253 1804 studiorum
269 1739 461 1814 divinorum,
479 1750 512 1802 ct
527 1737 736 1815 abstinentiae.
750 1740 803 1805 hic
817 1763 881 1806 non
899 1741 965 1807 vnit
980 1742 1114 1831 implere

78 1849 154 1915 iliud
169 1849 255 1937 quod
272 1847 442 1936 Apostolus
457 1849 555 1914 dicit:
570 1846 659 1928 «Qui
677 1862 783 1914 autem
804 1851 835 1914 in
855 1861 955 1938 agone
976 1863 1110 1918 conten-

13 2033 18 2036 ·
79 1987 92 2018 ι
107 1958 163 2031 dit,
180 1958 219 2022 ah
235 1955 385 2022 omnibns
397 1957 563 2021 continens
577 1957 656 2022 θεν.
672 1987 685 2019 ι
706 1959 770 2036 Qui
780 1952 857 2047 ergo
869 1983 933 2024 non
945 1961 1111 2028 contendit

32 2137 39 2149 ¹
78 2067 111 2130 in
123 2087 235 2153 agone,
248 2077 283 2129 et
292 2067 332 2130 ab
349 2065 497 2130 omnibus
516 2087 580 2130 non
595 2079 644 2132 est
659 2065 838 2144 continens,
856 2088 959 2156 neque
969 2072 1109 2135 exerceri
1228 2062 1231 2068 ’

77 2171 146 2237 ralt
161 2173 194 2236 in
208 2173 306 2237 verbo
320 2172 393 2248 Dei,
405 2183 439 2236 et
454 2173 486 2238 in
501 2171 569 2262 iege
581 2174 708 2250 Domini
725 2174 870 2239 meditari
882 2176 932 2240 die
944 2197 982 2240 ac
994 2190 1107 2249 nocte:

78 2283 147 2358 hic,
164 2282 284 2345 etiamsi
304 2283 351 2346 rir
369 2282 505 2356 dicatur,
524 2282 572 2346 vir
586 2294 694 2348 tamen
710 2282 832 2347 virtutis
846 2304 910 2348 non
927 2293 1030 2371 potest
1053 2307 1109 2372 ap-

75 2389 203 2480 pellari.
221 2390 262 2456 dt
276 2413 348 2455 vero
368 2391 422 2456 hic
444 2391 484 2455 de
502 2415 565 2480 qno
582 2410 668 2456 nunc
684 2410 787 2456 sermo
808 2404 856 2459 est
874 2391 1046 2480 Scriptura
1061 2393 1111 2458 di-

75 2503 172 2576 vinas,
189 2503 243 2588 qui
260 2500 357 2589 spolia
377 2500 417 2592 de
432 2502 575 2567 hostibus
595 2501 703 2575 refert,
717 2502 763 2564 vir
774 2503 896 2566 virtutis
912 2501 1106 2590 appeliatur:

73 2613 140 2676 hec
151 2621 201 2675 am
210 2611 296 2675 enim
314 2609 414 2675 laudis
427 2611 497 2697 ejus
508 2610 641 2697 insigne,
654 2609 739 2696 qnod
754 2609 917 2697 Scriptura
930 2610 1019 2686 dicit,
1036 2614 1109 2699 quia

73 2719 204 2784 locutus
227 2730 276 2783 est
292 2716 422 2784 Eleazar
438 2719 583 2782 sacerdos
603 2717 645 2782 ad
663 2717 745 2782 viros
764 2705 887 2784 virtutis
902 2719 964 2806 qui
975 2731 1110 2785 reverte-

71 2831 196 2895 bantur
211 2849 228 2892 a
245 2825 364 2914 praedio.
384 2826 463 2905 Quis
478 2839 623 2892 nostrum
638 2827 679 2893 ita
698 2839 825 2915 paratus
836 2839 896 2902 est,
913 2830 1112 2916 utprocsdst

70 2933 266 3010 acl-saltum,
279 2945 433 3000 utcontra
448 2934 643 3000 adversarios
658 2934 801 3012 dimicet,
814 2945 850 2998 ut
864 2936 973 3023 etipse
986 2937 1111 3026 air-pos-

69 3048 116 3111 sit
132 3043 286 3133 appelisri
304 3045 448 3110 virtutisi
464 3044 556 3112 Sicut
575 3059 679 3111 sutem
699 3045 760 3113 vita
776 3048 955 3124 continens,
972 3059 1004 3112 et
1018 3043 1112 3115 atsn-

67 3154 306 3230 nentisalaber,
315 3165 411 3241 atque
421 3171 559 3242 agonum
572 3155 756 3229 certamina,
770 3155 890 3220 fuciunt
903 3175 1112 3244 unumquem-

67 3283 141 3352 que
155 3263 262 3327 virum
278 3263 401 3328 vidctis
416 3260 566 3350 appellari
586 3285 595 3326 τ
617 3264 658 3327 ita
680 3287 698 3326 e
717 3264 879 3329 contrario
894 3266 1022 3332 remissa
1035 3268 1111 3342 rita,

68 3395 114 3439 ac
135 3369 311 3458 negligens,
330 3383 363 3436 et
378 3367 502 3460 ignara,
523 3370 597 3439 iacit
618 3369 720 3438 virum
739 3375 871 3462 ignaviae
890 3361 1049 3464 appellari.
1078 3376 1112 3440 Si

66 3497 159 3569 ergo
175 3481 220 3543 vis
230 3479 379 3569 appellari
391 3481 438 3546 vir
451 3483 586 3558 virtutis,
598 3483 695 3550 uidae
707 3495 739 3549 te
751 3481 914 3549 Christum
926 3479 1111 3560 Dominum,

64 3590 132 3680 qui
147 3601 199 3654 est
214 3588 271 3655 Dei
287 3592 400 3666 virtus,
417 3605 451 3656 at
465 3585 526 3656 D'ei'
538 3583 702 3680 sapientia,
716 3605 748 3656 ot
763 3593 796 3657 in
814 3593 961 3658 omnibus
976 3594 1113 3683 adjungo

60 3715 99 3766 tc
119 3699 279 3775 Domino,
293 3700 336 3765 ita
353 3697 389 3764 ut
405 3721 621 3766 unusanmeo
634 3701 761 3790 spiritua
773 3701 849 3774 fias:
864 3715 895 3766 ct
907 3715 985 3768 tunc
998 3704 1113 3776 vinair-

100 3855 162 3905 ΙΝ.
175 3859 201 3914 5,
218 3857 242 3906 6.
260 3875 285 3922 p.
299 3856 355 3906 568.

99 3929 212 3980 2Νιιιιι.
223 3947 292 3991 uxr,
307 3949 345 3980 ει.
361 3961 390 3972 —·
404 3934 413 3965 ²
427 3950 435 3980 ι
450 3932 508 3983 Car.
524 3951 557 3994 rr,
569 3935 605 3982 ab.
