2744 4624
233 239 273 300 52
678 245 820 289 oniensis

232 405 244 438 s
261 388 310 439 tus
326 369 552 460 prophetarum
569 363 732 452 prophetis
747 365 909 453 subjectus
924 365 1029 441 est¹,s
1045 363 1160 433 Patulus
1175 367 1265 456 Apo*
1351 374 1363 438 l

233 481 343 555 stolus,
361 479 413 566 qui
430 499 486 564 per
501 474 645 563 spiritum
664 473 787 562 (credo)
802 474 956 540 didicerat
971 475 1048 562 quid
1063 476 1173 551 animi,
1186 479 1263 565 quid

232 589 353 659 consilii
362 586 523 655 Abraham
535 586 677 673 gesserit,
689 584 839 650 indicavit
848 585 956 650 dicens
970 608 978 648 a
992 585 1091 651 «Fide
1100 587 1264 653 Abraham

232 724 324 766 »non
340 697 506 771 haesitavit,
524 718 598 760 cum
616 695 745 759 unicum
762 692 891 759 oll'erret
906 695 938 759 in
953 718 1016 781 quo
1033 709 1201 784 occeperat
1217 719 1266 762 rc·

232 823 248 874 u'
260 807 496 898 promissiones,
515 805 656 891 cogitans
674 802 747 890 quia
768 811 801 866 et
822 825 839 866 a
863 803 995 867 mortuis
1014 826 1089 868 cum
1112 806 1267 872 suscitare

232 930 370 1007 »potens
388 927 437 979 est
452 913 536 978 Deus
550 910 572 975 ².
584 940 597 972 s
610 911 753 976 Prodidit
774 934 849 999 crgo
868 912 960 976 nobis
981 914 1189 1002 cogitationes
1205 915 1265 980 viri

1352 486 1367 547 a

1354 619 1367 680 l

231 1025 333 1093 fidelis
348 1020 532 1112 Apostolus,
545 1020 631 1108 quod
646 1019 724 1085 fides
739 1020 979 1086 resurrectionis
991 1021 1056 1107 jam
1071 1013 1144 1087 tum⁴
1154 1022 1265 1089 baberi
1365 1061 1367 1088 i

231 1133 363 1223 coeperit
381 1132 413 1197 in
437 1131 533 1196 issac.
561 1129 721 1195 Abrabam
743 1151 819 1216 ergo
839 1141 1094 1195 resurrecturum
1117 1134 1266 1220 sperabat
1361 1171 1364 1200 t

233 1245 332 1317 lsaac,
348 1252 381 1305 et
404 1239 554 1304 credebat
569 1237 712 1302 loturum
735 1238 822 1325 quod
838 1237 944 1304 adhuc
962 1261 1026 1304 non
1044 1253 1113 1304 erat
1130 1242 1261 1308 factum.
1345 1270 1349 1295 =

234 1350 404 1433 Quomodo
426 1370 501 1436 orgo
524 1345 580 1411 filii
602 1359 675 1411 sunt
700 1345 873 1422 Abrabam,
894 1347 947 1435 qui
966 1349 1086 1414 sactum
1105 1370 1169 1416 non
1191 1374 1266 1417 crea
1366 1415 1367 1425 ,

232 1464 312 1527 dunt
332 1462 365 1526 in
382 1458 507 1524 Christo
524 1457 609 1544 quod
629 1455 681 1521 ille
697 1456 839 1521 loturum
857 1458 992 1523 credidit
1008 1458 1039 1522 in
1056 1459 1167 1525 Isaac?
1182 1462 1264 1540 lmo‚

231 1585 265 1656 ut
281 1569 419 1659 apertius
437 1566 561 1660 loquar,
578 1564 698 1629 sciebat
716 1564 750 1628 in
768 1589 801 1630 se
814 1565 974 1631 Abraham
996 1566 1109 1633 suturae
1126 1571 1264 1636 veritatis

233 1681 401 1769 imaginem
425 1674 632 1766 praelormuri‚
651 1675 770 1739 sciebat
789 1675 828 1740 dc
851 1675 970 1741 semine
989 1699 1047 1742 suo
1068 1679 1259 1744 nasciturum

234 1791 408 1863 Christum,
427 1786 480 1874 qui
496 1797 528 1849 ct
543 1783 724 1850 offerendus
739 1795 821 1848 essct
836 1784 933 1848 totius
950 1785 1059 1851 mundi
1077 1787 1179 1852 verior
1191 1787 1262 1852 hos·
1291 1849 1295 1855 ,
1363 1797 1367 1815 '

231 1901 288 1975 tia,
301 1913 334 1964 et
345 1906 582 1963 resurrecturus
598 1917 615 1957 a
631 1893 775 1957 mortuis.

275 2009 316 2076 ll.
332 2006 395 2072 Sed
414 2027 500 2070 nunc
521 2004 647 2068 interim
665 2004 844 2078 «tentabat,
857 2006 981 2091 iuquit,
1001 2007 1086 2074 Deus
1101 2010 1264 2076 Abrabam

231 2149 244 2182 ι
261 2132 293 2184 et
309 2118 386 2183 dicit
401 2114 442 2180 ad
456 2136 529 2178 eum
544 2136 551 2176 :
565 2112 683 2200 Accipe
702 2111 804 2178 filium
821 2123 912 2179 tuum
927 2117 1147 2183 charissimum
1163 2141 1262 2206 quem

233 2259 245 2290 ι
262 2227 363 2316 diligis
374 2224 419 2288 ’.ι
434 2223 504 2290 Nou
515 2220 776 2287 enimsullecerat
787 2222 901 2288 dixisse
912 2225 1038 2312 filium,
1051 2226 1106 2294 sed
1117 2226 1266 2314 adjicitur

231 2351 263 2404 et
275 2335 517 2400 charissimum.
533 2333 608 2395 Esto
626 2341 658 2394 et
669 2330 751 2395 hoc:
767 2330 842 2419 quid
855 2333 960 2398 adhuc
972 2336 1099 2400 additur
1117 2348 1148 2400 et
1166 2361 1265 2421 quens

231 2445 369 2535 diligis?
390 2441 452 2506 Sed
470 2439 541 2504 vide
567 2440 746 2505 tentationis
770 2443 904 2529 pondus.
931 2443 1041 2507 Charis
1063 2453 1095 2507 ct
1117 2442 1265 2511 dulcibus

232 2541 495 2642 appellationibus
514 2549 630 2612 iterum
643 2571 680 2614 ac
696 2571 779 2636 saepo
798 2551 951 2636 repetitis,
971 2551 1093 2637 paterni
1106 2553 1264 2619 suscitan-

231 2679 283 2730 tur
294 2662 440 2734 allectus,
453 2671 489 2722 ut
504 2658 619 2722 amoris
630 2656 796 2746 evigilante
809 2659 958 2723 memoria
972 2660 1011 2722 ad
1032 2658 1262 2727 immolandum

229 2772 328 2839 fitium
341 2780 470 2858 paterna
480 2767 605 2832 dexteru
619 2768 844 2838 retardaretur,
854 2780 886 2831 et
898 2767 1046 2831 adversus
1056 2767 1151 2832 iidem
1164 2771 1260 2834 animi

229 2893 293 2944 toto
308 2877 411 2943 carnis
423 2875 532 2941 militia
544 2885 748 2962 repugnaret,
760 2874 887 2938 additur
899 2876 1080 2940 tentationis
1093 2887 1235 2964 ternpore
1250 2903 1259 2942 ε

237 2990 397 3076 «Accipe,
414 2986 538 3072 iuquit,
554 3008 630 3072 ergo
646 2983 747 3048 filium
762 2994 853 3047 tuum
871 2984 1090 3052 charissimum
1105 3011 1199 3076 quem
1217 2989 1263 3053 di-

146 3114 148 3118 ’
230 3096 458 3186 uligis,·lsauc.
480 3095 594 3166 »Esto
620 3091 767 3166 Domine,
790 3093 862 3180 quia
884 3117 1114 3162 commemoras
1134 3101 1173 3164 de
1195 3098 1263 3166 filio

229 3221 364 3298 putrem,
388 3205 481 3292 addis
500 3213 534 3267 et
554 3201 800 3276 charissimum,
828 3227 923 3290 quem
948 3208 1091 3296 praecipis
1110 3209 1257 3299 jugulari.

230 3317 373 3384 Sufficiat
383 3315 446 3379 hoc
457 3312 498 3378 ad
518 3309 709 3398 supplicium
721 3313 827 3397 putris.
843 3313 941 3379 Addis
957 3311 1096 3392 rursusi,
1117 3332 1262 3404 atquem

228 3427 350 3516 diligis.
378 3423 448 3488 Sint
470 3434 502 3486 et
523 3422 555 3484 in
577 3419 639 3484 hoc
662 3421 784 3506 parenti
806 3421 961 3511 triplicata
985 3425 1149 3514 supplicia.
1174 3429 1262 3506 Quid

228 3559 307 3626 opus
324 3546 371 3600 est
387 3532 493 3597 adhuc
513 3540 548 3592 ut
567 3551 797 3595 commemores
814 3543 847 3596 et
864 3533 988 3600 Isaac?
1008 3537 1169 3623 Numquid
1187 3561 1261 3603 nes-

229 3647 333 3710 ciebat
345 3640 505 3708 Abraham
518 3637 588 3724 quio
602 3637 685 3702 silius
704 3663 778 3704 suus
799 3641 849 3707 ille
863 3643 1077 3721 charissimus,
1094 3645 1146 3711 ille
1165 3670 1260 3732 quem

163 3810 166 3817 .
229 3752 390 3840 diligebat,
401 3750 487 3813 lsuac
497 3760 663 3811 vocaretur
672 3749 686 3812 l
695 3749 759 3814 Sed
771 3773 829 3816 cur
841 3753 903 3818 hoc
913 3754 1041 3818 additur
1051 3756 1083 3819 in
1096 3758 1262 3842 temporat

262 3877 995 3948 tucos.uv‚3u.-²ttub.n.17.-Gun.sxu,1‚2.
