<?xml version="1.0" encoding="UTF-8"?>
<!DOCTYPE html PUBLIC "-//W3C//DTD XHTML 1.0 Transitional//EN"
    "http://www.w3.org/TR/xhtml1/DTD/xhtml1-transitional.dtd">
<html xmlns="http://www.w3.org/1999/xhtml" xml:lang="en" lang="en">
 <head>
  <title>
</title>
<meta http-equiv="Content-Type" content="text/html;charset=utf-8" />
  <meta name='ocr-system' content='tesseract 3.04.00' />
  <meta name='ocr-capabilities' content='ocr_page ocr_carea ocr_par ocr_line ocrx_word'/>
</head>
<body>
  <div class='ocr_page' id='page_1' title='image "./collectioselect01guilgoog_1098.png"; bbox 0 0 2644 4612; ppageno 0'>
   <div class='ocr_carea' id='block_1_1' title="bbox 234 199 825 264">
    <p class='ocr_par' dir='ltr' id='par_1_1' title="bbox 234 199 825 264">
     <span class='ocr_line' id='line_1_1' title="bbox 234 199 825 264; baseline -0.002 -2"><span class='ocrx_word' id='word_1_1' title='bbox 234 199 296 264; x_wconf 78' lang='lat'><strong>550</strong></span> <span class='ocrx_word' id='word_1_2' title='bbox 683 219 825 264; x_wconf 80' lang='lat' dir='ltr'><strong>caremus</strong></span> 
     </span>
    </p>
   </div>
   <div class='ocr_carea' id='block_1_2' title="bbox 163 342 1213 3762">
    <p class='ocr_par' dir='ltr' id='par_1_2' title="bbox 163 342 1205 1724">
     <span class='ocr_line' id='line_1_2' title="bbox 230 342 1204 432; baseline -0.001 -23"><span class='ocrx_word' id='word_1_3' title='bbox 230 366 287 432; x_wconf 90' lang='lat' dir='ltr'><strong>per</strong></span> <span class='ocrx_word' id='word_1_4' title='bbox 298 344 360 408; x_wconf 89' lang='lat' dir='ltr'><strong>hoc</strong></span> <span class='ocrx_word' id='word_1_5' title='bbox 371 342 491 410; x_wconf 84' lang='lat' dir='ltr'><strong>nullum</strong></span> <span class='ocrx_word' id='word_1_6' title='bbox 503 365 571 408; x_wconf 84' lang='lat' dir='ltr'><strong>esse</strong></span> <span class='ocrx_word' id='word_1_7' title='bbox 582 343 790 414; x_wconf 87' lang='lat' dir='ltr'><strong>substantiam</strong></span> <span class='ocrx_word' id='word_1_8' title='bbox 805 345 1013 432; x_wconf 75' lang='lat' dir='ltr'><strong>peccatorum</strong></span> <span class='ocrx_word' id='word_1_9' title='bbox 1022 344 1083 410; x_wconf 91' lang='lat' dir='ltr'><strong>Non</strong></span> <span class='ocrx_word' id='word_1_10' title='bbox 1092 346 1204 409; x_wconf 84' lang='lat' dir='ltr'><strong>eninde</strong></span> 
     </span>
     <span class='ocr_line' id='line_1_3' title="bbox 231 450 1204 540; baseline 0.001 -23"><span class='ocrx_word' id='word_1_11' title='bbox 231 451 369 517; x_wconf 89' lang='lat' dir='ltr'><strong>cidentia</strong></span> <span class='ocrx_word' id='word_1_12' title='bbox 378 452 418 518; x_wconf 96' lang='lat' dir='ltr'><strong>de</strong></span> <span class='ocrx_word' id='word_1_13' title='bbox 425 451 555 518; x_wconf 88' lang='lat' dir='ltr'><strong>homine</strong></span> <span class='ocrx_word' id='word_1_14' title='bbox 564 451 636 516; x_wconf 85' lang='lat' dir='ltr'><strong>vitia</strong></span> <span class='ocrx_word' id='word_1_15' title='bbox 647 451 687 516; x_wconf 87' lang='lat' dir='ltr'><strong>ad</strong></span> <span class='ocrx_word' id='word_1_16' title='bbox 695 450 833 538; x_wconf 85' lang='lat' dir='ltr'><strong>aliquam</strong></span> <span class='ocrx_word' id='word_1_17' title='bbox 841 450 931 518; x_wconf 81' lang='lat' dir='ltr'><strong>aliam</strong></span> <span class='ocrx_word' id='word_1_18' title='bbox 939 452 1204 540; x_wconf 82' lang='lat' dir='ltr'><strong>substantiempecca·</strong></span> 
     </span>
     <span class='ocr_line' id='line_1_4' title="bbox 231 558 1205 648; baseline 0.002 -24"><span class='ocrx_word' id='word_1_19' title='bbox 231 571 338 624; x_wconf 90' lang='lat' dir='ltr'><strong>tornm</strong></span> <span class='ocrx_word' id='word_1_20' title='bbox 346 571 592 648; x_wconf 83' lang='lat' dir='ltr'><strong>congregantur,</strong></span> <span class='ocrx_word' id='word_1_21' title='bbox 600 558 656 624; x_wconf 89' lang='lat' dir='ltr'><strong>sed</strong></span> <span class='ocrx_word' id='word_1_22' title='bbox 663 559 722 624; x_wconf 88' lang='lat' dir='ltr'><strong>sibi</strong></span> <span class='ocrx_word' id='word_1_23' title='bbox 732 560 862 634; x_wconf 88' lang='lat' dir='ltr'><strong>abeunt,</strong></span> <span class='ocrx_word' id='word_1_24' title='bbox 871 572 902 624; x_wconf 91' lang='lat' dir='ltr'><strong>et</strong></span> <span class='ocrx_word' id='word_1_25' title='bbox 913 559 944 623; x_wconf 91' lang='lat' dir='ltr'><strong>iu</strong></span> <span class='ocrx_word' id='word_1_26' title='bbox 953 560 1099 646; x_wconf 84' lang='lat' dir='ltr'><strong>semetipsa</strong></span> <span class='ocrx_word' id='word_1_27' title='bbox 1106 558 1205 626; x_wconf 81' lang='lat' dir='ltr'><strong>resoluta</strong></span> 
     </span>
     <span class='ocr_line' id='line_1_5' title="bbox 163 664 1204 755; baseline -0.002 -23"><span class='ocrx_word' id='word_1_28' title='bbox 163 715 168 724; x_wconf 78' lang='lat'>·</span> <span class='ocrx_word' id='word_1_29' title='bbox 230 684 440 742; x_wconf 78' lang='lat' dir='ltr'><strong>evanescunt,</strong></span> <span class='ocrx_word' id='word_1_30' title='bbox 463 679 556 753; x_wconf 81' lang='lat' dir='ltr'><strong>utque</strong></span> <span class='ocrx_word' id='word_1_31' title='bbox 579 667 611 731; x_wconf 94' lang='lat' dir='ltr'><strong>in</strong></span> <span class='ocrx_word' id='word_1_32' title='bbox 635 664 769 732; x_wconf 89' lang='lat' dir='ltr'><strong>nibilum</strong></span> <span class='ocrx_word' id='word_1_33' title='bbox 792 667 983 755; x_wconf 79' lang='lat' dir='ltr'><strong>rediguntur.</strong></span> <span class='ocrx_word' id='word_1_34' title='bbox 1007 668 1042 732; x_wconf 88' lang='lat' dir='ltr'><strong>Et</strong></span> <span class='ocrx_word' id='word_1_35' title='bbox 1061 666 1121 732; x_wconf 89' lang='lat' dir='ltr'><strong>ideo</strong></span> <span class='ocrx_word' id='word_1_36' title='bbox 1138 667 1204 742; x_wconf 74' lang='lat' dir='ltr'><strong>dixit,</strong></span> 
     </span>
     <span class='ocr_line' id='line_1_6' title="bbox 240 773 1204 863; baseline 0.004 -29"><span class='ocrx_word' id='word_1_37' title='bbox 240 802 252 834; x_wconf 77' lang='grc' dir='ltr'><strong>α</strong></span> <span class='ocrx_word' id='word_1_38' title='bbox 264 775 336 863; x_wconf 92' lang='lat' dir='ltr'><strong>quia</strong></span> <span class='ocrx_word' id='word_1_39' title='bbox 349 775 425 840; x_wconf 91' lang='lat' dir='ltr'><strong>abiit</strong></span> <span class='ocrx_word' id='word_1_40' title='bbox 437 775 507 839; x_wconf 91' lang='lat' dir='ltr'><strong>sibi.</strong></span> <span class='ocrx_word' id='word_1_41' title='bbox 519 773 592 838; x_wconf 76' lang='lat' dir='ltr'><strong>»Fit</strong></span> <span class='ocrx_word' id='word_1_42' title='bbox 604 797 680 862; x_wconf 80' lang='lat' dir='ltr'><strong>ergo</strong></span> <span class='ocrx_word' id='word_1_43' title='bbox 692 773 898 861; x_wconf 73' lang='lat' dir='ltr'><strong>tranquillitas</strong></span> <span class='ocrx_word' id='word_1_44' title='bbox 910 775 1032 850; x_wconf 73' lang='lat' dir='ltr'><strong>anime,</strong></span> <span class='ocrx_word' id='word_1_45' title='bbox 1044 775 1204 862; x_wconf 85' lang='lat' dir='ltr'><strong>apparenteei</strong></span> 
     </span>
     <span class='ocr_line' id='line_1_7' title="bbox 230 880 1204 969; baseline 0 -21"><span class='ocrx_word' id='word_1_46' title='bbox 230 883 327 948; x_wconf 87' lang='lat' dir='ltr'><strong>verbo</strong></span> <span class='ocrx_word' id='word_1_47' title='bbox 338 882 415 957; x_wconf 86' lang='lat' dir='ltr'><strong>Dei,</strong></span> <span class='ocrx_word' id='word_1_48' title='bbox 426 893 459 946; x_wconf 92' lang='lat' dir='ltr'><strong>et</strong></span> <span class='ocrx_word' id='word_1_49' title='bbox 470 893 613 946; x_wconf 77' lang='lat' dir='ltr'><strong>cessante</strong></span> <span class='ocrx_word' id='word_1_50' title='bbox 623 893 770 969; x_wconf 87' lang='lat' dir='ltr'><strong>peccato;</strong></span> <span class='ocrx_word' id='word_1_51' title='bbox 786 894 819 946; x_wconf 90' lang='lat' dir='ltr'><strong>et</strong></span> <span class='ocrx_word' id='word_1_52' title='bbox 829 882 872 946; x_wconf 85' lang='lat' dir='ltr'><strong>ita</strong></span> <span class='ocrx_word' id='word_1_53' title='bbox 884 881 1010 962; x_wconf 87' lang='lat' dir='ltr'><strong>demum</strong></span> <span class='ocrx_word' id='word_1_54' title='bbox 1021 880 1135 947; x_wconf 87' lang='lat' dir='ltr'><strong>florente</strong></span> <span class='ocrx_word' id='word_1_55' title='bbox 1144 884 1204 948; x_wconf 83' lang='lat' dir='ltr'><strong>rina</strong></span> 
     </span>
     <span class='ocr_line' id='line_1_8' title="bbox 229 990 1204 1079; baseline 0 -23"><span class='ocrx_word' id='word_1_56' title='bbox 229 990 383 1079; x_wconf 77' lang='lat' dir='ltr'><strong>incipient,</strong></span> <span class='ocrx_word' id='word_1_57' title='bbox 396 990 528 1056; x_wconf 85' lang='lat' dir='ltr'><strong>virtutes</strong></span> <span class='ocrx_word' id='word_1_58' title='bbox 544 1000 638 1076; x_wconf 90' lang='lat' dir='ltr'><strong>atque</strong></span> <span class='ocrx_word' id='word_1_59' title='bbox 656 991 785 1055; x_wconf 85' lang='lat' dir='ltr'><strong>arbusta</strong></span> <span class='ocrx_word' id='word_1_60' title='bbox 801 992 959 1056; x_wconf 84' lang='lat' dir='ltr'><strong>bonorum</strong></span> <span class='ocrx_word' id='word_1_61' title='bbox 973 1011 1090 1079; x_wconf 90' lang='lat' dir='ltr'><strong>opernm</strong></span> <span class='ocrx_word' id='word_1_62' title='bbox 1108 991 1204 1056; x_wconf 86' lang='lat' dir='ltr'><strong>iructun</strong></span> 
     </span>
     <span class='ocr_line' id='line_1_9' title="bbox 186 1096 1204 1191; baseline 0.002 -30"><span class='ocrx_word' id='word_1_63' title='bbox 186 1183 190 1191; x_wconf 22' lang='lat'>⁸</span> <span class='ocrx_word' id='word_1_64' title='bbox 229 1097 414 1187; x_wconf 81' lang='lat' dir='ltr'><strong>germinare.</strong></span> <span class='ocrx_word' id='word_1_65' title='bbox 436 1096 501 1162; x_wconf 90' lang='lat' dir='ltr'><strong>Sed</strong></span> <span class='ocrx_word' id='word_1_66' title='bbox 517 1120 602 1162; x_wconf 90' lang='lat' dir='ltr'><strong>nnnc</strong></span> <span class='ocrx_word' id='word_1_67' title='bbox 618 1097 735 1162; x_wconf 89' lang='lat' dir='ltr'><strong>iterum</strong></span> <span class='ocrx_word' id='word_1_68' title='bbox 754 1097 899 1164; x_wconf 88' lang='lat' dir='ltr'><strong>Christus</strong></span> <span class='ocrx_word' id='word_1_69' title='bbox 918 1097 986 1163; x_wconf 75' lang='lat' dir='ltr'><strong>baec</strong></span> <span class='ocrx_word' id='word_1_70' title='bbox 999 1097 1120 1185; x_wconf 88' lang='lat' dir='ltr'><strong>loquitur</strong></span> <span class='ocrx_word' id='word_1_71' title='bbox 1134 1099 1204 1163; x_wconf 79' lang='lat' dir='ltr'><strong>adiio</strong></span> 
     </span>
     <span class='ocr_line' id='line_1_10' title="bbox 228 1203 1202 1294; baseline -0.001 -23"><span class='ocrx_word' id='word_1_72' title='bbox 228 1205 355 1271; x_wconf 86' lang='lat' dir='ltr'><strong>ciesiam</strong></span> <span class='ocrx_word' id='word_1_73' title='bbox 366 1254 375 1280; x_wconf 90' lang='lat'><strong><em>‚</em></strong></span> <span class='ocrx_word' id='word_1_74' title='bbox 388 1206 462 1272; x_wconf 92' lang='lat' dir='ltr'><strong>etin</strong></span> <span class='ocrx_word' id='word_1_75' title='bbox 475 1206 548 1270; x_wconf 86' lang='lat' dir='ltr'><strong>anni</strong></span> <span class='ocrx_word' id='word_1_76' title='bbox 559 1203 717 1272; x_wconf 90' lang='lat' dir='ltr'><strong>circulum</strong></span> <span class='ocrx_word' id='word_1_77' title='bbox 728 1229 825 1271; x_wconf 90' lang='lat' dir='ltr'><strong>omne</strong></span> <span class='ocrx_word' id='word_1_78' title='bbox 836 1208 997 1294; x_wconf 75' lang='lat' dir='ltr'><strong>praesentis</strong></span> <span class='ocrx_word' id='word_1_79' title='bbox 1009 1204 1101 1272; x_wconf 81' lang='lat' dir='ltr'><strong>seculi</strong></span> <span class='ocrx_word' id='word_1_80' title='bbox 1112 1206 1202 1294; x_wconf 82' lang='lat' dir='ltr'><strong>spatim</strong></span> 
     </span>
     <span class='ocr_line' id='line_1_11' title="bbox 228 1312 1200 1403; baseline -0.001 -25"><span class='ocrx_word' id='word_1_81' title='bbox 228 1313 329 1402; x_wconf 86' lang='lat' dir='ltr'><strong>ponit.</strong></span> <span class='ocrx_word' id='word_1_82' title='bbox 344 1314 384 1378; x_wconf 90' lang='lat' dir='ltr'><strong>Et</strong></span> <span class='ocrx_word' id='word_1_83' title='bbox 396 1335 453 1402; x_wconf 91' lang='lat' dir='ltr'><strong>per</strong></span> <span class='ocrx_word' id='word_1_84' title='bbox 465 1314 615 1400; x_wconf 78' lang='lat' dir='ltr'><strong>hyemem</strong></span> <span class='ocrx_word' id='word_1_85' title='bbox 629 1313 760 1399; x_wconf 89' lang='lat' dir='ltr'><strong>quidem</strong></span> <span class='ocrx_word' id='word_1_86' title='bbox 775 1312 856 1380; x_wconf 89' lang='lat' dir='ltr'><strong>iilud</strong></span> <span class='ocrx_word' id='word_1_87' title='bbox 868 1314 987 1381; x_wconf 88' lang='lat' dir='ltr'><strong>indicat</strong></span> <span class='ocrx_word' id='word_1_88' title='bbox 1001 1315 1200 1403; x_wconf 82' lang='lat' dir='ltr'><strong>tempus‚inqnt</strong></span> 
     </span>
     <span class='ocr_line' id='line_1_12' title="bbox 228 1419 1196 1509; baseline -0.003 -22"><span class='ocrx_word' id='word_1_89' title='bbox 228 1419 278 1487; x_wconf 82' lang='lat' dir='ltr'><strong>rel</strong></span> <span class='ocrx_word' id='word_1_90' title='bbox 289 1419 452 1509; x_wconf 75' lang='lat' dir='ltr'><strong>AEgy&#39;ptios</strong></span> <span class='ocrx_word' id='word_1_91' title='bbox 464 1419 585 1508; x_wconf 84' lang='lat' dir='ltr'><strong>grando</strong></span> <span class='ocrx_word' id='word_1_92' title='bbox 596 1431 629 1484; x_wconf 86' lang='lat' dir='ltr'><strong>ct</strong></span> <span class='ocrx_word' id='word_1_93' title='bbox 641 1421 784 1485; x_wconf 79' lang='lat' dir='ltr'><strong>turbines</strong></span> <span class='ocrx_word' id='word_1_94' title='bbox 795 1443 834 1486; x_wconf 88' lang='lat' dir='ltr'><strong>ac</strong></span> <span class='ocrx_word' id='word_1_95' title='bbox 846 1421 968 1509; x_wconf 78' lang='lat' dir='ltr'><strong>relique</strong></span> <span class='ocrx_word' id='word_1_96' title='bbox 979 1420 1080 1487; x_wconf 88' lang='lat' dir='ltr'><strong>decern</strong></span> <span class='ocrx_word' id='word_1_97' title='bbox 1093 1419 1196 1509; x_wconf 72' lang='lat' dir='ltr'><strong>pirgum</strong></span> 
     </span>
     <span class='ocr_line' id='line_1_13' title="bbox 228 1525 1193 1626; baseline -0.007 -31"><span class='ocrx_word' id='word_1_98' title='bbox 228 1530 360 1626; x_wconf 83' lang='lat' dir='ltr'><strong>verbera</strong></span> <span class='ocrx_word' id='word_1_99' title='bbox 367 1526 568 1617; x_wconf 81' lang='lat' dir='ltr'><strong>flagellabant</strong></span> <span class='ocrx_word' id='word_1_100' title='bbox 579 1551 587 1592; x_wconf 74' lang='grc' dir='ltr'><strong>ε</strong></span> <span class='ocrx_word' id='word_1_101' title='bbox 599 1526 647 1592; x_wconf 90' lang='lat' dir='ltr'><strong>vei</strong></span> <span class='ocrx_word' id='word_1_102' title='bbox 657 1550 732 1594; x_wconf 88' lang='lat' dir='ltr'><strong>cum</strong></span> <span class='ocrx_word' id='word_1_103' title='bbox 741 1529 864 1595; x_wconf 85' lang='lat' dir='ltr'><strong>diversa</strong></span> <span class='ocrx_word' id='word_1_104' title='bbox 874 1528 958 1596; x_wconf 86' lang='lat' dir='ltr'><strong>bella</strong></span> <span class='ocrx_word' id='word_1_105' title='bbox 967 1525 1193 1618; x_wconf 77' lang='lat' dir='ltr'><strong>perierebetbnd:</strong></span> 
     </span>
     <span class='ocr_line' id='line_1_14' title="bbox 228 1633 1191 1724; baseline -0.002 -24"><span class='ocrx_word' id='word_1_106' title='bbox 228 1634 278 1700; x_wconf 88' lang='lat' dir='ltr'><strong>vel</strong></span> <span class='ocrx_word' id='word_1_107' title='bbox 289 1635 384 1700; x_wconf 90' lang='lat' dir='ltr'><strong>etiam</strong></span> <span class='ocrx_word' id='word_1_108' title='bbox 396 1657 469 1700; x_wconf 90' lang='lat' dir='ltr'><strong>cum</strong></span> <span class='ocrx_word' id='word_1_109' title='bbox 480 1635 538 1724; x_wconf 91' lang='lat' dir='ltr'><strong>ipsi</strong></span> <span class='ocrx_word' id='word_1_110' title='bbox 547 1633 703 1702; x_wconf 85' lang='lat' dir='ltr'><strong>Salvatori</strong></span> <span class='ocrx_word' id='word_1_111' title='bbox 714 1635 846 1712; x_wconf 81' lang='lat' dir='ltr'><strong>restitit,</strong></span> <span class='ocrx_word' id='word_1_112' title='bbox 859 1648 894 1701; x_wconf 91' lang='lat' dir='ltr'><strong>et</strong></span> <span class='ocrx_word' id='word_1_113' title='bbox 902 1634 1112 1703; x_wconf 75' lang='lat' dir='ltr'><strong>incredulitatis</strong></span> <span class='ocrx_word' id='word_1_114' title='bbox 1120 1635 1191 1698; x_wconf 80' lang='lat' dir='ltr'><strong>tutin</strong></span> 
     </span>
    </p>

    <p class='ocr_par' dir='ltr' id='par_1_3' title="bbox 229 1740 1186 1831">
     <span class='ocr_line' id='line_1_15' title="bbox 229 1740 1186 1831; baseline -0.004 -24"><span class='ocrx_word' id='word_1_115' title='bbox 229 1755 413 1830; x_wconf 75' lang='lat' dir='ltr'><strong>correptus,</strong></span> <span class='ocrx_word' id='word_1_116' title='bbox 429 1741 591 1831; x_wconf 80' lang='lat' dir='ltr'><strong>naufragio</strong></span> <span class='ocrx_word' id='word_1_117' title='bbox 602 1741 677 1808; x_wconf 86' lang='lat' dir='ltr'><strong>iidei</strong></span> <span class='ocrx_word' id='word_1_118' title='bbox 689 1745 871 1808; x_wconf 86' lang='lat' dir='ltr'><strong>submersus</strong></span> <span class='ocrx_word' id='word_1_119' title='bbox 889 1756 949 1808; x_wconf 64' lang='lat' dir='ltr'><strong>esta</strong></span> <span class='ocrx_word' id='word_1_120' title='bbox 971 1744 1031 1809; x_wconf 91' lang='lat' dir='ltr'><strong>Ubi</strong></span> <span class='ocrx_word' id='word_1_121' title='bbox 1046 1766 1106 1831; x_wconf 73' lang='lat' dir='ltr'><strong>ergo</strong></span> <span class='ocrx_word' id='word_1_122' title='bbox 1117 1740 1186 1804; x_wconf 78' lang='lat' dir='ltr'><strong>dicun</strong></span> 
     </span>
    </p>

    <p class='ocr_par' dir='ltr' id='par_1_4' title="bbox 229 1847 1181 1938">
     <span class='ocr_line' id='line_1_16' title="bbox 229 1847 1181 1938; baseline 0.001 -23"><span class='ocrx_word' id='word_1_123' title='bbox 229 1849 345 1916; x_wconf 88' lang='lat' dir='ltr'><strong>delicto</strong></span> <span class='ocrx_word' id='word_1_124' title='bbox 354 1848 435 1916; x_wconf 88' lang='lat' dir='ltr'><strong>salus</strong></span> <span class='ocrx_word' id='word_1_125' title='bbox 443 1850 591 1938; x_wconf 81' lang='lat' dir='ltr'><strong>gentibus</strong></span> <span class='ocrx_word' id='word_1_126' title='bbox 600 1848 683 1917; x_wconf 85' lang='lat' dir='ltr'><strong>sacta</strong></span> <span class='ocrx_word' id='word_1_127' title='bbox 694 1863 757 1926; x_wconf 85' lang='lat' dir='ltr'><strong>est,</strong></span> <span class='ocrx_word' id='word_1_128' title='bbox 771 1863 862 1918; x_wconf 87' lang='lat' dir='ltr'><strong>vocat</strong></span> <span class='ocrx_word' id='word_1_129' title='bbox 874 1875 965 1918; x_wconf 86' lang='lat' dir='ltr'><strong>nnnc</strong></span> <span class='ocrx_word' id='word_1_130' title='bbox 976 1852 1018 1918; x_wconf 85' lang='lat' dir='ltr'><strong>nd</strong></span> <span class='ocrx_word' id='word_1_131' title='bbox 1030 1875 1062 1916; x_wconf 90' lang='lat' dir='ltr'><strong>se</strong></span> <span class='ocrx_word' id='word_1_132' title='bbox 1071 1847 1181 1916; x_wconf 65' lang='lat' dir='ltr'><strong>tuen.</strong></span> 
     </span>
    </p>

    <p class='ocr_par' dir='ltr' id='par_1_5' title="bbox 227 1958 1181 2048">
     <span class='ocr_line' id='line_1_17' title="bbox 227 1958 1181 2048; baseline -0.002 -25"><span class='ocrx_word' id='word_1_133' title='bbox 227 1960 365 2045; x_wconf 84' lang='lat' dir='ltr'><strong>dicitque</strong></span> <span class='ocrx_word' id='word_1_134' title='bbox 381 1958 409 2021; x_wconf 92' lang='lat' dir='ltr'><strong>ei</strong></span> <span class='ocrx_word' id='word_1_135' title='bbox 429 1981 436 2021; x_wconf 95' lang='lat'><strong>:</strong></span> <span class='ocrx_word' id='word_1_136' title='bbox 454 1979 591 2046; x_wconf 78' lang='lat' dir='ltr'><strong>exurge,</strong></span> <span class='ocrx_word' id='word_1_137' title='bbox 608 1970 640 2022; x_wconf 88' lang='lat' dir='ltr'><strong>et</strong></span> <span class='ocrx_word' id='word_1_138' title='bbox 658 1959 727 2023; x_wconf 80' lang='lat' dir='ltr'><strong>veni</strong></span> <span class='ocrx_word' id='word_1_139' title='bbox 742 1959 863 2035; x_wconf 87' lang='lat' dir='ltr'><strong>adme,</strong></span> <span class='ocrx_word' id='word_1_140' title='bbox 876 1961 952 2048; x_wconf 82' lang='lat' dir='ltr'><strong>quie</strong></span> <span class='ocrx_word' id='word_1_141' title='bbox 969 1961 1035 2048; x_wconf 89' lang='lat' dir='ltr'><strong>jam</strong></span> <span class='ocrx_word' id='word_1_142' title='bbox 1051 1959 1181 2046; x_wconf 58' lang='lat' dir='ltr'><strong>hyenae</strong></span> 
     </span>
    </p>

    <p class='ocr_par' dir='ltr' id='par_1_6' title="bbox 229 2061 1187 2156">
     <span class='ocr_line' id='line_1_18' title="bbox 229 2061 1187 2156; baseline -0.003 -25"><span class='ocrx_word' id='word_1_143' title='bbox 229 2065 400 2131; x_wconf 88' lang='lat' dir='ltr'><strong>submersit</strong></span> <span class='ocrx_word' id='word_1_144' title='bbox 422 2063 622 2140; x_wconf 88' lang='lat' dir='ltr'><strong>incredulos,</strong></span> <span class='ocrx_word' id='word_1_145' title='bbox 650 2077 682 2130; x_wconf 92' lang='lat' dir='ltr'><strong>et</strong></span> <span class='ocrx_word' id='word_1_146' title='bbox 709 2089 764 2130; x_wconf 87' lang='lat' dir='ltr'><strong>vos</strong></span> <span class='ocrx_word' id='word_1_147' title='bbox 790 2067 823 2132; x_wconf 92' lang='lat' dir='ltr'><strong>in</strong></span> <span class='ocrx_word' id='word_1_148' title='bbox 852 2068 1033 2156; x_wconf 82' lang='lat' dir='ltr'><strong>ignorantia</strong></span> <span class='ocrx_word' id='word_1_149' title='bbox 1053 2061 1187 2154; x_wconf 78' lang='lat' dir='ltr'><strong>reprimit.</strong></span> 
     </span>
    </p>

    <p class='ocr_par' dir='ltr' id='par_1_7' title="bbox 228 2169 1192 2261">
     <span class='ocr_line' id='line_1_19' title="bbox 228 2169 1192 2261; baseline -0.009 -24"><span class='ocrx_word' id='word_1_150' title='bbox 228 2171 387 2237; x_wconf 80' lang='lat' dir='ltr'><strong>abscessit.</strong></span> <span class='ocrx_word' id='word_1_151' title='bbox 406 2171 516 2238; x_wconf 89' lang='lat' dir='ltr'><strong>Sedet</strong></span> <span class='ocrx_word' id='word_1_152' title='bbox 536 2169 640 2259; x_wconf 87' lang='lat' dir='ltr'><strong>pluvia</strong></span> <span class='ocrx_word' id='word_1_153' title='bbox 655 2172 855 2258; x_wconf 84' lang='lat' dir='ltr'><strong>pertransiit,</strong></span> <span class='ocrx_word' id='word_1_154' title='bbox 872 2173 990 2249; x_wconf 84' lang='lat' dir='ltr'><strong>idest,</strong></span> <span class='ocrx_word' id='word_1_155' title='bbox 1007 2174 1066 2261; x_wconf 84' lang='lat' dir='ltr'><strong>jem</strong></span> <span class='ocrx_word' id='word_1_156' title='bbox 1084 2192 1128 2236; x_wconf 89' lang='lat' dir='ltr'><strong>non</strong></span> <span class='ocrx_word' id='word_1_157' title='bbox 1140 2185 1192 2230; x_wconf 86' lang='lat' dir='ltr'><strong>nu·</strong></span> 
     </span>
    </p>

    <p class='ocr_par' dir='ltr' id='par_1_8' title="bbox 180 2270 1213 3762">
     <span class='ocr_line' id='line_1_20' title="bbox 230 2270 1195 2369; baseline -0.011 -24"><span class='ocrx_word' id='word_1_158' title='bbox 230 2280 313 2345; x_wconf 85' lang='lat' dir='ltr'><strong>dabo</strong></span> <span class='ocrx_word' id='word_1_159' title='bbox 329 2278 488 2354; x_wconf 88' lang='lat' dir='ltr'><strong>nubibus,</strong></span> <span class='ocrx_word' id='word_1_160' title='bbox 512 2277 673 2368; x_wconf 79' lang='lat' dir='ltr'><strong>prophetis</strong></span> <span class='ocrx_word' id='word_1_161' title='bbox 689 2277 831 2355; x_wconf 86' lang='lat' dir='ltr'><strong>scilicet,</strong></span> <span class='ocrx_word' id='word_1_162' title='bbox 848 2291 884 2344; x_wconf 89' lang='lat' dir='ltr'><strong>ut</strong></span> <span class='ocrx_word' id='word_1_163' title='bbox 898 2279 1014 2369; x_wconf 90' lang='lat' dir='ltr'><strong>pluant</strong></span> <span class='ocrx_word' id='word_1_164' title='bbox 1029 2270 1195 2369; x_wconf 79' lang='lat' dir='ltr'><strong>pinrianruti</strong></span> 
     </span>
     <span class='ocr_line' id='line_1_21' title="bbox 228 2381 1199 2478; baseline -0.005 -24"><span class='ocrx_word' id='word_1_165' title='bbox 228 2411 322 2478; x_wconf 88' lang='lat' dir='ltr'><strong>super</strong></span> <span class='ocrx_word' id='word_1_166' title='bbox 334 2400 451 2452; x_wconf 88' lang='lat' dir='ltr'><strong>terras:</strong></span> <span class='ocrx_word' id='word_1_167' title='bbox 465 2386 520 2451; x_wconf 90' lang='lat' dir='ltr'><strong>sed</strong></span> <span class='ocrx_word' id='word_1_168' title='bbox 531 2387 596 2476; x_wconf 85' lang='lat' dir='ltr'><strong>ipse</strong></span> <span class='ocrx_word' id='word_1_169' title='bbox 610 2410 669 2452; x_wconf 86' lang='lat' dir='ltr'><strong>vox</strong></span> <span class='ocrx_word' id='word_1_170' title='bbox 680 2390 832 2464; x_wconf 88' lang='lat' dir='ltr'><strong>turturis,</strong></span> <span class='ocrx_word' id='word_1_171' title='bbox 845 2391 910 2456; x_wconf 88' lang='lat' dir='ltr'><strong>hoc</strong></span> <span class='ocrx_word' id='word_1_172' title='bbox 922 2402 971 2455; x_wconf 90' lang='lat' dir='ltr'><strong>est</strong></span> <span class='ocrx_word' id='word_1_173' title='bbox 982 2439 993 2466; x_wconf 84' lang='lat'>,</span> <span class='ocrx_word' id='word_1_174' title='bbox 1004 2390 1065 2478; x_wconf 78' lang='lat' dir='ltr'><strong>ipsa</strong></span> <span class='ocrx_word' id='word_1_175' title='bbox 1074 2381 1199 2470; x_wconf 72' lang='lat' dir='ltr'><strong>netepier</strong></span> 
     </span>
     <span class='ocr_line' id='line_1_22' title="bbox 230 2488 1201 2585; baseline -0.008 -24"><span class='ocrx_word' id='word_1_176' title='bbox 230 2497 274 2561; x_wconf 90' lang='lat' dir='ltr'><strong>tin</strong></span> <span class='ocrx_word' id='word_1_177' title='bbox 293 2493 440 2582; x_wconf 86' lang='lat' dir='ltr'><strong>loquetur</strong></span> <span class='ocrx_word' id='word_1_178' title='bbox 455 2494 487 2558; x_wconf 92' lang='lat' dir='ltr'><strong>in</strong></span> <span class='ocrx_word' id='word_1_179' title='bbox 504 2494 615 2569; x_wconf 89' lang='lat' dir='ltr'><strong>terris,</strong></span> <span class='ocrx_word' id='word_1_180' title='bbox 635 2505 668 2558; x_wconf 85' lang='lat' dir='ltr'><strong>et</strong></span> <span class='ocrx_word' id='word_1_181' title='bbox 687 2494 770 2560; x_wconf 84' lang='lat' dir='ltr'><strong>dicet</strong></span> <span class='ocrx_word' id='word_1_182' title='bbox 785 2519 792 2559; x_wconf 90' lang='lat'><strong>:</strong></span> <span class='ocrx_word' id='word_1_183' title='bbox 812 2496 881 2581; x_wconf 82' lang='lat' dir='ltr'><strong>Ipse</strong></span> <span class='ocrx_word' id='word_1_184' title='bbox 898 2497 953 2584; x_wconf 82' lang='lat' dir='ltr'><strong>qui</strong></span> <span class='ocrx_word' id='word_1_185' title='bbox 968 2488 1201 2585; x_wconf 78' lang='lat' dir='ltr'><strong>toqueboradsuu&#39;.</strong></span> 
     </span>
     <span class='ocr_line' id='line_1_23' title="bbox 230 2593 1205 2687; baseline -0.011 -20"><span class='ocrx_word' id='word_1_186' title='bbox 230 2598 340 2668; x_wconf 89' lang='lat' dir='ltr'><strong>Flores</strong></span> <span class='ocrx_word' id='word_1_187' title='bbox 351 2621 427 2687; x_wconf 76' lang='lat' dir='ltr'><strong>ergo</strong></span> <span class='ocrx_word' id='word_1_188' title='bbox 442 2598 641 2664; x_wconf 89' lang='lat' dir='ltr'><strong>credentium</strong></span> <span class='ocrx_word' id='word_1_189' title='bbox 657 2597 867 2686; x_wconf 87' lang='lat' dir='ltr'><strong>populorum,</strong></span> <span class='ocrx_word' id='word_1_190' title='bbox 884 2613 918 2666; x_wconf 88' lang='lat' dir='ltr'><strong>et</strong></span> <span class='ocrx_word' id='word_1_191' title='bbox 935 2603 1092 2667; x_wconf 89' lang='lat' dir='ltr'><strong>orientium</strong></span> <span class='ocrx_word' id='word_1_192' title='bbox 1103 2593 1205 2662; x_wconf 81' lang='lat' dir='ltr'><strong>eeclesia·</strong></span> 
     </span>
     <span class='ocr_line' id='line_1_24' title="bbox 230 2706 1206 2796; baseline -0.009 -22"><span class='ocrx_word' id='word_1_193' title='bbox 230 2733 302 2774; x_wconf 91' lang='lat' dir='ltr'><strong>rum</strong></span> <span class='ocrx_word' id='word_1_194' title='bbox 325 2718 540 2796; x_wconf 85' lang='lat' dir='ltr'><strong>apparuerunt</strong></span> <span class='ocrx_word' id='word_1_195' title='bbox 561 2706 593 2770; x_wconf 94' lang='lat' dir='ltr'><strong>in</strong></span> <span class='ocrx_word' id='word_1_196' title='bbox 617 2715 711 2770; x_wconf 87' lang='lat' dir='ltr'><strong>terra.</strong></span> <span class='ocrx_word' id='word_1_197' title='bbox 737 2706 802 2772; x_wconf 86' lang='lat' dir='ltr'><strong>Sed</strong></span> <span class='ocrx_word' id='word_1_198' title='bbox 823 2719 855 2771; x_wconf 88' lang='lat' dir='ltr'><strong>et</strong></span> <span class='ocrx_word' id='word_1_199' title='bbox 876 2710 1049 2796; x_wconf 88' lang='lat' dir='ltr'><strong>putationis</strong></span> <span class='ocrx_word' id='word_1_200' title='bbox 1066 2721 1159 2792; x_wconf 86' lang='lat' dir='ltr'><strong>tempus</strong></span> <span class='ocrx_word' id='word_1_201' title='bbox 1172 2721 1206 2788; x_wconf 81' lang='lat' dir='ltr'><strong>pu</strong></span> 
     </span>
     <span class='ocr_line' id='line_1_25' title="bbox 231 2797 1208 2902; baseline -0.006 -22"><span class='ocrx_word' id='word_1_202' title='bbox 231 2816 328 2880; x_wconf 84' lang='lat' dir='ltr'><strong>fidem</strong></span> <span class='ocrx_word' id='word_1_203' title='bbox 343 2837 423 2880; x_wconf 86' lang='lat' dir='ltr'><strong>meae</strong></span> <span class='ocrx_word' id='word_1_204' title='bbox 438 2797 587 2902; x_wconf 84' lang='lat' dir='ltr'><strong>passionis</strong></span> <span class='ocrx_word' id='word_1_205' title='bbox 599 2823 631 2876; x_wconf 90' lang='lat' dir='ltr'><strong>et</strong></span> <span class='ocrx_word' id='word_1_206' title='bbox 641 2814 881 2880; x_wconf 87' lang='lat' dir='ltr'><strong>resurrectionis</strong></span> <span class='ocrx_word' id='word_1_207' title='bbox 898 2816 1036 2882; x_wconf 83' lang='lat' dir='ltr'><strong>advenit.</strong></span> <span class='ocrx_word' id='word_1_208' title='bbox 1053 2816 1208 2901; x_wconf 72' lang='lat' dir='ltr'><strong>imputantur</strong></span> 
     </span>
     <span class='ocr_line' id='line_1_26' title="bbox 231 2914 1209 3006; baseline -0.011 -20"><span class='ocrx_word' id='word_1_209' title='bbox 231 2921 362 2986; x_wconf 88' lang='lat' dir='ltr'><strong>enimet</strong></span> <span class='ocrx_word' id='word_1_210' title='bbox 377 2929 546 2984; x_wconf 81' lang='lat' dir='ltr'><strong>execuntur</strong></span> <span class='ocrx_word' id='word_1_211' title='bbox 558 2917 596 2980; x_wconf 80' lang='lat' dir='ltr'><strong>ab</strong></span> <span class='ocrx_word' id='word_1_212' title='bbox 613 2914 794 2982; x_wconf 88' lang='lat' dir='ltr'><strong>hominibus</strong></span> <span class='ocrx_word' id='word_1_213' title='bbox 810 2935 962 3006; x_wconf 73' lang='lat' dir='ltr'><strong>peccate,</strong></span> <span class='ocrx_word' id='word_1_214' title='bbox 977 2945 1046 2987; x_wconf 91' lang='lat' dir='ltr'><strong>cum</strong></span> <span class='ocrx_word' id='word_1_215' title='bbox 1062 2914 1209 3004; x_wconf 75' lang='lat' dir='ltr'><strong>inbaptisnt</strong></span> 
     </span>
     <span class='ocr_line' id='line_1_27' title="bbox 233 3019 1210 3115; baseline -0.009 -21"><span class='ocrx_word' id='word_1_216' title='bbox 233 3030 372 3094; x_wconf 89' lang='lat' dir='ltr'><strong>donatur</strong></span> <span class='ocrx_word' id='word_1_217' title='bbox 397 3023 537 3088; x_wconf 86' lang='lat' dir='ltr'><strong>remissio</strong></span> <span class='ocrx_word' id='word_1_218' title='bbox 563 3035 780 3110; x_wconf 84' lang='lat' dir='ltr'><strong>peccatorum·</strong></span> <span class='ocrx_word' id='word_1_219' title='bbox 806 3025 876 3092; x_wconf 82' lang='lat' dir='ltr'><strong>Vox</strong></span> <span class='ocrx_word' id='word_1_220' title='bbox 904 3029 1032 3115; x_wconf 90' lang='lat' dir='ltr'><strong>quidem</strong></span> <span class='ocrx_word' id='word_1_221' title='bbox 1054 3023 1158 3090; x_wconf 87' lang='lat' dir='ltr'><strong>turturis</strong></span> <span class='ocrx_word' id='word_1_222' title='bbox 1177 3019 1210 3102; x_wconf 80' lang='lat' dir='ltr'><strong>(tt</strong></span> 
     </span>
     <span class='ocr_line' id='line_1_28' title="bbox 233 3125 1211 3224; baseline -0.01 -20"><span class='ocrx_word' id='word_1_223' title='bbox 233 3136 386 3217; x_wconf 81' lang='lat' dir='ltr'><strong>diximus)</strong></span> <span class='ocrx_word' id='word_1_224' title='bbox 405 3131 469 3219; x_wconf 86' lang='lat' dir='ltr'><strong>jam</strong></span> <span class='ocrx_word' id='word_1_225' title='bbox 486 3155 549 3196; x_wconf 91' lang='lat' dir='ltr'><strong>non</strong></span> <span class='ocrx_word' id='word_1_226' title='bbox 566 3155 623 3218; x_wconf 92' lang='lat' dir='ltr'><strong>per</strong></span> <span class='ocrx_word' id='word_1_227' title='bbox 639 3131 777 3199; x_wconf 83' lang='lat' dir='ltr'><strong>diversos</strong></span> <span class='ocrx_word' id='word_1_228' title='bbox 789 3135 979 3224; x_wconf 85' lang='lat' dir='ltr'><strong>prophetes,</strong></span> <span class='ocrx_word' id='word_1_229' title='bbox 992 3135 1044 3200; x_wconf 87' lang='lat' dir='ltr'><strong>sed</strong></span> <span class='ocrx_word' id='word_1_230' title='bbox 1054 3157 1103 3224; x_wconf 90' lang='lat' dir='ltr'><strong>per</strong></span> <span class='ocrx_word' id='word_1_231' title='bbox 1112 3154 1139 3196; x_wconf 88' lang='lat' dir='ltr'><strong>os</strong></span> <span class='ocrx_word' id='word_1_232' title='bbox 1148 3125 1211 3216; x_wconf 77' lang='lat' dir='ltr'><strong>ipsiu</strong></span> 
     </span>
     <span class='ocr_line' id='line_1_29' title="bbox 233 3238 1212 3333; baseline -0.008 -23"><span class='ocrx_word' id='word_1_233' title='bbox 233 3241 391 3333; x_wconf 84' lang='lat' dir='ltr'><strong>sepientiae</strong></span> <span class='ocrx_word' id='word_1_234' title='bbox 405 3239 464 3305; x_wconf 89' lang='lat' dir='ltr'><strong>Dei</strong></span> <span class='ocrx_word' id='word_1_235' title='bbox 480 3238 607 3305; x_wconf 84' lang='lat' dir='ltr'><strong>auditur</strong></span> <span class='ocrx_word' id='word_1_236' title='bbox 623 3239 772 3305; x_wconf 90' lang='lat' dir='ltr'><strong>interris.</strong></span> <span class='ocrx_word' id='word_1_237' title='bbox 792 3242 833 3306; x_wconf 87' lang='lat' dir='ltr'><strong>Et</strong></span> <span class='ocrx_word' id='word_1_238' title='bbox 851 3242 986 3310; x_wconf 88' lang='lat' dir='ltr'><strong>ficulnea</strong></span> <span class='ocrx_word' id='word_1_239' title='bbox 1006 3241 1153 3331; x_wconf 77' lang='lat' dir='ltr'><strong>germinat,</strong></span> <span class='ocrx_word' id='word_1_240' title='bbox 1169 3255 1212 3321; x_wconf 73' lang='lat' dir='ltr'><strong>qut</strong></span> 
     </span>
     <span class='ocr_line' id='line_1_30' title="bbox 233 3343 1212 3441; baseline -0.006 -26"><span class='ocrx_word' id='word_1_241' title='bbox 233 3360 337 3441; x_wconf 88' lang='lat' dir='ltr'><strong>potest</strong></span> <span class='ocrx_word' id='word_1_242' title='bbox 351 3348 384 3412; x_wconf 92' lang='lat' dir='ltr'><strong>in</strong></span> <span class='ocrx_word' id='word_1_243' title='bbox 400 3346 556 3412; x_wconf 81' lang='lat' dir='ltr'><strong>fructibus</strong></span> <span class='ocrx_word' id='word_1_244' title='bbox 568 3346 667 3411; x_wconf 84' lang='lat' dir='ltr'><strong>saneti</strong></span> <span class='ocrx_word' id='word_1_245' title='bbox 681 3346 815 3432; x_wconf 87' lang='lat' dir='ltr'><strong>Spiritus</strong></span> <span class='ocrx_word' id='word_1_246' title='bbox 829 3349 952 3438; x_wconf 85' lang='lat' dir='ltr'><strong>accipi,</strong></span> <span class='ocrx_word' id='word_1_247' title='bbox 966 3351 1018 3439; x_wconf 93' lang='lat' dir='ltr'><strong>qui</strong></span> <span class='ocrx_word' id='word_1_248' title='bbox 1029 3370 1104 3416; x_wconf 88' lang='lat' dir='ltr'><strong>nune</strong></span> <span class='ocrx_word' id='word_1_249' title='bbox 1115 3343 1212 3434; x_wconf 78' lang='lat' dir='ltr'><strong>primun</strong></span> 
     </span>
     <span class='ocr_line' id='line_1_31' title="bbox 235 3451 1213 3546; baseline -0.007 -23"><span class='ocrx_word' id='word_1_250' title='bbox 235 3457 420 3546; x_wconf 86' lang='lat' dir='ltr'><strong>aperiuntur</strong></span> <span class='ocrx_word' id='word_1_251' title='bbox 430 3503 437 3528; x_wconf 89' lang='lat'>,</span> <span class='ocrx_word' id='word_1_252' title='bbox 446 3465 478 3519; x_wconf 89' lang='lat' dir='ltr'><strong>et</strong></span> <span class='ocrx_word' id='word_1_253' title='bbox 491 3454 749 3522; x_wconf 81' lang='lat' dir='ltr'><strong>demonstrentur</strong></span> <span class='ocrx_word' id='word_1_254' title='bbox 761 3453 909 3522; x_wconf 83' lang='lat' dir='ltr'><strong>Ecclesiae</strong></span> <span class='ocrx_word' id='word_1_255' title='bbox 925 3481 933 3522; x_wconf 92' lang='lat'><strong>:</strong></span> <span class='ocrx_word' id='word_1_256' title='bbox 948 3457 997 3524; x_wconf 85' lang='lat' dir='ltr'><strong>vel</strong></span> <span class='ocrx_word' id='word_1_257' title='bbox 1011 3457 1095 3524; x_wconf 88' lang='lat' dir='ltr'><strong>etiam</strong></span> <span class='ocrx_word' id='word_1_258' title='bbox 1108 3455 1135 3517; x_wconf 94' lang='lat' dir='ltr'><strong>in</strong></span> <span class='ocrx_word' id='word_1_259' title='bbox 1144 3451 1213 3514; x_wconf 78' lang='lat' dir='ltr'><strong>lituu</strong></span> 
     </span>
     <span class='ocr_line' id='line_1_32' title="bbox 180 3555 1213 3656; baseline -0.006 -25"><span class='ocrx_word' id='word_1_260' title='bbox 180 3555 186 3563; x_wconf 44' lang='lat'>¹</span> <span class='ocrx_word' id='word_1_261' title='bbox 232 3567 323 3656; x_wconf 82' lang='lat' dir='ltr'><strong>Legis</strong></span> <span class='ocrx_word' id='word_1_262' title='bbox 335 3587 405 3652; x_wconf 85' lang='lat' dir='ltr'><strong>quae</strong></span> <span class='ocrx_word' id='word_1_263' title='bbox 417 3573 489 3627; x_wconf 86' lang='lat' dir='ltr'><strong>ante</strong></span> <span class='ocrx_word' id='word_1_264' title='bbox 506 3561 677 3629; x_wconf 83' lang='lat' dir='ltr'><strong>adventum</strong></span> <span class='ocrx_word' id='word_1_265' title='bbox 694 3561 811 3630; x_wconf 87' lang='lat' dir='ltr'><strong>Christi</strong></span> <span class='ocrx_word' id='word_1_266' title='bbox 827 3563 933 3632; x_wconf 80' lang='lat' dir='ltr'><strong>clause</strong></span> <span class='ocrx_word' id='word_1_267' title='bbox 949 3577 1015 3632; x_wconf 83' lang='lat' dir='ltr'><strong>erat</strong></span> <span class='ocrx_word' id='word_1_268' title='bbox 1029 3577 1058 3630; x_wconf 88' lang='lat' dir='ltr'><strong>et</strong></span> <span class='ocrx_word' id='word_1_269' title='bbox 1071 3560 1213 3630; x_wconf 73' lang='lat' dir='ltr'><strong>constricta.</strong></span> 
     </span>
     <span class='ocr_line' id='line_1_33' title="bbox 233 3663 1213 3762; baseline -0.008 -21"><span class='ocrx_word' id='word_1_270' title='bbox 233 3687 266 3741; x_wconf 91' lang='lat' dir='ltr'><strong>et</strong></span> <span class='ocrx_word' id='word_1_271' title='bbox 288 3671 474 3740; x_wconf 87' lang='lat' dir='ltr'><strong>indumento</strong></span> <span class='ocrx_word' id='word_1_272' title='bbox 499 3669 638 3757; x_wconf 87' lang='lat' dir='ltr'><strong>quodam</strong></span> <span class='ocrx_word' id='word_1_273' title='bbox 661 3669 872 3762; x_wconf 65' lang='lat' dir='ltr'><strong>intelligentia*</strong></span> <span class='ocrx_word' id='word_1_274' title='bbox 898 3671 1028 3740; x_wconf 87' lang='lat' dir='ltr'><strong>carnaiis</strong></span> <span class='ocrx_word' id='word_1_275' title='bbox 1052 3663 1213 3738; x_wconf 65' lang='lat' dir='ltr'><strong>cherub</strong></span> 
     </span>
    </p>
   </div>
   <div class='ocr_carea' id='block_1_3' title="bbox 269 3822 442 3883">
    <p class='ocr_par' dir='ltr' id='par_1_9' title="bbox 269 3822 442 3883">
     <span class='ocr_line' id='line_1_34' title="bbox 269 3822 442 3883; baseline -0.029 -8"><span class='ocrx_word' id='word_1_276' title='bbox 269 3822 278 3856; x_wconf 92' lang='lat'>¹</span> <span class='ocrx_word' id='word_1_277' title='bbox 289 3825 345 3875; x_wconf 72' lang='lat' dir='ltr'><strong>lani.</strong></span> <span class='ocrx_word' id='word_1_278' title='bbox 355 3837 404 3883; x_wconf 78' lang='lat' dir='ltr'><strong>mr,</strong></span> <span class='ocrx_word' id='word_1_279' title='bbox 418 3822 442 3870; x_wconf 82' lang='grc'><strong>6.</strong></span> 
     </span>
    </p>
   </div>
   <div class='ocr_carea' id='block_1_4' title="bbox 0 0 1331 4612">
    <p class='ocr_par' dir='ltr' id='par_1_10' title="bbox 0 0 1331 4612">
     <span class='ocr_line' id='line_1_35' title="bbox 0 0 1331 4612; baseline 0 0"><span class='ocrx_word' id='word_1_280' title='bbox 0 0 1331 4612; x_wconf 95' lang='lat' dir='ltr'><strong> </strong></span> 
     </span>
    </p>
   </div>
  </div>
 </body>
</html>
